<mjloggm ver="2.3"><GO type="169" lobby="0"/><UN n0="%E7%B4%94%E5%AD%90" n1="%E5%A4%AA%E3%81%8F%E3%81%AA%E3%81%84%E3%81%8A" n2="%E7%A2%BA%E8%AA%8D%E4%BA%8B%E9%A0%85" n3="%E3%81%BE%E3%83%BC%E3%81%95%EF%BC%A0%EF%BC%92%EF%BC%91" dan="16,19,16,16" rate="2067.45,2279.54,2144.56,2104.19" sx="F,F,M,M"/><TAIKYOKU oya="0"/>

<Scene>
<INIT seed="0,0,0,5,0,3" ten="250,250,250,250" oya="0" hai0="41,56,93,113,125,85,37,44,5,71,84,54,1" hai1="74,28,10,87,80,7,106,103,39,47,112,128,43" hai2="119,78,49,123,114,82,27,6,107,16,77,124,42" hai3="63,33,32,133,94,45,23,58,70,83,81,8,91"/><T97/><D113/><U129/><E112/><V126/><F114/><W50/><G70/><T60/><D125/><N who="2" m="48234" /><F123/><W64/><G133/><T38/><D38/><U117/><E117/><V14/><F107/><W55/><G32/><T105/><D105/><U25/><E103/><V34/><F119/><W121/><G33/><T89/><REACH who="0" step="1"/><D71/><REACH who="0" ten="240,250,250,250" step="2"/><U0/><E106/><V101/><F34/><W95/><G121/><T35/><D35/><U61/><E129/><V100/><F100/><W59/><G95/><T4/><D4/><U40/><E7/><V24/><F6/><W52/><G23/><T29/><D29/><U102/><E28/><V31/><F101/><W48/><REACH who="3" step="1"/><G8/><AGARI ba="0,1" hai="1,5,8,37,41,44,54,56,60,84,85,89,93,97" machi="8" ten="40,3900,0" yaku="1,1,52,1,53,0" doraHai="3" doraHaiUra="30" who="0" fromWho="3" sc="240,49,250,0,250,0,250,-39" />
</Scene>
<Scene>
<INIT seed="0,1,0,5,4,87" ten="289,250,250,211" oya="0" hai0="106,128,114,77,67,9,56,19,75,82,37,116,40" hai1="134,78,124,58,2,100,42,53,68,47,4,72,135" hai2="61,10,105,59,132,45,69,63,133,96,26,50,95" hai3="107,103,111,129,34,46,85,83,109,18,38,117,14"/><T31/><D116/><U51/><E100/><V11/><F105/><W62/><G34/><T60/><D114/><U49/><E4/><V81/><F81/><W98/><G117/><T22/><D106/><U66/><E2/><V97/><F69/><W23/><G129/><T79/><D31/><U86/><E72/><V1/><F26/><W43/><REACH who="3" step="1"/><G62/><REACH who="3" ten="289,250,250,201" step="2"/><T94/><D128/><U33/><E33/><V0/><F63/><W35/><G35/><T113/><D113/><U39/><E134/><V123/><F61/><W16/><G16/><T93/><D19/><U108/><E135/><V76/><F133/><W84/><G84/><T6/><D75/><U104/><E86/><V20/><F132/><W80/><G80/><T7/><D82/><U48/><E124/><V41/><F123/><W8/><G8/><T130/><D9/><U89/><E108/><V102/><F10/><W99/><G99/><T65/><D60/><U127/><E127/><V115/><F11/><W12/><G12/><T126/><D130/><U119/><E119/><V36/><F115/><W112/><G112/><T28/><D126/><U118/><E118/><V122/><F122/><W25/><G25/><T121/><D121/><U125/><E125/><V17/><F97/><W27/><G27/><T64/><D64/><U54/><E66/><V70/><F96/><W15/><G15/><T73/><D73/><U29/><E29/><V21/><F17/><W74/><G74/><T30/><D22/><U52/><E68/><V32/><F70/><W71/><G71/><T88/><D67/><U13/><E13/><RYUUKYOKU ba="1,1" sc="289,-10,250,-10,250,-10,201,30" hai3="14,18,23,38,43,46,83,85,98,103,107,109,111" />
</Scene>
<Scene>
<INIT seed="1,2,1,0,5,56" ten="279,240,240,231" oya="1" hai0="63,74,60,89,55,3,93,109,107,115,51,41,123" hai1="44,57,72,2,77,85,5,27,105,46,124,135,110" hai2="20,6,99,47,81,62,66,128,24,71,34,113,78" hai3="70,69,9,43,13,84,68,4,67,112,104,95,80"/><U21/><E105/><V82/><F128/><W131/><G104/><T40/><D115/><U33/><E72/><V103/><F113/><W42/><G112/><T114/><D107/><U126/><E33/><V14/><F47/><W111/><G131/><T22/><D3/><U23/><E135/><V90/><F90/><W59/><G111/><T8/><D8/><N who="1" m="2103" /><E110/><V125/><F125/><N who="1" m="48233" /><E57/><V117/><F117/><W1/><G95/><T122/><D74/><U16/><E23/><V98/><F34/><W92/><G92/><T118/><D118/><U94/><E94/><V38/><F82/><AGARI ba="2,1" hai="16,21,27,44,46,77,82,85" m="48233,2103" machi="82" ten="30,2900,0" yaku="18,1,54,1" doraHai="56" who="1" fromWho="2" sc="279,0,240,45,240,-35,231,0" />
</Scene>
<Scene>
<INIT seed="1,3,0,2,5,58" ten="279,285,205,231" oya="1" hai0="46,117,25,85,12,101,57,8,70,2,115,75,73" hai1="1,19,62,15,50,76,78,83,129,45,84,103,66" hai2="130,79,63,100,23,27,40,4,72,18,65,128,49" hai3="13,132,55,0,127,98,80,64,71,89,116,54,31"/><U59/><E129/><N who="2" m="49771" /><F100/><W17/><G0/><T96/><D115/><U111/><E111/><V134/><F134/><W48/><G31/><T6/><D70/><U21/><E1/><V131/><F4/><W24/><G24/><T38/><D117/><U53/><REACH who="1" step="1"/><E103/><REACH who="1" ten="279,275,205,231" step="2"/><V104/><F131/><W133/><G133/><T92/><D2/><U88/><AGARI ba="3,1" hai="15,19,21,45,50,53,59,62,66,76,78,83,84,88" machi="88" ten="20,24000,3" yaku="1,1,2,1,0,1,7,1,8,1,52,1,54,1,53,2" doraHai="58" doraHaiUra="74" who="1" fromWho="1" sc="279,-83,275,259,205,-83,231,-83" />
</Scene>
<Scene>
<INIT seed="1,4,0,4,2,130" ten="196,534,122,148" oya="1" hai0="28,29,59,20,42,123,74,87,75,46,16,38,17" hai1="24,122,70,25,120,14,58,108,73,97,49,88,60" hai2="118,109,37,103,9,85,2,131,27,10,64,116,78" hai3="132,76,8,56,41,134,101,104,32,34,115,79,92"/><U96/><E73/><V51/><F37/><W126/><G115/><T129/><D17/><U127/><E70/><V117/><F131/><W114/><G114/><T90/><D75/><U86/><E127/><V106/><F64/><W53/><G104/><T1/><D1/><U5/><E49/><V111/><F51/><W0/><G41/><T125/><D74/><U48/><E48/><V128/><F128/><W119/><G126/><T89/><D89/><U36/><E36/><V81/><F27/><N who="1" m="10313" /><E122/><V40/><F40/><W67/><G67/><T83/><D129/><U44/><E44/><V72/><F2/><W121/><G121/><T105/><D105/><U35/><E35/><V93/><F10/><W13/><G0/><T124/><D123/><U19/><E5/><V45/><F9/><W102/><G119/><T84/><D84/><U77/><E77/><N who="3" m="29770" /><G32/><T66/><D125/><U112/><E108/><N who="2" m="41547" /><F45/><W54/><G34/><T91/><D91/><U50/><E50/><V57/><F57/><W18/><G56/><T30/><D124/><U80/><E112/><V95/><F72/><W100/><G92/><T3/><D3/><U110/><E120/><V65/><F65/><W21/><G8/><T52/><D66/><N who="1" m="39191" /><E110/><V113/><F113/><W6/><G6/><T133/><D59/><U82/><E82/><V107/><F107/><W98/><G54/><T31/><D52/><U26/><E26/><V71/><F71/><W99/><G53/><T33/><D33/><U43/><E43/><V11/><F11/><AGARI ba="4,0" hai="11,14,19,80,86,88,96,97" m="39191,10313" machi="11" ten="30,2900,0" yaku="8,1,54,1" doraHai="130" who="1" fromWho="2" sc="196,0,534,41,122,-41,148,0" />
</Scene>
<Scene>
<INIT seed="1,5,0,4,5,52" ten="196,575,81,148" oya="1" hai0="133,31,50,135,48,127,1,98,108,18,79,125,58" hai1="123,42,76,17,116,110,11,6,126,120,2,27,37" hai2="89,70,34,74,64,26,83,49,36,72,106,7,88" hai3="104,63,102,121,95,3,33,71,13,109,14,91,77"/><U22/><E116/><V94/><F36/><W85/><G3/><T21/><D108/><U43/><E43/><V78/><F106/><W124/><G121/><T96/><D1/><U46/><E126/><N who="0" m="48137" /><D79/><U24/><E110/><V112/><F112/><W10/><G109/><T68/><D31/><U56/><E27/><V38/><F38/><W82/><G33/><T92/><D68/><U75/><REACH who="1" step="1"/><E56/><REACH who="1" ten="196,565,81,148" step="2"/><V5/><F26/><W105/><G124/><T80/><D58/><U114/><E114/><V99/><F70/><W115/><G115/><T19/><D133/><U67/><E67/><V86/><F64/><W55/><G71/><T103/><D135/><U113/><E113/><V29/><F34/><W111/><G111/><T54/><D54/><U16/><E16/><V100/><F29/><W53/><G53/><T35/><D19/><U128/><E128/><V119/><F119/><W84/><G55/><T20/><D35/><U4/><E4/><V132/><F132/><W51/><G63/><T25/><D18/><U59/><E59/><V23/><F7/><W9/><G51/><T41/><D25/><U69/><E69/><V12/><F49/><W39/><G39/><T134/><D50/><U28/><E28/><V47/><F5/><W90/><G13/><T87/><D41/><U57/><E57/><V15/><F15/><W32/><G14/><T131/><D48/><U44/><E44/><V0/><F47/><W81/><G32/><T101/><D134/><U45/><E45/><V122/><F0/><W61/><G61/><T97/><D131/><U130/><E130/><RYUUKYOKU ba="5,1" sc="196,-10,565,30,81,-10,148,-10" hai1="2,6,11,17,22,24,37,42,46,75,76,120,123" />
</Scene>
<Scene>
<INIT seed="1,6,1,5,4,121" ten="186,595,71,138" oya="1" hai0="65,7,55,2,23,91,128,34,45,10,71,33,96" hai1="39,6,57,51,72,67,117,36,35,28,15,43,103" hai2="80,105,16,4,111,131,76,133,48,12,22,31,132" hai3="63,87,54,107,92,18,32,74,62,69,47,8,112"/><U19/><E72/><V123/><F123/><W73/><G107/><T42/><D55/><U115/><E115/><V100/><F131/><W27/><G112/><T118/><D23/><U84/><E117/><V88/><F111/><W38/><G32/><T0/><D91/><U99/><E6/><V102/><F4/><W21/><G8/><T40/><D40/><U82/><E35/><V95/><F31/><W129/><G129/><T127/><D128/><U120/><E28/><V20/><F20/><W64/><G38/><T83/><D127/><U30/><E30/><V24/><F24/><W86/><G86/><T114/><D0/><U60/><E120/><V53/><F80/><W52/><G54/><T77/><D96/><U90/><E51/><V126/><F76/><W50/><REACH who="3" step="1"/><G63/><REACH who="3" ten="186,595,71,128" step="2"/><T59/><D114/><U49/><E36/><V29/><F105/><W122/><G122/><T81/><D34/><U93/><E39/><V119/><F126/><W68/><G68/><T41/><D71/><U46/><E60/><V1/><F119/><W13/><G13/><T125/><D33/><U134/><E15/><V37/><F37/><W94/><G94/><T79/><D125/><U14/><E93/><V85/><F1/><W89/><AGARI ba="6,2" hai="18,21,27,47,50,52,62,64,69,73,74,87,89,92" machi="89" ten="30,4000,0" yaku="1,1,0,1,54,1,53,0" doraHai="121" doraHaiUra="101" who="3" fromWho="3" sc="186,-16,595,-26,71,-16,128,78" />
</Scene>
<Scene>
<INIT seed="2,0,0,0,4,108" ten="170,569,55,206" oya="2" hai0="45,128,87,76,110,44,5,22,47,30,113,2,90" hai1="62,26,93,104,111,40,49,32,118,37,72,75,135" hai2="4,132,56,96,58,106,101,83,112,99,24,78,42" hai3="79,122,54,105,14,36,18,85,55,71,130,39,10"/><V102/><F132/><W107/><G71/><T98/><D110/><U88/><E104/><V67/><F42/><W20/><G122/><T19/><D30/><U81/><E37/><V6/><F112/><W94/><G130/><T133/><D76/><U13/><E118/><V77/><F24/><W114/><G105/><T69/><D69/><U21/><BYE who="0" /><E32/><V11/><F67/><W38/><G107/><T50/><D50/><U66/><E13/><V124/><F124/><W80/><G114/><T33/><D33/><U73/><E135/><V125/><F125/><W31/><G94/><T34/><D34/><U0/><E0/><V91/><F106/><W48/><G31/><T64/><D64/><U60/><E81/><V97/><F83/><W92/><G92/><T116/><D116/><U16/><E111/><V35/><F35/><W7/><REACH who="3" step="1"/><G48/><REACH who="3" ten="170,569,55,196" step="2"/><T12/><D12/><AGARI ba="0,1" hai="7,10,12,14,18,20,36,38,39,54,55,79,80,85" machi="12" ten="40,2600,0" yaku="1,1,2,1,53,0" doraHai="108" doraHaiUra="103" who="3" fromWho="0" sc="170,-26,569,0,55,0,196,36" /><UN n0="%E7%B4%94%E5%AD%90" />
</Scene>
<Scene>
<INIT seed="3,0,0,2,0,74" ten="144,569,55,232" oya="3" hai0="55,26,23,102,93,60,57,58,47,126,16,61,79" hai1="62,88,77,119,84,9,78,92,81,41,73,127,97" hai2="48,17,130,131,110,128,42,134,1,43,68,4,49" hai3="125,86,11,121,90,13,63,96,0,46,18,15,98"/><W132/><G121/><T94/><D126/><U70/><E127/><V69/><F17/><W113/><G113/><T135/><D135/><U111/><E111/><V108/><F4/><W100/><G132/><T67/><D102/><U99/><E119/><V50/><F1/><W87/><G0/><T38/><D38/><U53/><E41/><N who="2" m="15371" /><F134/><W51/><G125/><T29/><D47/><U32/><E32/><V116/><F116/><W107/><G63/><T123/><D123/><U14/><E70/><AGARI ba="0,0" hai="48,49,50,68,69,70,108,110,128,130,131" m="15371" machi="70" ten="40,8000,1" yaku="28,2,19,1,34,2" doraHai="74" who="2" fromWho="1" sc="144,0,569,-80,55,80,232,0" />
</Scene>
<Scene>
<INIT seed="4,0,0,0,2,57" ten="144,489,135,232" oya="0" hai0="49,2,126,130,13,39,122,119,21,32,83,36,75" hai1="94,118,20,97,34,65,132,28,0,15,47,44,108" hai2="11,116,92,91,66,63,29,98,96,14,48,128,70" hai3="18,42,27,73,131,25,127,69,46,106,16,30,71"/><T87/><D2/><U117/><E0/><V81/><F128/><W38/><G73/><T53/><D119/><U113/><E108/><V62/><F116/><W1/><G106/><T80/><D32/><U52/><E34/><V43/><F29/><W8/><G131/><T40/><D122/><U33/><E33/><V110/><F110/><W41/><G127/><T45/><D130/><U6/><E65/><V37/><F37/><W123/><G123/><T10/><D75/><U112/><E132/><V55/><F43/><W60/><G1/><T120/><D120/><U107/><E107/><V88/><F70/><W72/><G72/><T90/><D126/><U93/><E6/><N who="2" m="3447" /><F66/><W78/><G78/><T26/><D80/><U109/><E94/><N who="2" m="56391" /><F81/><W99/><G30/><T3/><D3/><U82/><E82/><V12/><F12/><W77/><G38/><T133/><D133/><U86/><E28/><V105/><F105/><W76/><G71/><T103/><D103/><U101/><E101/><V114/><F114/><W85/><G69/><T124/><D40/><U121/><E109/><V17/><F17/><W129/><G42/><T4/><D124/><U23/><E121/><V100/><F100/><W95/><G41/><T68/><D68/><U74/><E118/><V56/><AGARI ba="0,0" hai="48,55,56,62,63,91,92,98" m="56391,3447" machi="56" ten="30,7900,0" yaku="8,1,52,2,54,1" doraHai="57" who="2" fromWho="2" sc="144,-39,489,-20,135,79,232,-20" />
</Scene>
<Scene>
<INIT seed="5,0,0,0,4,80" ten="105,469,214,212" oya="1" hai0="111,87,110,122,45,68,127,58,107,27,78,86,40" hai1="54,46,105,108,109,75,104,125,115,81,10,93,89" hai2="8,90,57,24,103,41,56,48,23,49,99,85,43" hai3="112,53,79,124,126,38,13,14,9,98,62,134,32"/><U94/><E10/><V50/><F8/><W20/><G32/><T21/><D68/><U71/><E71/><V66/><F43/><W12/><G38/><T1/><D107/><N who="1" m="41035" /><E54/><V116/><F116/><W95/><G79/><T36/><D1/><U5/><E46/><V129/><F129/><W128/><G134/><T26/><D26/><U55/><E55/><V106/><F41/><W100/><G112/><T88/><D127/><N who="3" m="48681" /><G128/><T7/><D7/><U65/><E65/><V83/><REACH who="2" step="1"/><F66/><REACH who="2" ten="105,469,204,212" step="2"/><W37/><G9/><T0/><D0/><U64/><E64/><V15/><F15/><W96/><G37/><T70/><D70/><U132/><E125/><V29/><AGARI ba="0,1" hai="23,24,29,48,49,50,56,57,83,85,90,99,103,106" machi="29" ten="30,4000,0" yaku="1,1,0,1,52,1,53,0" doraHai="80" doraHaiUra="73" who="2" fromWho="2" sc="105,-10,469,-20,204,50,212,-10" />
</Scene>
<Scene>
<INIT seed="6,0,0,3,5,40" ten="95,449,254,202" oya="2" hai0="55,30,62,94,117,99,111,129,79,34,92,4,44" hai1="58,73,71,41,46,47,51,76,24,18,16,104,3" hai2="128,70,75,33,37,19,91,88,49,48,97,113,89" hai3="110,87,74,120,53,25,125,0,66,106,107,123,29"/><V131/><F37/><W109/><G53/><T78/><D111/><U126/><E71/><V86/><F75/><W35/><G87/><T119/><D4/><U83/><E104/><N who="3" m="39978" /><G123/><T105/><D94/><U23/><E3/><V132/><F86/><W90/><G90/><T127/><D127/><U93/><E126/><V114/><F91/><W101/><G101/><T134/><D134/><U6/><E6/><V17/><F132/><W82/><G125/><T26/><D129/><U12/><E93/><V32/><REACH who="2" step="1"/><F70/><REACH who="2" ten="95,449,244,202" step="2"/><W42/><G74/><T122/><D122/><U64/><E73/><V60/><F60/><W56/><G120/><T39/><D62/><U21/><E76/><V54/><F54/><W27/><G110/><T95/><D55/><U7/><E41/><V121/><F121/><W115/><G42/><T116/><D79/><U52/><E52/><V72/><F72/><W81/><G109/><T112/><D78/><U45/><E51/><V43/><F43/><W13/><G56/><T38/><D38/><U67/><E58/><V133/><F133/><W85/><G85/><T5/><D39/><U65/><E65/><V103/><F103/><W36/><G66/><T31/><D116/><U135/><E135/><V9/><F9/><W96/><G36/><T50/><D119/><U8/><E83/><V124/><F124/><W80/><G80/><T130/><D50/><U2/><AGARI ba="0,1" hai="2,7,8,12,16,18,21,23,24,45,46,47,64,67" machi="2" ten="30,8000,1" yaku="0,1,52,3,54,1" doraHai="40" who="1" fromWho="1" sc="95,-20,449,90,244,-40,202,-20" />
</Scene>
<Scene>
<INIT seed="7,0,0,0,4,71" ten="75,539,204,182" oya="3" hai0="120,64,40,19,72,0,3,37,87,69,90,60,108" hai1="4,6,119,8,75,110,106,129,1,131,117,14,54" hai2="89,132,134,22,27,39,65,102,114,28,46,112,44" hai3="101,15,12,73,100,77,24,116,126,91,9,33,16"/><W45/><G116/><N who="1" m="44618" /><E110/><V48/><F102/><W18/><G126/><T5/><D108/><U59/><E106/><V42/><F89/><W79/><G91/><T95/><D120/><U13/><E75/><V123/><F65/><W41/><G24/><T96/><D72/><U124/><E124/><V43/><F123/><W127/><G33/><T21/><D5/><U115/><E115/><AGARI ba="0,0" hai="22,27,28,39,42,43,44,46,48,112,114,115,132,134" machi="115" ten="40,2600,0" yaku="15,1,52,1" doraHai="71" who="2" fromWho="1" sc="75,0,539,-26,204,26,182,0" owari="75,-42.0,513,61.0,230,3.0,182,-22.0" />
</Scene>
</mjloggm>