<mjloggm ver="2.3"><GO type="169" lobby="0"/><UN n0="%E3%83%8A%E3%82%AB%E3%83%9E%E3%82%B9%E3%83%86%E3%82%A3%E3%83%95" n1="%E3%83%8D%E3%83%BC%E3%83%A0%E3%83%AC%E3%82%B9%EF%BC%97" n2="%79%75%6D%69%6B%69%6B%61" n3="%E5%A4%AA%E3%81%8F%E3%81%AA%E3%81%84%E3%81%8A" dan="16,17,17,19" rate="2115.03,2208.36,2139.23,2293.56" sx="M,M,M,F"/><TAIKYOKU oya="0"/>

<Scene>
<INIT seed="0,0,0,5,3,41" ten="250,250,250,250" oya="0" hai0="4,18,17,95,107,88,100,113,76,125,40,124,2" hai1="65,54,79,1,93,83,116,121,84,89,3,10,28" hai2="66,69,19,135,126,22,133,74,6,21,86,36,26" hai3="35,25,101,45,111,105,30,91,44,27,63,12,127"/><T132/><D113/><U108/><E116/><V42/><F74/><W103/><G111/><T31/><D76/><U32/><E121/><V75/><F75/><W72/><G72/><T0/><D31/><U56/><E65/><V128/><F6/><W62/><G127/><N who="0" m="48715" /><D132/><N who="2" m="50762" /><F128/><W34/><G12/><T57/><D57/><U77/><E108/><V87/><F126/><W46/><G91/><T82/><D82/><U122/><E122/><V23/><F23/><W115/><G115/><T106/><D40/><U20/><E32/><N who="3" m="12330" /><G105/><N who="0" m="39947" /><D100/><N who="3" m="38473" /><G30/><T81/><D81/><U94/><E83/><V90/><F90/><W104/><G104/><T11/><D2/><U58/><E3/><V118/><F118/><W14/><G14/><T134/><D134/><U13/><E1/><V117/><F117/><W49/><G49/><T114/><D114/><U130/><E13/><V110/><F22/><W8/><G8/><T129/><D129/><U39/><E10/><V112/><F110/><W16/><G16/><T92/><D92/><U51/><E93/><V55/><F19/><W123/><G123/><T64/><D64/><U37/><E94/><V99/><F66/><W85/><G85/><AGARI ba="0,0" hai="0,4,11,17,18,85,88,95" m="39947,48715" machi="85" ten="30,2900,0" yaku="18,1,54,1" doraHai="41" who="0" fromWho="3" sc="250,29,250,0,250,0,250,-29" />
</Scene>
<Scene>
<INIT seed="0,1,0,4,4,108" ten="279,250,250,221" oya="0" hai0="87,130,127,111,88,69,113,20,93,63,116,17,95" hai1="22,109,54,78,70,89,98,79,40,43,80,110,59" hai2="74,39,28,45,114,32,94,119,4,51,7,66,13" hai3="91,121,83,122,92,47,46,2,75,55,6,53,134"/><T102/><D116/><U18/><E70/><V56/><F119/><W72/><G6/><T67/><D113/><U124/><E124/><V19/><F114/><W117/><G2/><T81/><D127/><U99/><E109/><V57/><F74/><N who="3" m="28203" /><G83/><T1/><D1/><U96/><E89/><V104/><F104/><W49/><G117/><T132/><D111/><U125/><E125/><V21/><F39/><W10/><G10/><T48/><D130/><U33/><E33/><V68/><F68/><W65/><G65/><T27/><D132/><U123/><E123/><N who="3" m="47114" /><G134/><T76/><D102/><U82/><E110/><V129/><F129/><W131/><G131/><T0/><D0/><U52/><E80/><V23/><F32/><W105/><G105/><T133/><D133/><U3/><E3/><V61/><F94/><W30/><G30/><T97/><D93/><U36/><E82/><V12/><F56/><N who="3" m="32815" /><G55/><N who="1" m="21034" /><E59/><V38/><F38/><W35/><G35/><T14/><REACH who="0" step="1"/><D48/><REACH who="0" ten="269,250,250,221" step="2"/><U42/><E36/><V135/><F51/><W106/><G106/><T50/><D50/><U126/><E126/><V107/><F107/><W25/><G92/><T26/><AGARI ba="1,1" hai="14,17,20,26,27,63,67,69,76,81,87,88,95,97" machi="26" ten="30,11700,0" yaku="1,1,0,1,54,1,53,1" doraHai="108" doraHaiUra="86" who="0" fromWho="0" sc="269,130,250,-40,250,-40,221,-40" />
</Scene>
<Scene>
<INIT seed="0,2,0,2,2,114" ten="399,210,210,181" oya="0" hai0="78,131,91,36,96,44,110,108,87,54,28,25,93" hai1="84,102,69,132,52,121,100,12,133,2,129,116,58" hai2="105,45,16,49,94,90,4,53,98,128,50,124,41" hai3="47,13,115,46,134,8,122,55,74,9,120,3,125"/><T130/><D36/><U20/><E2/><V76/><F128/><N who="0" m="49194" /><D44/><U66/><E129/><V99/><F124/><W18/><G115/><T104/><D54/><U43/><E121/><N who="3" m="46698" /><G74/><T17/><D17/><N who="1" m="10279" /><E43/><V26/><F76/><W126/><G134/><N who="1" m="51818" /><E116/><V95/><F105/><W127/><G55/><T22/><D78/><U118/><E118/><V40/><F4/><AGARI ba="2,0" hai="3,4,8,9,13,18,46,47,125,126,127" m="46698" machi="4" ten="40,2600,0" yaku="18,1,13,1" doraHai="114" who="3" fromWho="2" sc="399,0,210,0,210,-32,181,32" />
</Scene>
<Scene>
<INIT seed="1,0,0,1,4,25" ten="399,210,178,213" oya="1" hai0="8,24,121,124,28,110,22,61,44,41,70,11,134" hai1="116,107,103,53,111,17,55,64,113,120,126,34,54" hai2="74,0,33,9,21,67,13,76,127,63,59,29,96" hai3="85,118,135,73,3,87,20,5,80,114,88,62,98"/><U90/><E113/><V97/><F127/><W2/><G114/><T119/><D119/><U7/><E116/><V91/><F91/><W31/><G118/><T106/><D106/><U108/><E120/><V50/><F50/><W123/><G123/><T115/><D115/><U48/><E126/><V65/><F65/><W36/><G36/><T49/><D124/><U14/><E7/><N who="2" m="1255" /><F76/><W94/><G135/><T104/><D104/><U6/><E6/><V23/><F23/><W102/><G73/><T37/><D121/><U56/><E34/><V131/><F74/><W68/><G5/><T46/><D110/><N who="1" m="42027" /><E90/><V45/><F45/><W86/><G2/><T42/><D134/><U128/><E128/><V81/><F81/><W12/><G3/><T122/><D122/><U83/><E83/><V10/><F10/><W4/><G4/><T75/><D75/><U93/><E107/><V51/><F51/><W109/><G109/><T82/><D82/><U60/><E103/><V39/><F39/><W58/><G68/><T84/><D84/><U47/><E93/><V69/><F69/><W40/><G40/><T72/><D72/><U112/><E112/><V132/><F132/><W52/><G12/><T100/><D100/><U77/><E77/><V130/><F130/><W133/><G133/><T105/><D105/><U1/><E1/><V15/><F131/><W27/><AGARI ba="0,0" hai="20,27,31,52,58,62,80,85,86,87,88,94,98,102" machi="27" ten="30,8000,1" yaku="0,1,8,1,52,1,54,2" doraHai="25" who="3" fromWho="3" sc="399,-20,210,-40,178,-20,213,80" />
</Scene>
<Scene>
<INIT seed="2,0,0,3,2,51" ten="379,170,158,293" oya="2" hai0="67,11,66,42,114,9,128,82,34,39,56,98,58" hai1="5,119,17,116,120,18,111,105,35,32,10,100,22" hai2="0,80,8,99,87,76,38,30,19,90,24,117,84" hai3="14,96,109,135,2,86,108,92,54,94,124,1,16"/><V48/><F117/><N who="1" m="45129" /><E100/><V113/><F113/><W37/><G37/><T25/><D114/><U70/><E105/><V81/><F38/><W125/><G86/><T126/><D126/><N who="3" m="48745" /><G135/><T91/><D42/><U110/><E70/><V118/><F118/><W60/><G60/><T77/><D39/><U129/><E129/><V106/><F19/><N who="1" m="7177" /><E22/><V89/><F76/><W46/><G94/><T53/><D128/><U131/><E131/><V27/><F30/><W85/><G85/><T23/><D98/><U52/><E52/><V133/><F133/><W40/><G40/><T122/><D91/><U13/><E120/><V79/><F48/><N who="3" m="28951" /><G1/><T103/><D122/><U6/><E6/><V21/><F21/><N who="3" m="11415" /><G2/><T127/><D127/><U107/><E107/><V63/><F63/><W44/><G44/><T75/><D77/><U43/><E43/><V26/><F79/><W64/><G64/><T102/><D66/><U47/><E47/><V97/><REACH who="2" step="1"/><F106/><REACH who="2" ten="379,170,148,293" step="2"/><W71/><G71/><T104/><D104/><U83/><E83/><V36/><F36/><W101/><AGARI ba="0,1" hai="92,96,101,108,109" m="11415,28951,48745" machi="101" ten="30,4000,0" yaku="18,1,52,1,54,1" doraHai="51" who="3" fromWho="3" sc="379,-10,170,-10,148,-20,293,50" />
</Scene>
<Scene>
<INIT seed="3,0,0,5,1,6" ten="369,160,128,343" oya="3" hai0="43,83,39,29,45,119,101,35,108,60,11,48,98" hai1="116,9,81,46,26,22,96,73,67,97,28,124,10" hai2="51,92,133,1,52,95,32,47,94,23,58,27,24" hai3="117,131,99,57,135,76,105,68,88,102,111,65,110"/><W25/><G117/><T19/><D108/><N who="3" m="41513" /><G135/><T55/><D119/><U85/><E116/><V62/><F133/><W12/><G131/><T77/><D29/><U122/><E73/><V70/><F70/><W33/><G76/><T36/><D35/><U93/><E122/><V31/><F1/><W134/><G134/><T100/><D100/><U123/><E123/><V118/><F118/><W87/><G57/><T107/><D60/><U15/><E124/><V49/><REACH who="2" step="1"/><F47/><REACH who="2" ten="369,160,118,343" step="2"/><W121/><G121/><T129/><D129/><U18/><E46/><V30/><AGARI ba="0,1" hai="23,24,27,30,31,32,49,51,52,58,62,92,94,95" machi="30" ten="30,7900,0" yaku="1,1,2,1,0,1,54,1,53,0" doraHai="6" doraHaiUra="103" who="2" fromWho="2" sc="369,-20,160,-20,118,89,343,-39" />
</Scene>
<Scene>
<INIT seed="4,0,0,0,4,7" ten="349,140,207,304" oya="0" hai0="31,77,19,18,123,74,128,64,96,41,50,119,111" hai1="117,126,12,106,16,72,39,43,107,114,13,108,94" hai2="8,82,131,3,91,88,47,79,1,17,53,71,2" hai3="10,84,45,102,105,22,80,104,90,118,70,101,97"/><T68/><D119/><U29/><E108/><V83/><F71/><W32/><G32/><T73/><D123/><U66/><E117/><V65/><F65/><W100/><G118/><T122/><D122/><U46/><E72/><V38/><F131/><W127/><G70/><T132/><D31/><U129/><E129/><V5/><F17/><W0/><G127/><T23/><D96/><U59/><E126/><V112/><F112/><W28/><G45/><T48/><D41/><U98/><E114/><V67/><F67/><W81/><G81/><T27/><D111/><U37/><E37/><V60/><F83/><W133/><G133/><T89/><D89/><N who="2" m="34378" /><F53/><W58/><G104/><T20/><D132/><U113/><E29/><V61/><F60/><W134/><G134/><T6/><D6/><U76/><E76/><V110/><F61/><W15/><G0/><T25/><D128/><U63/><E113/><V4/><F4/><N who="3" m="3527" /><G105/><T54/><D73/><U55/><E12/><V24/><F24/><N who="3" m="16407" /><G97/><T135/><D74/><U116/><E116/><V130/><F130/><W92/><G80/><T62/><D135/><U69/><E98/><V14/><F14/><W75/><G75/><T124/><D124/><U40/><E40/><V34/><F34/><W9/><G58/><T51/><REACH who="0" step="1"/><D77/><REACH who="0" ten="339,140,207,304" step="2"/><U42/><E42/><N who="2" m="22999" /><F110/><W78/><G78/><T121/><D121/><U26/><E43/><V30/><F30/><W33/><G33/><T115/><D115/><U109/><E109/><V57/><F79/><W52/><G90/><T36/><D36/><U49/><E39/><V35/><F82/><RYUUKYOKU ba="0,1" sc="339,30,140,-10,207,-10,304,-10" hai0="18,19,20,23,25,27,48,50,51,54,62,64,68" />
</Scene>
<Scene>
<INIT seed="4,1,1,3,0,32" ten="369,130,197,294" oya="0" hai0="29,97,113,130,114,123,2,9,86,94,13,122,6" hai1="81,117,124,128,61,96,34,5,69,90,78,101,14" hai2="116,15,30,18,68,83,33,98,63,92,60,1,42" hai3="103,39,80,21,93,46,126,111,112,105,132,134,76"/><T19/><D86/><U131/><E117/><V119/><F68/><W56/><G111/><T120/><D29/><U67/><E124/><V43/><F83/><W70/><G70/><T100/><REACH who="0" step="1"/><D130/><REACH who="0" ten="359,130,197,294" step="2"/><U121/><E131/><V49/><F30/><W71/><G126/><T36/><D36/><U57/><E128/><V28/><F28/><W50/><G39/><T77/><D77/><U127/><E78/><V51/><F33/><W10/><G76/><T41/><D41/><U11/><E34/><V4/><F43/><W72/><G134/><T31/><D31/><U118/><E127/><V17/><F42/><W22/><G132/><T8/><AGARI ba="1,2" hai="2,6,8,9,13,19,94,97,100,113,114,120,122,123" machi="8" ten="40,7800,0" yaku="1,1,0,1,52,1,53,0" doraHai="32" doraHaiUra="85" who="0" fromWho="0" sc="359,101,130,-27,197,-27,294,-27" />
</Scene>
<Scene>
<INIT seed="4,2,0,2,1,6" ten="460,103,170,267" oya="0" hai0="12,91,4,77,24,47,57,53,70,68,98,10,97" hai1="113,20,78,39,81,73,135,89,76,17,92,69,51" hai2="71,62,32,7,87,121,96,36,9,5,43,85,75" hai3="30,119,67,124,23,35,114,109,133,126,128,116,22"/><T31/><D77/><U104/><E39/><V56/><F121/><W41/><G67/><T130/><D130/><U118/><E118/><N who="3" m="45098" /><G41/><T132/><D132/><U16/><E69/><V48/><F32/><W0/><G109/><T105/><D47/><U107/><E135/><V44/><F75/><W131/><G133/><T122/><D122/><U123/><E123/><V94/><F5/><W11/><G35/><T61/><D97/><U72/><E113/><V52/><F71/><W79/><G79/><T15/><D15/><U46/><E76/><V63/><F63/><W37/><G37/><T103/><REACH who="0" step="1"/><D91/><REACH who="0" ten="450,103,170,267" step="2"/><U50/><E73/><V38/><F36/><W84/><G131/><T83/><D83/><U74/><E74/><V21/><F38/><W45/><G45/><T14/><D14/><U134/><E134/><V58/><F44/><W34/><G128/><T88/><D88/><U93/><E89/><V64/><F87/><W106/><G84/><T27/><D27/><U26/><E46/><V49/><F85/><W19/><G114/><T120/><D120/><U110/><E81/><V1/><F96/><W33/><G126/><T66/><D66/><U28/><E78/><V55/><F43/><W115/><G124/><T108/><D108/><U117/><E72/><V59/><F64/><W86/><G86/><T13/><D13/><U82/><E110/><V60/><F1/><W99/><G115/><T129/><D129/><U65/><E82/><V40/><F40/><W101/><G0/><T2/><D2/><U95/><E65/><V125/><F125/><W102/><G99/><RYUUKYOKU ba="2,1" sc="450,30,103,-10,170,-10,267,-10" hai0="4,10,12,24,31,53,57,61,68,70,98,103,105" />
</Scene>
<Scene>
<INIT seed="4,3,1,4,0,57" ten="480,93,160,257" oya="0" hai0="32,30,76,50,86,81,110,0,98,105,128,122,59" hai1="117,61,87,23,54,31,68,20,11,78,103,85,113" hai2="37,99,8,123,65,114,55,106,13,130,127,3,109" hai3="74,49,120,67,46,9,84,16,124,94,53,52,29"/><T126/><D122/><U40/><E117/><V131/><F123/><W12/><G74/><T72/><D0/><U17/><E40/><V88/><F109/><W89/><G120/><T42/><D110/><U116/><E116/><V26/><F37/><W70/><G124/><T118/><D118/><U58/><E68/><V100/><F3/><W92/><G29/><T111/><D111/><U14/><E113/><V63/><F55/><W134/><G134/><T44/><D128/><N who="2" m="49194" /><F127/><W6/><G53/><T34/><D30/><U19/><E103/><V27/><F114/><W51/><G51/><T125/><D125/><U83/><E31/><V10/><F88/><N who="3" m="53255" /><G70/><T93/><D126/><U47/><E47/><V101/><F101/><W5/><G67/><T56/><D32/><U66/><E66/><V135/><F135/><W28/><G28/><T33/><D33/><U75/><REACH who="1" step="1"/><E11/><REACH who="1" ten="480,83,160,257" step="2"/><N who="2" m="4139" /><F13/><AGARI ba="3,2" hai="13,14,17,19,20,23,54,58,61,75,78,83,85,87" machi="13" ten="30,8000,1" yaku="1,1,7,1,9,1,52,1,53,1" doraHai="57" doraHaiUra="48" who="1" fromWho="2" sc="480,0,83,109,160,-89,257,0" />
</Scene>
<Scene>
<INIT seed="5,0,0,3,3,58" ten="480,192,71,257" oya="1" hai0="15,93,125,0,41,62,1,31,127,71,37,64,27" hai1="91,2,88,109,110,100,54,135,132,19,63,116,34" hai2="75,90,89,94,102,52,83,51,113,112,131,76,11" hai3="47,67,99,25,111,8,42,14,53,130,124,40,74"/><U81/><E116/><V29/><F131/><W69/><G74/><T44/><D15/><U36/><E36/><V9/><F102/><W133/><G111/><N who="1" m="42506" /><E2/><V21/><F90/><N who="1" m="34345" /><E34/><V6/><F29/><W10/><G130/><T123/><D123/><U12/><E100/><V79/><F79/><W128/><G25/><T60/><D93/><U126/><E81/><V97/><F21/><W101/><G99/><T122/><D122/><U119/><E119/><V92/><F92/><W115/><G101/><T30/><D0/><U38/><E38/><V104/><F104/><W22/><G22/><T48/><D1/><U103/><E103/><V77/><F77/><W26/><G8/><T4/><D37/><U61/><E126/><V24/><F24/><W120/><G26/><T70/><D27/><U13/><E13/><V98/><F98/><W5/><G124/><T56/><D125/><U117/><E117/><V96/><F96/><W3/><G3/><T129/><D127/><U78/><E78/><V118/><F118/><W105/><G120/><T66/><D129/><U17/><E17/><V50/><F50/><N who="3" m="28895" /><G128/><T106/><D106/><U16/><E19/><V45/><REACH who="2" step="1"/><F6/><REACH who="2" ten="480,192,61,257" step="2"/><W84/><G105/><T121/><D4/><U87/><E87/><V43/><F43/><W107/><G42/><T33/><D121/><U46/><E132/><V49/><F49/><W73/><G133/><T18/><D41/><U114/><E135/><V72/><F72/><W28/><G73/><T80/><D48/><N who="1" m="28951" /><E114/><AGARI ba="0,1" hai="9,11,45,51,52,75,76,83,89,94,97,112,113,114" machi="114" ten="40,8000,1" yaku="1,1,15,1,11,1,54,1,53,1" doraHai="58" doraHaiUra="85" who="2" fromWho="1" sc="480,0,192,-80,61,90,257,0" />
</Scene>
<Scene>
<INIT seed="6,0,0,0,0,63" ten="480,112,151,257" oya="2" hai0="53,40,8,127,109,100,91,57,69,30,49,79,86" hai1="44,87,83,7,77,95,101,22,52,62,41,9,24" hai2="16,56,111,132,26,114,135,78,13,70,72,12,38" hai3="123,134,51,74,36,81,128,11,58,21,115,75,25"/><V42/><F70/><W39/><G123/><T88/><D109/><U55/><E101/><V121/><F121/><W47/><G128/><T32/><D100/><U103/><E103/><V29/><F111/><W125/><G125/><T23/><D32/><U104/><E104/><V17/><F38/><W45/><G134/><N who="2" m="51241" /><F42/><W99/><G99/><T34/><D34/><U85/><E95/><V5/><F114/><W46/><G115/><T84/><D69/><U50/><E87/><V119/><F119/><W28/><G11/><T18/><D40/><U92/><E92/><V97/><F97/><W89/><G74/><T131/><D131/><U107/><E107/><V129/><F129/><W60/><G75/><T98/><D98/><U19/><REACH who="1" step="1"/><E62/><REACH who="1" ten="480,102,151,257" step="2"/><V82/><F82/><W133/><G133/><T68/><D84/><U110/><E110/><V120/><F78/><W116/><G60/><T96/><D79/><U108/><E108/><V15/><F72/><W73/><G73/><T35/><D86/><U65/><E65/><V54/><F120/><W66/><G66/><T61/><D96/><U3/><AGARI ba="0,1" hai="3,7,9,19,22,24,41,44,50,52,55,77,83,85" machi="3" ten="20,5200,0" yaku="1,1,0,1,7,1,54,1,53,0" doraHai="63" doraHaiUra="102" who="1" fromWho="1" sc="480,-13,102,62,151,-26,257,-13" />
</Scene>
<Scene>
<INIT seed="7,0,0,5,1,109" ten="467,164,125,244" oya="3" hai0="105,52,95,88,108,128,126,24,65,64,102,110,107" hai1="92,73,83,21,98,132,78,41,86,9,121,134,48" hai2="117,53,45,11,116,106,113,39,28,99,20,76,2" hai3="94,16,43,30,56,25,120,70,130,51,23,124,119"/><W72/><G70/><T101/><D126/><U36/><E121/><V14/><F2/><W6/><G120/><T54/><D24/><U26/><E36/><V77/><F77/><W0/><G119/><T13/><D13/><U89/><E9/><V31/><F31/><W123/><G123/><T55/><D55/><U5/><E5/><V35/><F35/><W104/><G104/><T15/><D15/><U68/><E68/><V115/><F76/><W10/><G72/><T47/><D47/><U82/><E48/><N who="2" m="28815" /><F39/><W80/><G80/><T111/><D111/><U46/><E46/><V33/><F33/><W3/><G124/><T17/><D95/><U61/><E61/><V8/><F99/><W57/><G130/><T93/><D93/><U71/><E41/><V44/><F106/><W60/><G0/><T87/><D87/><U100/><REACH who="1" step="1"/><E71/><REACH who="1" ten="467,154,125,244" step="2"/><V59/><F44/><W74/><G43/><T49/><D128/><U19/><AGARI ba="0,1" hai="19,21,26,73,78,82,83,86,89,92,98,100,132,134" machi="19" ten="30,4000,0" yaku="1,1,2,1,0,1,53,0" doraHai="109" doraHaiUra="40" who="1" fromWho="1" sc="467,-10,154,50,125,-10,244,-20" owari="457,56.0,204,-20.0,115,-38.0,224,2.0" />
</Scene>
</mjloggm>