<mjloggm ver="2.3"><GO type="169" lobby="0"/><UN n0="%E5%A4%AA%E3%81%8F%E3%81%AA%E3%81%84%E3%81%8A" n1="%E5%8F%8A%E5%B7%9D%E5%86%B0%E9%BA%97" n2="%E5%A4%A9%E6%9C%88%E7%B4%97%E7%9F%A2%E9%A6%99" n3="%E3%82%AF%E3%83%AD%E3%83%8E%E3%82%B9%40" dan="18,16,16,16" rate="2221.07,2109.47,2098.50,2165.50" sx="F,F,M,M"/><TAIKYOKU oya="0"/>

<Scene>
<INIT seed="0,0,0,0,2,75" ten="250,250,250,250" oya="0" hai0="52,93,42,72,44,76,57,123,71,26,18,92,88" hai1="122,113,98,96,135,132,119,78,29,41,116,67,53" hai2="100,133,80,20,70,108,90,59,0,129,83,63,22" hai3="69,49,125,31,97,120,3,7,118,11,27,91,64"/><T130/><D123/><U56/><E122/><V79/><F108/><W13/><G118/><T16/><D71/><U106/><E29/><V134/><F70/><W4/><G125/><T39/><D130/><U131/><E106/><V50/><F129/><W40/><G120/><T121/><D121/><U99/><E131/><V28/><F0/><W17/><G69/><T109/><D109/><U94/><E94/><V21/><F100/><W45/><G64/><T66/><D66/><U24/><E24/><V77/><F50/><W86/><G97/><T30/><D76/><N who="2" m="29258" /><F28/><W115/><G115/><T32/><D72/><U34/><E34/><V55/><F90/><W43/><G43/><T37/><D37/><U126/><E41/><V36/><F36/><W81/><G3/><T127/><D127/><U46/><E126/><V60/><F60/><W102/><G102/><T101/><D101/><U117/><E113/><V110/><F110/><W103/><G103/><T114/><D114/><U6/><E116/><V62/><F62/><W89/><G89/><T14/><D88/><U107/><E117/><V65/><F65/><W112/><G112/><T15/><D93/><U1/><E119/><V47/><F47/><W12/><G40/><T38/><D92/><U54/><E107/><V10/><F10/><N who="3" m="4167" /><G49/><N who="0" m="30863" /><D39/><U105/><E105/><V74/><F74/><W111/><G45/><T35/><D32/><U82/><E46/><V128/><F128/><W8/><G111/><T51/><D38/><U104/><E104/><V124/><F124/><W33/><G11/><T2/><D2/><U23/><E67/><RYUUKYOKU ba="0,0" sc="250,10,250,-30,250,10,250,10" hai0="14,15,16,18,26,30,35,42,44,51" hai2="20,21,22,55,59,63,80,83,133,134" hai3="7,8,13,17,27,31,33,81,86,91" />
</Scene>
<Scene>
<INIT seed="0,1,0,1,2,91" ten="260,220,260,260" oya="0" hai0="80,54,108,31,125,19,122,46,94,65,104,26,85" hai1="129,135,87,52,96,4,133,3,95,64,112,119,111" hai2="17,41,13,123,90,98,59,84,25,6,56,78,113" hai3="118,92,43,86,88,57,37,103,110,39,36,55,44"/><T7/><D104/><U40/><E119/><V28/><F123/><W66/><G118/><T67/><D122/><U27/><E112/><V75/><F113/><W12/><G110/><T1/><D125/><U116/><E116/><V72/><F6/><W61/><G103/><T48/><D108/><U97/><E111/><V42/><F72/><W24/><G24/><T14/><D1/><U49/><E40/><N who="2" m="15467" /><F75/><W93/><G12/><T106/><D106/><U117/><E117/><V8/><F78/><W132/><G132/><N who="1" m="50762" /><E129/><V70/><F70/><W11/><G11/><N who="0" m="6623" /><D7/><U69/><E27/><V77/><F77/><W9/><G9/><T45/><D45/><N who="1" m="27695" /><E4/><V71/><F71/><W62/><REACH who="3" step="1"/><G93/><REACH who="3" ten="260,220,260,250" step="2"/><T50/><D94/><U51/><E3/><V105/><F105/><W63/><G63/><T32/><D26/><U81/><E95/><N who="2" m="54727" /><F98/><W89/><G89/><N who="0" m="51367" /><D32/><U0/><E0/><V101/><F101/><W58/><AGARI ba="1,1" hai="36,37,39,43,44,55,57,58,61,62,66,86,88,92" machi="58" ten="20,8000,1" yaku="1,1,0,1,7,1,52,1,54,1,53,0" doraHai="91" doraHaiUra="29" who="3" fromWho="3" sc="260,-41,220,-21,260,-21,250,93" />
</Scene>
<Scene>
<INIT seed="1,0,0,3,1,87" ten="219,199,239,343" oya="1" hai0="66,117,122,72,98,21,64,16,47,48,42,82,125" hai1="92,27,30,120,116,34,60,85,24,28,63,4,54" hai2="115,17,52,45,89,97,38,20,114,43,12,101,123" hai3="103,18,134,96,37,33,83,106,108,79,15,14,49"/><U135/><E120/><V39/><F123/><W13/><G37/><T113/><D122/><U107/><E116/><V5/><F5/><W93/><G33/><T31/><D117/><U129/><E107/><V132/><F132/><W130/><G134/><T127/><D113/><U86/><E135/><V111/><F111/><W10/><G108/><T22/><D98/><U124/><E129/><V51/><F89/><W110/><G110/><T104/><D104/><U0/><E124/><N who="0" m="47689" /><D31/><U41/><E41/><V71/><F71/><W81/><G130/><T11/><D11/><U23/><E54/><V65/><F65/><N who="0" m="25194" /><D16/><U94/><E4/><V128/><F128/><W57/><G106/><T58/><D58/><U40/><E0/><V100/><F39/><W19/><G79/><AGARI ba="0,0" hai="21,22,42,47,48,72,79,82" m="25194,47689" machi="79" ten="30,1000,0" yaku="18,1" doraHai="87" who="0" fromWho="3" sc="219,10,199,0,239,0,343,-10" />
</Scene>
<Scene>
<INIT seed="2,0,0,4,3,68" ten="229,199,239,333" oya="2" hai0="35,63,28,71,16,53,127,98,87,31,128,119,114" hai1="103,38,25,102,34,101,70,96,51,60,43,133,12" hai2="46,32,50,47,125,100,88,41,116,109,118,126,27" hai3="97,82,33,124,75,94,95,73,74,14,4,21,23"/><V57/><F100/><W29/><G124/><N who="2" m="47721" /><F109/><W13/><G82/><T83/><D127/><U90/><E133/><V104/><F104/><W9/><G94/><T135/><D135/><U111/><E111/><V80/><F57/><W42/><G42/><T52/><D114/><U86/><E96/><V99/><F46/><W93/><G93/><T54/><D128/><U132/><E132/><V72/><F99/><W39/><G39/><T59/><D119/><U89/><E51/><V1/><F1/><W106/><G106/><T77/><D71/><U26/><E12/><V49/><F49/><W61/><G61/><T44/><D35/><U120/><E120/><V56/><F56/><W123/><G123/><T130/><D130/><U7/><E60/><V134/><F134/><W62/><G62/><T20/><D98/><U85/><E70/><V24/><F72/><W18/><G33/><T129/><D129/><U6/><E102/><V17/><F17/><W91/><REACH who="3" step="1"/><G29/><REACH who="3" ten="229,199,239,323" step="2"/><N who="0" m="11339" /><D44/><U108/><E34/><V55/><F41/><W10/><AGARI ba="0,1" hai="4,9,10,13,14,18,21,23,73,74,75,91,95,97" machi="10" ten="40,5200,0" yaku="1,1,0,1,53,1" doraHai="68" doraHaiUra="92" who="3" fromWho="3" sc="229,-13,199,-13,239,-26,323,62" />
</Scene>
<Scene>
<INIT seed="3,0,0,0,0,53" ten="216,186,213,385" oya="3" hai0="11,26,135,29,75,103,132,8,110,102,70,33,25" hai1="47,30,50,12,76,1,14,36,78,89,116,92,62" hai2="55,39,121,79,63,64,35,77,19,16,123,84,131" hai3="94,109,133,58,38,86,10,67,7,105,56,125,22"/><W20/><G38/><T93/><D75/><U108/><E116/><V112/><F39/><W2/><G105/><T60/><D110/><U40/><E108/><V128/><F112/><W71/><G109/><T100/><D93/><U61/><E1/><V69/><F35/><W32/><G32/><T95/><D95/><U107/><E107/><V9/><F55/><W28/><G133/><N who="0" m="51275" /><D25/><U45/><E30/><V85/><F9/><W42/><G42/><T87/><D87/><N who="2" m="33354" /><F77/><W52/><G125/><T130/><D130/><N who="2" m="49706" /><F79/><W44/><G71/><T83/><D83/><U54/><E76/><V49/><F49/><W115/><G115/><T81/><D81/><U122/><E78/><V24/><F24/><W124/><G124/><T57/><D70/><U66/><E122/><AGARI ba="0,0" hai="16,19,63,64,69,121,122,123" m="49706,33354" machi="122" ten="30,3900,0" yaku="13,1,19,1,54,1" doraHai="53" who="2" fromWho="1" sc="216,0,186,-39,213,39,385,0" />
</Scene>
<Scene>
<INIT seed="4,0,0,2,4,128" ten="216,147,252,385" oya="0" hai0="9,52,39,72,67,44,103,76,130,18,19,12,1" hai1="112,14,96,135,133,38,105,127,104,88,89,35,53" hai2="8,111,34,58,40,46,93,5,30,109,54,16,55" hai3="70,123,31,101,15,106,25,49,85,98,121,75,3"/><T118/><D118/><U63/><E38/><V6/><F6/><W13/><G3/><T65/><D130/><U114/><E35/><V107/><F107/><W24/><G75/><T132/><D103/><U99/><E127/><V95/><F54/><W51/><G70/><T79/><D1/><U0/><E0/><V50/><F34/><W69/><G69/><T2/><D2/><U120/><E14/><N who="3" m="5130" /><G85/><T22/><D72/><U134/><E120/><N who="3" m="46154" /><G24/><N who="0" m="14423" /><D39/><U17/><E17/><V100/><F30/><W97/><G98/><N who="1" m="37418" /><E104/><V78/><F5/><W32/><AGARI ba="0,0" hai="25,31,32,49,51,97,101,106" m="46154,5130" machi="32" ten="30,1100,0" yaku="13,1" doraHai="128" who="3" fromWho="3" sc="216,-5,147,-3,252,-3,385,11" />
</Scene>
<Scene>
<INIT seed="5,0,0,2,4,76" ten="211,144,249,396" oya="1" hai0="34,48,131,134,110,19,63,2,114,116,20,1,84" hai1="81,42,103,66,135,109,29,65,5,62,40,120,71" hai2="130,121,57,93,132,49,118,8,87,10,106,41,56" hai3="77,22,44,117,86,9,26,94,27,30,75,17,38"/><U54/><E120/><V11/><F121/><W0/><G117/><T90/><D110/><U39/><E135/><V35/><F35/><W53/><G75/><T67/><D116/><U80/><E109/><V58/><F118/><W85/><G85/><T51/><D34/><U122/><E122/><V21/><F132/><W7/><G38/><T36/><D36/><U46/><E29/><V74/><F74/><W14/><G27/><T101/><D134/><U99/><E40/><V91/><F106/><W32/><G44/><T126/><D114/><U92/><E65/><V31/><F130/><W78/><G53/><T104/><D131/><U96/><E5/><V95/><F31/><W100/><G100/><T102/><D126/><U69/><E69/><V82/><F21/><W59/><G59/><N who="0" m="37375" /><D1/><U50/><E99/><V73/><F73/><W12/><G12/><N who="0" m="9319" /><D2/><U68/><REACH who="1" step="1"/><E71/><REACH who="1" ten="211,134,249,396" step="2"/><V72/><F72/><W133/><G133/><T25/><D104/><U15/><E15/><V28/><F28/><W88/><AGARI ba="0,1" hai="0,7,9,14,17,22,26,30,32,77,78,86,88,94" machi="88" ten="30,7900,0" yaku="0,1,24,2,54,1" doraHai="76" who="3" fromWho="3" sc="211,-20,134,-39,249,-20,396,89" />
</Scene>
<Scene>
<INIT seed="6,0,0,3,0,67" ten="191,95,229,485" oya="2" hai0="94,98,21,93,1,102,101,51,62,123,12,10,116" hai1="61,78,132,29,43,14,109,96,127,126,5,80,83" hai2="0,131,59,27,16,81,18,58,8,133,60,55,20" hai3="24,91,79,25,4,113,50,124,135,68,66,48,125"/><V88/><F133/><W114/><G135/><T37/><D123/><U110/><E132/><V82/><F131/><W97/><G79/><T85/><D37/><U57/><E29/><V65/><F0/><W128/><G4/><T72/><D72/><U45/><E14/><N who="2" m="7239" /><F88/><W76/><G76/><T117/><D1/><U106/><E5/><V40/><F40/><W119/><G128/><T95/><D21/><U42/><E96/><V108/><F108/><W52/><G119/><N who="0" m="45643" /><D85/><U103/><E78/><V9/><F9/><W35/><G48/><AGARI ba="0,0" hai="18,20,27,48,55,58,59,60,65,81,82" m="7239" machi="48" ten="30,2900,0" yaku="8,1,54,1" doraHai="67" who="2" fromWho="3" sc="191,0,95,0,229,29,485,-29" />
</Scene>
<Scene>
<INIT seed="6,1,0,0,4,59" ten="191,95,258,456" oya="2" hai0="49,101,76,11,88,79,28,13,115,9,70,128,36" hai1="104,109,102,53,118,73,44,6,112,15,20,69,113" hai2="92,107,58,80,103,125,39,12,133,60,95,57,71" hai3="126,32,84,51,52,63,17,0,26,97,37,23,8"/><V116/><F39/><W132/><G37/><T65/><D36/><U135/><E118/><V25/><F116/><W120/><G120/><T85/><D115/><U4/><E109/><V14/><F125/><W98/><G126/><T77/><D128/><U47/><E73/><V86/><F133/><W46/><G132/><T31/><D101/><U108/><E135/><V68/><F107/><W129/><G129/><T117/><D117/><U111/><E102/><V5/><F25/><W91/><G32/><T121/><D121/><U50/><E69/><V42/><F42/><W33/><G33/><T2/><D2/><U61/><E104/><V7/><F103/><W19/><G63/><T3/><D3/><U75/><E75/><V35/><F35/><W105/><G105/><T54/><D65/><U122/><E122/><V62/><F86/><W96/><G0/><T67/><D67/><U34/><E34/><V89/><F89/><W100/><G100/><T78/><D70/><U18/><E108/><V27/><F27/><W1/><G1/><T22/><D76/><U90/><E111/><V127/><F127/><W29/><G8/><N who="0" m="3147" /><D13/><U30/><E112/><V82/><AGARI ba="1,0" hai="5,7,12,14,57,58,60,62,68,71,80,82,92,95" machi="82" ten="25,12000,1" yaku="0,1,22,2,52,2" doraHai="59" who="2" fromWho="2" sc="191,-41,95,-41,258,123,456,-41" />
</Scene>
<Scene>
<INIT seed="6,2,0,5,5,121" ten="150,54,381,415" oya="2" hai0="26,51,134,42,55,8,99,132,79,122,5,27,68" hai1="77,118,44,28,135,104,38,133,63,53,65,62,67" hai2="109,32,18,66,107,105,80,96,57,117,90,17,46" hai3="22,40,34,43,10,86,91,103,130,119,2,4,113"/><V15/><F117/><W9/><G119/><T74/><D68/><U93/><E104/><V97/><F32/><W11/><G34/><T20/><D122/><U56/><E77/><V35/><F35/><W3/><G103/><T61/><D61/><U41/><E93/><V83/><F109/><W111/><G111/><T101/><D42/><U116/><E28/><V0/><F0/><W120/><G120/><T60/><D60/><U24/><E24/><V88/><F46/><W58/><G113/><T19/><D79/><U102/><E102/><V72/><F72/><W36/><G130/><T30/><D74/><U54/><E118/><V64/><F57/><W76/><G76/><T50/><D27/><U12/><E12/><AGARI ba="2,0" hai="12,15,17,18,64,66,80,83,88,90,96,97,105,107" machi="12" ten="25,4800,0" yaku="22,2,54,1" doraHai="121" who="2" fromWho="1" sc="150,0,54,-54,381,54,415,0" />
</Scene>
<Scene>
<INIT seed="6,3,0,1,0,65" ten="150,0,435,415" oya="2" hai0="76,68,53,108,52,72,85,101,48,107,112,38,90" hai1="96,29,25,89,79,123,86,77,27,35,130,99,36" hai2="1,2,45,5,33,122,3,12,10,0,127,117,114" hai3="50,100,46,93,47,92,42,121,17,67,109,124,83"/><V19/><F122/><W74/><G121/><T88/><D38/><U73/><E123/><V22/><F117/><W82/><G109/><T66/><D108/><U28/><E36/><V51/><F114/><W75/><G124/><T32/><D32/><U4/><E130/><V34/><REACH who="2" step="1"/><F127/><REACH who="2" ten="150,0,425,415" step="2"/><W106/><G106/><T23/><D112/><U128/><E128/><V56/><F56/><W133/><G133/><T64/><D107/><U59/><E4/><V87/><F87/><W54/><G75/><T81/><D85/><U134/><E134/><V40/><AGARI ba="3,1" hai="0,1,2,3,5,10,12,19,22,33,34,40,45,51" machi="40" ten="30,3000,0" yaku="1,1,0,1,53,0" doraHai="65" doraHaiUra="116" who="2" fromWho="2" sc="150,-13,0,-13,425,49,415,-13" owari="137,-26.0,-13,-51.0,474,57.0,402,20.0" />
</Scene>
</mjloggm>