<mjloggm ver="2.3"><GO type="169" lobby="0"/><UN n0="%E4%BB%B2%E5%B7%9D%E7%BF%94" n1="%E6%99%82%E9%9B%A8%E6%A1%9C%28%E7%9C%9F%29" n2="%E5%A4%AA%E3%81%8F%E3%81%AA%E3%81%84%E3%81%8A" n3="%43%48%49%52%4F%52%55" dan="16,16,18,16" rate="2073.67,2122.47,2205.47,2138.47" sx="M,M,F,M"/><TAIKYOKU oya="0"/>

<Scene>
<INIT seed="0,0,0,1,5,58" ten="250,250,250,250" oya="0" hai0="80,87,96,36,132,94,69,111,61,113,126,37,125" hai1="100,127,95,64,6,14,18,32,49,128,112,21,54" hai2="68,83,75,10,98,4,35,28,130,30,104,38,33" hai3="65,85,73,117,39,108,81,25,48,8,124,40,62"/><T9/><D113/><U34/><E127/><N who="0" m="48649" /><D9/><U123/><E123/><V59/><F68/><W134/><G108/><T17/><D17/><U103/><E128/><V1/><F130/><W99/><G134/><T116/><D116/><U56/><E6/><V57/><F30/><W135/><G117/><T16/><D16/><U106/><E106/><V119/><F119/><W43/><G135/><T109/><D132/><U97/><E112/><V7/><F7/><W47/><G73/><T2/><D2/><U88/><REACH who="1" step="1"/><E64/><REACH who="1" ten="250,240,250,250" step="2"/><V105/><F105/><W120/><G65/><N who="0" m="41135" /><D111/><U79/><E79/><V122/><F122/><W0/><G120/><T44/><D109/><U77/><E77/><V110/><F110/><W82/><G124/><T45/><D36/><U41/><E41/><V90/><F38/><W19/><G40/><T92/><D37/><U24/><E24/><V20/><F4/><W29/><G25/><T51/><D51/><U74/><E74/><V50/><F75/><W114/><G48/><T52/><D52/><U102/><AGARI ba="0,1" hai="14,18,21,32,34,49,54,56,88,95,97,100,102,103" machi="102" ten="30,4000,0" yaku="1,1,0,1,54,1,53,0" doraHai="58" doraHaiUra="121" who="1" fromWho="1" sc="250,-20,240,50,250,-10,250,-10" />
</Scene>
<Scene>
<INIT seed="1,0,0,5,0,121" ten="230,290,240,240" oya="1" hai0="4,60,68,71,92,50,117,109,70,30,105,27,87" hai1="61,128,14,8,25,26,59,62,96,29,108,111,106" hai2="51,52,41,80,133,132,83,102,28,36,79,24,54" hai3="46,67,125,43,55,131,44,103,56,100,5,88,39"/><U95/><E106/><V89/><F102/><W45/><G125/><T38/><D117/><U107/><E107/><V19/><F19/><W32/><G131/><T35/><D38/><U85/><E85/><N who="2" m="50367" /><F36/><W126/><G67/><T13/><D50/><U78/><E128/><V84/><F41/><W98/><G32/><T66/><D92/><U37/><E78/><V49/><F49/><W114/><G114/><T33/><D87/><U6/><E37/><V76/><F51/><W123/><G123/><T57/><D33/><U99/><E96/><V47/><F47/><W1/><G126/><T101/><D13/><U74/><E74/><V16/><F79/><W116/><G116/><T73/><D4/><U42/><E42/><V120/><F120/><W112/><G112/><T11/><D11/><U0/><E0/><V69/><F69/><N who="0" m="26730" /><D57/><U63/><E29/><V115/><F115/><W31/><G31/><T40/><D40/><U2/><E2/><V22/><F28/><W10/><G44/><T12/><D12/><U23/><E59/><V113/><F113/><W21/><G45/><T97/><D73/><U34/><E34/><V94/><F94/><W122/><G122/><T119/><D119/><U110/><E23/><V134/><AGARI ba="0,0" hai="16,22,24,52,54,76,80,84,132,133,134" m="50367" machi="134" ten="30,4000,0" yaku="20,1,54,2" doraHai="121" who="2" fromWho="2" sc="230,-10,290,-20,240,40,240,-10" />
</Scene>
<Scene>
<INIT seed="2,0,0,0,1,95" ten="220,270,280,230" oya="2" hai0="121,84,107,122,24,134,8,25,101,50,130,61,89" hai1="33,63,76,58,47,28,104,69,114,38,64,40,3" hai2="57,129,127,13,17,51,116,27,123,90,45,131,31" hai3="35,5,86,110,106,113,132,19,59,53,81,20,109"/><V10/><F116/><W9/><G35/><T117/><D117/><U97/><E114/><V2/><F123/><W99/><G132/><T119/><D119/><U71/><E76/><V60/><F2/><W92/><G106/><T43/><D134/><U23/><E23/><V94/><F127/><W62/><G113/><T135/><D135/><U79/><E79/><V52/><F27/><W82/><G86/><T54/><D130/><U42/><E40/><V44/><F31/><W11/><G110/><T102/><D43/><U34/><E69/><V74/><F74/><W91/><G109/><T6/><D61/><U67/><E67/><V18/><F18/><W36/><G36/><T14/><D102/><N who="1" m="62543" /><E58/><V0/><F0/><W93/><G93/><T108/><D108/><U118/><E118/><V66/><REACH who="2" step="1"/><F45/><REACH who="2" ten="220,270,270,230" step="2"/><W96/><G5/><T37/><D122/><U55/><E3/><V124/><F124/><W85/><G9/><T83/><D121/><U75/><E75/><V29/><F29/><W49/><G11/><T32/><D32/><U133/><E133/><V65/><F65/><N who="3" m="39135" /><G19/><T30/><D30/><U80/><E28/><V41/><F41/><W125/><G125/><T48/><D6/><U46/><E47/><V26/><F26/><W87/><G20/><T98/><D25/><U112/><E112/><V21/><F21/><W77/><G82/><T56/><D24/><U4/><E80/><V128/><F128/><W126/><G126/><T22/><D22/><U16/><E4/><V70/><F70/><W120/><G120/><T105/><D83/><U12/><E55/><RYUUKYOKU ba="0,1" sc="220,-30,270,10,270,10,230,10" hai1="12,16,33,34,38,42,46,63,64,71" hai2="10,13,17,44,51,52,57,60,66,90,94,129,131" hai3="49,53,77,81,85,87,91,92,96,99" />
</Scene>
<Scene>
<INIT seed="2,1,1,0,1,86" ten="190,280,280,240" oya="2" hai0="100,62,82,29,115,67,9,101,2,31,128,23,84" hai1="88,53,54,3,132,116,35,79,75,61,43,58,119" hai2="94,111,91,112,42,21,81,92,65,27,66,133,55" hai3="32,103,7,57,34,104,13,24,0,52,64,97,78"/><V83/><F112/><W102/><G0/><T5/><D115/><U108/><E3/><V22/><F133/><W129/><G129/><T76/><D128/><U30/><E132/><V25/><F55/><W121/><G121/><T19/><D31/><U38/><E43/><V89/><REACH who="2" step="1"/><F42/><REACH who="2" ten="190,280,270,240" step="2"/><W131/><G52/><T59/><D29/><U69/><E53/><V74/><F74/><W125/><G131/><T18/><D18/><U56/><E116/><V45/><F45/><W134/><G134/><T122/><D122/><U87/><E119/><V95/><F95/><W1/><G104/><T15/><AGARI ba="1,2" hai="2,5,9,15,19,23,59,62,67,76,82,84,100,101" machi="15" ten="20,1500,0" yaku="0,1,7,1" doraHai="86" who="0" fromWho="0" sc="190,38,280,-5,270,-8,240,-5" />
</Scene>
<Scene>
<INIT seed="3,0,0,0,1,2" ten="228,275,262,235" oya="3" hai0="105,21,64,100,59,50,72,24,47,86,135,54,109" hai1="128,131,103,118,70,85,82,0,92,89,1,25,107" hai2="32,124,9,101,80,10,120,112,73,98,43,96,67" hai3="45,22,56,3,30,71,115,127,94,52,75,6,77"/><W102/><G71/><T4/><D109/><U113/><E113/><V15/><F112/><W121/><G121/><T8/><D72/><U41/><E70/><V5/><F32/><W13/><G127/><T36/><D135/><U88/><E118/><V69/><F124/><W132/><G132/><T14/><D105/><U84/><E41/><V125/><F125/><W99/><G45/><T90/><D100/><U7/><E25/><V129/><F120/><W79/><G3/><T39/><D64/><U60/><E60/><V57/><F69/><W53/><G75/><T87/><D59/><U117/><E117/><V83/><F129/><N who="1" m="49737" /><E107/><V35/><F35/><W134/><G115/><T44/><D44/><U116/><E116/><V122/><F122/><W95/><G53/><T104/><D104/><U58/><E58/><V76/><F43/><W133/><G133/><T78/><D78/><U49/><E49/><V23/><F57/><W51/><G134/><T27/><D27/><U42/><E42/><V61/><F61/><W119/><G119/><T108/><D108/><U33/><E103/><V114/><F101/><W37/><G56/><T48/><D48/><U26/><E7/><V110/><F5/><W130/><G6/><T31/><REACH who="0" step="1"/><D87/><REACH who="0" ten="218,275,262,235" step="2"/><U111/><E111/><V106/><F110/><W34/><G102/><T126/><D126/><U29/><AGARI ba="0,1" hai="0,1,26,29,33,82,84,85,88,89,92" m="49737" machi="29" ten="30,2000,0" yaku="19,1,54,1" doraHai="2" who="1" fromWho="1" sc="218,-5,275,30,262,-5,235,-10" />
</Scene>
<Scene>
<INIT seed="4,0,0,3,2,43" ten="213,305,257,225" oya="0" hai0="115,112,79,93,131,12,60,54,15,29,22,20,30" hai1="91,106,80,128,39,99,56,68,41,130,16,121,46" hai2="111,90,67,109,11,88,105,66,6,100,75,110,69" hai3="65,19,114,101,40,36,51,23,96,58,63,132,135"/><T129/><D79/><U35/><E68/><V1/><F75/><W74/><G74/><T27/><D93/><U87/><E121/><V117/><F117/><W108/><G36/><T119/><D60/><U78/><E35/><V61/><REACH who="2" step="1"/><F67/><REACH who="2" ten="213,305,247,225" step="2"/><W86/><G65/><T9/><D119/><U57/><E128/><N who="0" m="49225" /><D54/><U59/><E130/><V73/><F73/><W102/><G135/><T3/><D30/><U62/><E62/><V122/><F122/><W28/><G63/><T97/><D97/><AGARI ba="0,1" hai="1,6,11,61,66,69,88,90,97,100,105,109,110,111" machi="97" ten="40,5200,0" yaku="1,1,54,1,53,1" doraHai="43" doraHaiUra="5" who="2" fromWho="0" sc="213,-52,305,0,247,62,225,0" />
</Scene>
<Scene>
<INIT seed="5,0,0,1,0,71" ten="161,305,309,225" oya="1" hai0="111,110,5,49,132,92,105,1,78,59,134,131,60" hai1="18,51,45,17,94,69,118,16,52,15,76,87,86" hai2="61,39,30,13,115,98,114,33,50,103,65,43,130" hai3="24,40,81,97,127,116,48,128,27,2,12,41,121"/><U6/><E69/><N who="2" m="42159" /><F50/><W84/><G2/><T38/><D105/><U68/><E68/><V44/><F13/><W20/><G121/><T7/><D78/><U72/><E118/><V135/><F130/><W124/><G116/><T70/><D92/><U73/><E72/><V133/><F30/><W3/><G3/><T32/><D32/><U77/><E73/><V83/><F83/><W55/><G97/><T26/><D26/><N who="3" m="9769" /><G12/><T129/><D1/><U4/><E94/><N who="2" m="58839" /><F33/><W62/><G20/><T106/><D106/><U10/><E4/><V22/><F22/><W53/><G128/><N who="0" m="49227" /><D5/><U54/><E54/><V64/><F64/><W28/><G28/><T31/><D7/><U126/><REACH who="1" step="1"/><E126/><REACH who="1" ten="161,295,309,225" step="2"/><V79/><F133/><N who="0" m="51306" /><D31/><U112/><E112/><V67/><F135/><W11/><G127/><T56/><D49/><U46/><E46/><V35/><F44/><W102/><G48/><T101/><D101/><U123/><E123/><V21/><F115/><W117/><G102/><T82/><D82/><U36/><E36/><V96/><F114/><W42/><G81/><T91/><D38/><U122/><E122/><V8/><F39/><W95/><G124/><T90/><D70/><U25/><E25/><V104/><F104/><W93/><G117/><T109/><D56/><U29/><E29/><V125/><F125/><W66/><G95/><T0/><D0/><U75/><E75/><V113/><F113/><W58/><G93/><T37/><D37/><U23/><E23/><V57/><F21/><W14/><G84/><AGARI ba="0,1" hai="6,10,15,16,17,18,45,51,52,76,77,84,86,87" machi="84" ten="40,18000,2" yaku="1,1,8,1,54,2,53,2" doraHai="71" doraHaiUra="74" who="1" fromWho="3" sc="161,0,295,190,309,0,225,-180" />
</Scene>
<Scene>
<INIT seed="5,1,0,4,4,46" ten="161,485,309,45" oya="1" hai0="92,68,97,11,51,48,10,14,6,5,32,45,1" hai1="44,26,59,106,28,63,72,91,109,41,2,85,66" hai2="101,60,0,122,43,58,111,70,115,93,112,121,107" hai3="37,27,113,67,17,33,110,99,52,74,123,76,54"/><U19/><E106/><V64/><F0/><W69/><G110/><T13/><D32/><U18/><E2/><V127/><F93/><W79/><G37/><T55/><D68/><U71/><E71/><V130/><F111/><W23/><G123/><N who="2" m="47113" /><F101/><W15/><G113/><N who="2" m="43593" /><F107/><W87/><G74/><T88/><D1/><U65/><E72/><V47/><F130/><W119/><G119/><T16/><D51/><N who="1" m="27023" /><E65/><V129/><F129/><W118/><G118/><T81/><D81/><N who="1" m="49583" /><E109/><V8/><F8/><W90/><G99/><T94/><D94/><U21/><AGARI ba="1,0" hai="18,19,21,26,28,59,63,66" m="49583,27023" machi="21" ten="30,3000,0" yaku="8,1,52,1" doraHai="46" who="1" fromWho="1" sc="161,-11,485,33,309,-11,45,-11" />
</Scene>
<Scene>
<INIT seed="5,2,0,5,0,22" ten="150,518,298,34" oya="1" hai0="104,56,3,35,128,12,83,100,129,37,1,44,10" hai1="70,7,109,103,93,46,108,20,36,8,18,19,68" hai2="5,47,122,52,82,61,39,63,126,132,90,101,74" hai3="50,30,117,110,41,107,13,96,38,95,28,134,133"/><U17/><E36/><V59/><F122/><W40/><G110/><N who="1" m="42602" /><E46/><V92/><F126/><W135/><G117/><T64/><D35/><U2/><E103/><V77/><F132/><W114/><G114/><T123/><D123/><U89/><E20/><V80/><F101/><N who="3" m="62887" /><G38/><T98/><D44/><U9/><E8/><V118/><F118/><W124/><G124/><T91/><D37/><U116/><E116/><V16/><F5/><W29/><G50/><T51/><D51/><U55/><E55/><V125/><F125/><W87/><G13/><T25/><D64/><U23/><E23/><V112/><F112/><W111/><G111/><T24/><D56/><U33/><E33/><V57/><F39/><W48/><G48/><T42/><D42/><U97/><AGARI ba="2,0" hai="2,7,9,17,18,19,68,70,89,93,97" m="42602" machi="97" ten="30,1500,0" yaku="10,1" doraHai="22" who="1" fromWho="1" sc="150,-7,518,21,298,-7,34,-7" />
</Scene>
<Scene>
<INIT seed="5,3,0,3,1,5" ten="143,539,291,27" oya="1" hai0="31,71,35,97,92,17,108,85,19,29,65,110,41" hai1="78,107,53,101,72,20,124,43,114,113,56,51,77" hai2="79,95,62,87,3,100,132,40,70,1,24,26,49" hai3="115,130,4,13,33,123,50,134,133,106,93,104,14"/><U135/><E124/><V52/><F132/><N who="3" m="50795" /><G123/><T109/><D41/><U12/><E135/><V73/><F73/><W11/><G33/><T118/><D118/><U37/><E37/><V25/><F40/><W6/><G115/><N who="1" m="44042" /><E43/><V98/><F79/><W74/><G74/><T48/><D65/><U18/><E72/><V96/><F87/><W126/><G126/><T128/><D71/><U42/><E42/><V131/><F131/><W105/><G50/><T30/><D48/><U39/><E39/><V55/><F96/><AGARI ba="3,0" hai="12,18,20,51,53,56,77,78,96,101,107" m="44042" machi="96" ten="30,1500,0" yaku="15,1" doraHai="5" who="1" fromWho="2" sc="143,0,539,24,291,-24,27,0" />
</Scene>
<Scene>
<INIT seed="5,4,0,3,1,112" ten="143,563,267,27" oya="1" hai0="41,11,91,34,93,39,57,95,104,63,7,20,26" hai1="33,13,89,86,71,56,110,46,133,40,8,83,21" hai2="4,59,17,79,3,130,23,22,36,134,66,32,108" hai3="80,14,25,50,53,1,100,52,84,75,16,64,126"/><U69/><E33/><V103/><F108/><W43/><G1/><T55/><D104/><U132/><E56/><V99/><F32/><W121/><G75/><T44/><D91/><U124/><E124/><V96/><F36/><W72/><G72/><T97/><D97/><U18/><E110/><V125/><F79/><W87/><G121/><T49/><D39/><U60/><E60/><V76/><F76/><N who="3" m="46087" /><G64/><T61/><D61/><U115/><E115/><V113/><F113/><W135/><G135/><T6/><D34/><U70/><E21/><V31/><F134/><N who="1" m="51817" /><E69/><V90/><F23/><N who="3" m="13543" /><G100/><T9/><D9/><U68/><E68/><V118/><F103/><W122/><G126/><T47/><D47/><U81/><E83/><V117/><F125/><W48/><G122/><T2/><D6/><U65/><E65/><V92/><F4/><W88/><G14/><T123/><D123/><U129/><E129/><V42/><F130/><W62/><G62/><T107/><D107/><U73/><E73/><V28/><F66/><W101/><G101/><T67/><D67/><U29/><E29/><AGARI ba="4,0" hai="2,7,11,20,26,29,41,44,49,55,57,63,93,95" machi="29" ten="30,1000,0" yaku="7,1" doraHai="112" who="0" fromWho="1" sc="143,22,563,-22,267,0,27,0" />
</Scene>
<Scene>
<INIT seed="6,0,0,4,3,10" ten="165,541,267,27" oya="2" hai0="115,68,133,63,51,92,77,66,86,105,116,100,18" hai1="120,67,15,79,107,24,70,26,22,6,69,31,61" hai2="17,111,1,38,9,12,109,122,64,127,126,52,8" hai3="29,65,88,37,82,72,125,113,134,132,27,121,95"/><V59/><F38/><W131/><G121/><T96/><D115/><U129/><E129/><V106/><F106/><W87/><G131/><T34/><D133/><N who="3" m="51305" /><G37/><T19/><D116/><U60/><E120/><V30/><F64/><W98/><G65/><T14/><D18/><U21/><E79/><V49/><F122/><W118/><G118/><T73/><D34/><U4/><E67/><V104/><F104/><W35/><G125/><N who="2" m="47625" /><F30/><W90/><G72/><T53/><D73/><U124/><E124/><V99/><F99/><W80/><G80/><T101/><D101/><U75/><E75/><V41/><F41/><W5/><G5/><AGARI ba="0,0" hai="1,5,8,9,12,17,49,52,59,109,111" m="47625" machi="5" ten="30,5800,0" yaku="18,1,52,1,54,1" doraHai="10" who="2" fromWho="3" sc="165,0,541,0,267,58,27,-58" owari="165,-23.0,541,63.0,325,13.0,-31,-53.0" />
</Scene>
</mjloggm>