<mjloggm ver="2.3"><GO type="169" lobby="0"/><UN n0="%E3%81%84%E3%81%91%E3%81%9F%E3%82%93" n1="%E5%A4%AA%E3%81%8F%E3%81%AA%E3%81%84%E3%81%8A" n2="%E3%82%AB%E3%83%B3%E3%83%80%E3%82%BF" n3="%E3%83%9F%E3%83%8E%E3%83%AA" dan="16,18,16,16" rate="2046.46,2281.70,2042.01,2136.92" sx="M,F,M,M"/><TAIKYOKU oya="0"/>

<Scene>
<INIT seed="0,0,0,0,0,58" ten="250,250,250,250" oya="0" hai0="64,99,39,61,8,116,118,85,102,113,33,44,126" hai1="0,111,38,115,24,124,43,35,101,17,66,25,2" hai2="52,82,29,21,3,88,55,63,5,26,127,121,23" hai3="133,18,13,107,93,104,95,79,56,81,69,32,80"/><T19/><D113/><U22/><E115/><V74/><F121/><W114/><G69/><T110/><D126/><U134/><E124/><V90/><F127/><W1/><G32/><T15/><D33/><U89/><E101/><V109/><F109/><W11/><G114/><T72/><D72/><U53/><E66/><V119/><F119/><W45/><G133/><T9/><D110/><U117/><E117/><V40/><F40/><W76/><G45/><T83/><D8/><U130/><E111/><V67/><F3/><W68/><G68/><T86/><D86/><U125/><E125/><V108/><F5/><W120/><G1/><T128/><D128/><U57/><E134/><V135/><F135/><W84/><G120/><T112/><D112/><U103/><E103/><V91/><F108/><W30/><G30/><T78/><D44/><U87/><E130/><V97/><F97/><W96/><G56/><T129/><D39/><U48/><E38/><V100/><F100/><W36/><G36/><T16/><D19/><U106/><E106/><V14/><F74/><W51/><G51/><T46/><D46/><U123/><E43/><V10/><F82/><W60/><G96/><T47/><D47/><U59/><E59/><N who="2" m="37375" /><F10/><W70/><G70/><N who="0" m="42255" /><D129/><U77/><E123/><V73/><F73/><W42/><G42/><T7/><D7/><U94/><REACH who="1" step="1"/><E77/><REACH who="1" ten="250,240,250,250" step="2"/><V50/><F50/><W71/><G71/><T75/><D118/><U92/><E92/><V49/><F49/><W54/><G104/><N who="0" m="63583" /><D116/><U27/><E27/><V31/><F14/><W6/><G13/><T122/><D122/><RYUUKYOKU ba="0,1" sc="250,10,240,10,250,10,250,-30" hai0="9,15,16,75,78,83,85" hai1="0,2,17,22,24,25,35,48,53,57,87,89,94" hai2="21,23,26,29,31,52,55,88,90,91" />
</Scene>
<Scene>
<INIT seed="0,1,1,0,0,135" ten="260,250,260,220" oya="0" hai0="92,111,61,134,98,97,52,10,3,78,80,5,121" hai1="31,123,65,129,39,45,90,114,41,2,109,11,21" hai2="49,70,56,119,106,25,95,55,58,103,101,100,15" hai3="122,67,76,110,16,23,108,93,18,88,35,113,85"/><T50/><D134/><U0/><E123/><V104/><F70/><W26/><G122/><T87/><D121/><U64/><E109/><N who="3" m="42090" /><G113/><T120/><D120/><U71/><E114/><V63/><F119/><W74/><G35/><T44/><D111/><U22/><E129/><V132/><F132/><W40/><G40/><T126/><D126/><U37/><E71/><V105/><F15/><W36/><G67/><T89/><REACH who="0" step="1"/><D61/><REACH who="0" ten="250,250,260,220" step="2"/><U73/><E39/><V46/><F63/><W14/><G36/><T59/><D59/><U91/><E37/><V34/><REACH who="2" step="1"/><F95/><REACH who="2" ten="250,250,250,220" step="2"/><W12/><G93/><T127/><D127/><U66/><E66/><V60/><F60/><W86/><G12/><T9/><D9/><U4/><E65/><V6/><F6/><W8/><G8/><T128/><D128/><U30/><E64/><V94/><F94/><W13/><G13/><T112/><D112/><U96/><E11/><V27/><F27/><W47/><G26/><T102/><D102/><U20/><E4/><V82/><F82/><W116/><G14/><T72/><AGARI ba="1,3" hai="3,5,10,44,50,52,72,78,80,87,89,92,97,98" machi="72" ten="20,12000,1" yaku="1,1,0,1,7,1,54,1,53,1" doraHai="135" doraHaiUra="32" who="0" fromWho="0" sc="250,153,250,-41,250,-41,220,-41" />
</Scene>
<Scene>
<INIT seed="0,2,0,5,3,40" ten="403,209,209,179" oya="0" hai0="123,103,38,71,120,127,12,90,77,128,20,72,93" hai1="51,48,79,76,104,111,102,37,65,80,30,131,99" hai2="95,28,13,135,106,24,44,125,17,35,61,19,4" hai3="60,18,14,10,7,122,27,124,89,78,113,16,112"/><T83/><D71/><U47/><E111/><V11/><F106/><W107/><G107/><T101/><D38/><U67/><E131/><V97/><F125/><W41/><G124/><T110/><D127/><U42/><E30/><V91/><F135/><W84/><G122/><N who="0" m="46635" /><D20/><U33/><E33/><V94/><F61/><W45/><G60/><T43/><D12/><U119/><E119/><V121/><F121/><W36/><G78/><T26/><D43/><U63/><E76/><V133/><F133/><W58/><G58/><T62/><D26/><U98/><E98/><V73/><F73/><W69/><G69/><T32/><D62/><U8/><E8/><V39/><REACH who="2" step="1"/><F95/><REACH who="2" ten="403,209,199,179" step="2"/><W5/><G113/><T109/><D128/><U74/><REACH who="1" step="1"/><E67/><REACH who="1" ten="403,199,199,179" step="2"/><V50/><F50/><W81/><G112/><T9/><D109/><U132/><E132/><V86/><F86/><W68/><G84/><T134/><D110/><U126/><E126/><V3/><F3/><W55/><G36/><T54/><D134/><U59/><AGARI ba="2,2" hai="37,42,47,48,51,59,63,65,74,79,80,99,102,104" machi="59" ten="20,12000,2" yaku="1,1,0,1,7,1,52,1,53,2" doraHai="40" doraHaiUra="46" who="1" fromWho="1" sc="403,-62,199,146,199,-32,179,-32" />
</Scene>
<Scene>
<INIT seed="1,0,0,4,4,8" ten="341,345,167,147" oya="1" hai0="128,23,27,50,20,63,111,16,83,89,57,96,12" hai1="52,109,118,38,130,79,3,78,135,101,55,112,33" hai2="4,35,60,42,51,18,119,98,1,29,0,45,132" hai3="43,15,87,66,54,32,49,133,131,91,34,31,108"/><U26/><E112/><V69/><F119/><W41/><G108/><T102/><D111/><U44/><E109/><V75/><F132/><W134/><G131/><T53/><D128/><U30/><E130/><V36/><F75/><W99/><G99/><T122/><D122/><U48/><E118/><V58/><F4/><W94/><G66/><T59/><D83/><U120/><E120/><V123/><F123/><W113/><G113/><T68/><D68/><U116/><E116/><V115/><F115/><W104/><G104/><T125/><D89/><U124/><E3/><V21/><F35/><W129/><G129/><T11/><D125/><U103/><E135/><V19/><F29/><W93/><G93/><N who="0" m="58639" /><D27/><U85/><E124/><V24/><F69/><W71/><G71/><T61/><D61/><U28/><E38/><V92/><F36/><W17/><G134/><T76/><D76/><U67/><E78/><V127/><F127/><W95/><G95/><T72/><D72/><U80/><E30/><V117/><F19/><W7/><G7/><T126/><D126/><U90/><E79/><V22/><F117/><W74/><G74/><T82/><D82/><U5/><E5/><V84/><F84/><W121/><G121/><T14/><D12/><U73/><E73/><V62/><F62/><W46/><G133/><T110/><D110/><U105/><E105/><V64/><REACH who="2" step="1"/><F22/><REACH who="2" ten="341,345,157,147" step="2"/><N who="3" m="11583" /><G34/><T2/><D2/><U100/><REACH who="1" step="1"/><E67/><AGARI ba="0,1" hai="11,14,16,20,23,50,53,57,59,63,67" m="58639" machi="67" ten="30,3900,0" yaku="8,1,52,1,54,1" doraHai="8" who="0" fromWho="1" sc="341,49,345,-39,157,0,147,0" />
</Scene>
<Scene>
<INIT seed="2,0,0,4,2,44" ten="390,306,157,147" oya="2" hai0="6,67,3,71,66,128,55,82,132,16,99,98,19" hai1="17,26,110,21,11,129,80,116,102,83,42,0,120" hai2="106,7,9,77,20,114,131,22,113,88,8,133,78" hai3="104,4,96,95,50,85,109,72,12,56,61,94,118"/><V81/><F106/><W134/><G72/><T65/><D71/><U29/><E116/><V39/><F131/><W91/><G118/><T60/><D128/><U1/><E129/><V93/><F133/><W38/><G38/><T27/><D132/><U87/><E110/><V30/><F39/><W122/><G122/><T36/><D36/><U15/><E120/><V24/><F22/><W59/><G109/><T13/><D6/><U115/><E115/><V32/><F32/><W121/><G121/><T10/><D3/><U100/><E42/><V135/><F135/><W130/><G130/><T62/><D82/><U51/><E83/><V117/><F117/><W127/><G104/><T63/><D55/><U123/><E123/><V41/><F41/><W45/><G127/><T73/><D73/><U70/><E70/><V90/><F7/><W126/><G126/><T18/><D19/><U75/><E75/><V97/><F113/><W84/><G134/><T5/><D5/><U64/><E64/><V33/><F33/><W86/><G61/><T74/><D74/><U76/><E51/><V49/><F49/><W54/><REACH who="3" step="1"/><G94/><REACH who="3" ten="390,306,157,137" step="2"/><T48/><D60/><U31/><E0/><V40/><F114/><W35/><G35/><T43/><D62/><U46/><E1/><V108/><F108/><W14/><G14/><T79/><D63/><U28/><REACH who="1" step="1"/><E46/><REACH who="1" ten="390,296,157,137" step="2"/><V92/><F81/><W111/><G111/><T101/><D65/><U119/><E119/><V2/><F2/><W57/><G57/><T105/><D66/><U34/><E34/><V107/><F107/><W47/><G47/><RYUUKYOKU ba="0,2" sc="390,-15,296,15,157,-15,137,15" hai1="11,15,17,21,26,28,29,31,76,80,87,100,102" hai3="4,12,45,50,54,56,59,84,85,86,91,95,96" />
</Scene>
<Scene>
<INIT seed="3,1,2,4,4,36" ten="375,311,142,152" oya="3" hai0="38,75,40,25,131,15,31,45,80,125,71,82,27" hai1="13,119,18,21,30,19,89,12,0,98,51,117,70" hai2="102,94,20,83,96,87,58,128,81,114,90,108,47" hai3="123,24,104,113,33,34,92,111,49,6,110,4,126"/><W130/><G104/><T11/><D71/><U29/><E70/><V2/><F114/><W109/><G113/><T93/><D131/><U100/><E89/><V14/><F108/><W88/><G130/><T124/><D93/><U99/><E0/><V17/><F128/><W103/><G123/><T8/><D25/><U56/><E56/><V65/><F2/><W84/><G126/><N who="0" m="48747" /><D75/><U61/><E61/><N who="2" m="38071" /><F47/><W62/><G62/><T127/><D127/><U112/><E112/><V43/><F43/><W37/><G37/><T55/><D55/><U5/><E5/><N who="3" m="2154" /><G103/><T53/><D53/><U68/><E68/><V95/><AGARI ba="1,2" hai="14,17,20,81,83,87,90,94,95,96,102" m="38071" machi="95" ten="30,1100,0" yaku="8,1" doraHai="36" who="2" fromWho="2" sc="375,-4,311,-4,142,34,152,-6" />
</Scene>
<Scene>
<INIT seed="4,0,0,4,5,42" ten="371,307,176,146" oya="0" hai0="37,15,109,123,90,2,48,134,24,45,83,103,59" hai1="78,114,75,25,61,44,65,66,116,68,77,29,115" hai2="112,107,55,82,51,10,89,50,95,64,39,92,0" hai3="46,57,60,38,133,62,22,58,17,8,106,128,127"/><T27/><D2/><U28/><E116/><V113/><F107/><W91/><G106/><T18/><D123/><U14/><E75/><V13/><F0/><W99/><G133/><T121/><D121/><U125/><E125/><V12/><F39/><W126/><G8/><T98/><D59/><U120/><E120/><V79/><F64/><W110/><G110/><T4/><D4/><U87/><E14/><V86/><F113/><N who="1" m="43017" /><E66/><V11/><F112/><W104/><G128/><T72/><D37/><U119/><E119/><V34/><F34/><W63/><G58/><T32/><D32/><N who="1" m="20495" /><E29/><V76/><F13/><W54/><G127/><T52/><D134/><U101/><E101/><V130/><F10/><W117/><G117/><T74/><D109/><U93/><E44/><N who="2" m="28103" /><F51/><W23/><G126/><T53/><D53/><U100/><E100/><V41/><F41/><W40/><G22/><T118/><D74/><U85/><E93/><N who="2" m="35915" /><F130/><W71/><G71/><T47/><D72/><U94/><E94/><V26/><F26/><W131/><G131/><T102/><D118/><U80/><E87/><V96/><F96/><W105/><G99/><T132/><D98/><U16/><E85/><V97/><F97/><W135/><G135/><T19/><D132/><U5/><E65/><V108/><F108/><W36/><G105/><T81/><D15/><U129/><E129/><V6/><AGARI ba="0,0" hai="6,11,12,76,79,82,86,89" m="35915,28103" machi="6" ten="30,2000,0" yaku="8,1,52,1" doraHai="42" who="2" fromWho="2" sc="371,-10,307,-5,176,20,146,-5" />
</Scene>
<Scene>
<INIT seed="5,0,0,1,1,19" ten="361,302,196,141" oya="1" hai0="74,89,25,62,99,12,133,44,131,9,68,104,29" hai1="66,90,36,63,31,7,76,132,8,47,118,129,39" hai2="64,21,6,42,67,126,125,109,107,97,38,13,130" hai3="112,49,77,83,17,23,11,95,135,87,55,53,121"/><U111/><E118/><V84/><F109/><W101/><G121/><T71/><D74/><U15/><E111/><V88/><F130/><W116/><G112/><T93/><D131/><U20/><E129/><V10/><F38/><W114/><G114/><T0/><D0/><U41/><E132/><V24/><F42/><W40/><G135/><T110/><D110/><U45/><E76/><V124/><F107/><W108/><G108/><T34/><D133/><U119/><E119/><V50/><F50/><W54/><G11/><T16/><D104/><U28/><E90/><V57/><F97/><W92/><G116/><T82/><D82/><U80/><E80/><N who="2" m="49159" /><F57/><W85/><G85/><T60/><D44/><U94/><E94/><V56/><F56/><W37/><G37/><T27/><REACH who="0" step="1"/><D25/><REACH who="0" ten="351,302,196,141" step="2"/><U65/><E45/><V51/><F51/><W43/><G49/><T26/><D26/><U106/><E106/><V79/><F79/><W14/><G95/><T35/><D35/><U61/><E39/><V103/><F103/><W115/><G115/><T127/><D127/><U70/><E36/><V75/><F75/><W128/><G128/><T1/><D1/><U102/><E102/><V73/><F73/><W78/><REACH who="3" step="1"/><G77/><REACH who="3" ten="351,302,196,131" step="2"/><T2/><D2/><U48/><E47/><V69/><F69/><AGARI ba="0,2" hai="9,12,16,27,29,34,60,62,68,69,71,89,93,99" machi="69" ten="40,2600,0" yaku="1,1,54,1,53,0" doraHai="19" doraHaiUra="120" who="0" fromWho="2" sc="351,46,302,0,196,-26,131,0" />
</Scene>
<Scene>
<INIT seed="6,0,0,2,0,134" ten="397,302,170,131" oya="2" hai0="58,115,102,52,89,104,15,50,2,16,37,72,92" hai1="54,48,30,98,128,59,120,123,23,97,24,77,121" hai2="130,9,62,95,106,49,53,26,0,81,63,36,67" hai3="65,18,42,103,99,11,135,94,45,90,43,127,126"/><V57/><F106/><W82/><G135/><T56/><D115/><U70/><E128/><V107/><F130/><W108/><G108/><T105/><D2/><U93/><E70/><V125/><F107/><W69/><G69/><T12/><D37/><U74/><E93/><V41/><F125/><N who="3" m="47627" /><G65/><T6/><D72/><U32/><E32/><V83/><F95/><N who="3" m="58879" /><G82/><AGARI ba="0,0" hai="23,24,30,48,54,59,74,77,82,97,98,120,121,123" machi="82" ten="40,1300,0" yaku="13,1" doraHai="134" who="1" fromWho="3" sc="397,0,302,13,170,0,131,-13" />
</Scene>
<Scene>
<INIT seed="7,0,0,4,5,16" ten="397,315,170,118" oya="3" hai0="129,24,124,12,90,42,18,51,103,59,10,26,20" hai1="98,114,104,123,41,113,45,101,71,13,117,93,108" hai2="112,29,86,125,0,132,94,105,69,47,77,67,80" hai3="40,65,3,55,8,84,102,92,133,34,58,107,95"/><W6/><G34/><T122/><D122/><U14/><E123/><V2/><F105/><W19/><G133/><T85/><D124/><U4/><E108/><V131/><F132/><W119/><G119/><T23/><D129/><U121/><E121/><V68/><F125/><W53/><G40/><T27/><D103/><U64/><E117/><V70/><F67/><W126/><G126/><T88/><D88/><U22/><E104/><V115/><F131/><W81/><G65/><T36/><D36/><N who="1" m="21671" /><E4/><V25/><F47/><W52/><G58/><T35/><D35/><U50/><E50/><V54/><F54/><W32/><G32/><T96/><D96/><U111/><E111/><V28/><F94/><W116/><G116/><T127/><D127/><U21/><E71/><V9/><F9/><W11/><G107/><T76/><D76/><U120/><E64/><V73/><F86/><W74/><G74/><T1/><D1/><N who="2" m="618" /><F29/><W31/><G31/><T62/><D51/><U15/><E120/><V135/><F135/><W89/><REACH who="3" step="1"/><G102/><REACH who="3" ten="397,315,170,108" step="2"/><T134/><D42/><U118/><E118/><V66/><F66/><W100/><G100/><T109/><D134/><U38/><E38/><V99/><F115/><AGARI ba="0,1" hai="13,14,15,21,22,93,98,101,113,114,115" m="21671" machi="115" ten="30,3900,0" yaku="15,1,52,2" doraHai="16" who="1" fromWho="2" sc="397,0,315,49,170,-39,108,0" owari="397,50.0,364,16.0,131,-27.0,108,-39.0" />
</Scene>
</mjloggm>