<mjloggm ver="2.3"><GO type="169" lobby="0"/><UN n0="%49%53%53%4F%4E%34" n1="%E9%87%8C%E6%9C%A8%E4%BB%81" n2="%E5%A4%AA%E3%81%8F%E3%81%AA%E3%81%84%E3%81%8A" n3="%E3%81%BE%E3%81%93%E3%81%95%E3%81%A8%76%65%72%32" dan="16,16,19,18" rate="2157.69,2052.72,2290.30,2249.70" sx="M,M,F,M"/><TAIKYOKU oya="0"/>

<Scene>
<INIT seed="0,0,0,3,5,42" ten="250,250,250,250" oya="0" hai0="67,77,68,43,126,107,115,17,10,87,32,15,113" hai1="81,44,59,71,120,103,104,79,93,56,36,30,26" hai2="3,14,116,102,51,25,38,90,80,124,92,132,125" hai3="105,62,133,48,11,108,96,35,16,130,100,1,4"/><T9/><D107/><U88/><E71/><V91/><F38/><W99/><G108/><T117/><D117/><U23/><E120/><V85/><F3/><W39/><G39/><T45/><D32/><U2/><E2/><V55/><F116/><W49/><G130/><T74/><D74/><U131/><E131/><V121/><F121/><W75/><G75/><T34/><D34/><U127/><E127/><V110/><F110/><W84/><G35/><T5/><D126/><U37/><E37/><V61/><F132/><W122/><G99/><T106/><D106/><U12/><E12/><V52/><F102/><W0/><G0/><T65/><D77/><U57/><E103/><V58/><F25/><W134/><G122/><T41/><D41/><U8/><E8/><V111/><F111/><W64/><G84/><T123/><D87/><N who="1" m="48575" /><E36/><V72/><F14/><W28/><G28/><T13/><D123/><U53/><E104/><V33/><F33/><W101/><G101/><T86/><D86/><N who="1" m="52375" /><E44/><V47/><REACH who="2" step="1"/><F91/><REACH who="2" ten="250,250,240,250" step="2"/><W46/><G134/><T73/><D73/><U82/><E82/><V76/><AGARI ba="0,1" hai="47,51,52,55,58,61,72,76,80,85,90,92,124,125" machi="76" ten="30,8000,1" yaku="1,1,2,1,0,1,52,1,54,1,53,0" doraHai="42" doraHaiUra="24" who="2" fromWho="2" sc="250,-40,250,-20,240,90,250,-20" />
</Scene>
<Scene>
<INIT seed="1,0,0,4,4,64" ten="210,230,330,230" oya="1" hai0="59,67,11,29,128,127,51,103,68,113,46,84,36" hai1="56,37,17,4,30,117,18,5,119,114,73,94,12" hai2="71,49,93,116,75,24,132,91,25,85,78,22,135" hai3="121,99,35,102,130,133,129,0,101,83,28,70,33"/><U34/><E73/><V58/><F116/><W98/><G121/><T23/><D113/><U115/><E37/><V16/><F71/><W50/><G0/><T19/><D103/><U100/><E56/><V27/><F75/><W89/><G133/><N who="2" m="51273" /><F78/><W32/><G28/><T1/><D29/><U40/><E40/><V104/><F104/><W125/><G125/><T124/><D84/><U80/><E80/><V122/><F122/><W42/><G89/><T79/><D79/><U31/><E94/><V47/><F58/><W131/><G83/><T41/><D128/><U45/><E45/><V9/><F9/><W88/><G50/><T77/><D1/><U13/><E100/><N who="3" m="38506" /><G42/><AGARI ba="0,0" hai="16,22,24,25,27,42,47,49,85,91,93" m="51273" machi="42" ten="30,2000,0" yaku="20,1,54,1" doraHai="64" who="2" fromWho="3" sc="210,0,230,0,330,20,230,-20" />
</Scene>
<Scene>
<INIT seed="2,0,0,0,2,43" ten="210,230,350,210" oya="2" hai0="51,119,18,3,86,83,26,100,22,62,108,124,114" hai1="131,134,104,7,4,72,42,112,63,96,55,58,5" hai2="78,44,46,45,79,60,10,66,59,84,115,127,99" hai3="133,54,13,1,107,80,27,109,38,106,16,11,40"/><V33/><F115/><W70/><G109/><T61/><D114/><U92/><E104/><V34/><F127/><W47/><G70/><T21/><D3/><U49/><E112/><V24/><F99/><W31/><G133/><T85/><D108/><U2/><E72/><V117/><F117/><W39/><G39/><T125/><D119/><U97/><E134/><V14/><F24/><W67/><G67/><T28/><D100/><U6/><E131/><V29/><F29/><W111/><G111/><T122/><D122/><U65/><E42/><V88/><F33/><W110/><G110/><T94/><D94/><U126/><E126/><V9/><F34/><W56/><G80/><T48/><D26/><U121/><E121/><V8/><F14/><W15/><G15/><T90/><D90/><U25/><E25/><V69/><F69/><W19/><G19/><T135/><D18/><U12/><E2/><V37/><F37/><W71/><G71/><T20/><D20/><U23/><E23/><V91/><F91/><W53/><G1/><T32/><D32/><U81/><E81/><AGARI ba="0,0" hai="8,9,10,44,45,46,59,60,66,78,79,81,84,88" machi="81" ten="40,12000,1" yaku="8,1,52,3,54,1" doraHai="43" who="2" fromWho="1" sc="210,0,230,-120,350,120,210,0" />
</Scene>
<Scene>
<INIT seed="2,1,0,3,5,42" ten="210,110,470,210" oya="2" hai0="111,61,9,5,62,3,94,36,29,104,13,107,134" hai1="18,34,64,59,4,17,1,96,40,133,39,58,99" hai2="127,73,0,69,66,21,89,84,120,11,55,67,57" hai3="98,88,35,126,77,128,121,30,91,45,82,8,32"/><V79/><F120/><W81/><G121/><T14/><D36/><U22/><E34/><V23/><F127/><W24/><G128/><T27/><D111/><U63/><E18/><V56/><F69/><W132/><G35/><T53/><D134/><U71/><E1/><V90/><F73/><W105/><G132/><T47/><D94/><U123/><E4/><V68/><F68/><W101/><G126/><T95/><D95/><U52/><E123/><V20/><F0/><W65/><G65/><N who="2" m="24585" /><F11/><W19/><G82/><T102/><D14/><U83/><E133/><V33/><F33/><W113/><G113/><T118/><D118/><U87/><E40/><V114/><F114/><W54/><G19/><T50/><D13/><N who="1" m="9519" /><E39/><V2/><F2/><W31/><G8/><T130/><D130/><U41/><E41/><V92/><F79/><W112/><G31/><T78/><D78/><N who="1" m="46583" /><E71/><V116/><F116/><W108/><G108/><T74/><D74/><U49/><AGARI ba="1,0" hai="49,52,58,59,63,64,96,99" m="46583,9519" machi="49" ten="30,2000,0" yaku="8,1,54,1" doraHai="42" who="1" fromWho="1" sc="210,-6,110,23,470,-11,210,-6" />
</Scene>
<Scene>
<INIT seed="3,0,0,1,1,26" ten="204,133,459,204" oya="3" hai0="62,77,128,82,24,65,85,48,90,114,104,92,64" hai1="118,19,119,43,98,81,91,79,89,106,11,105,54" hai2="2,116,60,123,29,120,103,6,83,134,94,73,107" hai3="53,96,3,40,55,16,22,32,76,52,45,18,75"/><W58/><G32/><T115/><D104/><N who="1" m="40043" /><E43/><V102/><F116/><N who="1" m="44585" /><E54/><V84/><F107/><W112/><G3/><T70/><D65/><U130/><E130/><V108/><F108/><W57/><G112/><T12/><D128/><U27/><E98/><V41/><F41/><W1/><G1/><T20/><D48/><U38/><E38/><V49/><F49/><W25/><G96/><T80/><D12/><N who="1" m="7583" /><E27/><V4/><F102/><W93/><G93/><T50/><D50/><U133/><E133/><V36/><F103/><W69/><G69/><T31/><REACH who="0" step="1"/><D80/><REACH who="0" ten="194,133,459,204" step="2"/><U129/><E129/><V0/><F83/><W30/><G75/><AGARI ba="0,1" hai="20,24,31,62,64,70,75,77,82,85,90,92,114,115" machi="75" ten="40,5200,0" yaku="1,1,2,1,52,1,53,0" doraHai="26" doraHaiUra="34" who="0" fromWho="3" sc="194,62,133,0,459,0,204,-52" /><AGARI ba="0,0" hai="75,79,81,89,91" m="7583,44585,40043" machi="75" ten="30,1000,0" yaku="12,1" doraHai="26" who="1" fromWho="3" sc="256,0,133,10,459,0,152,-10" />
</Scene>
<Scene>
<INIT seed="4,0,0,1,1,70" ten="256,143,459,142" oya="0" hai0="73,110,3,57,92,133,112,43,72,76,80,50,36" hai1="104,117,39,56,64,78,132,11,79,91,28,51,6" hai2="114,88,24,21,124,32,71,121,8,10,55,75,25" hai3="62,130,27,98,20,66,12,19,89,74,67,14,107"/><T22/><D73/><U115/><E104/><V102/><F71/><W87/><G74/><T109/><D3/><U135/><E39/><V99/><F121/><W35/><G130/><T77/><D77/><U18/><E28/><V111/><F111/><W97/><G67/><T16/><D50/><U123/><E123/><V68/><F68/><W84/><G84/><T125/><D57/><U58/><E18/><V128/><F75/><W86/><G86/><T108/><D92/><U83/><E64/><V118/><F128/><W23/><G35/><T30/><D30/><U101/><E101/><V95/><F32/><W48/><G107/><T61/><D61/><U116/><E91/><V119/><F114/><W29/><G12/><T44/><D125/><U9/><E51/><V65/><F65/><W103/><G103/><T129/><D129/><U53/><E83/><V34/><F34/><W63/><G63/><T94/><D94/><U82/><E82/><V26/><F124/><W4/><G4/><T31/><D31/><U69/><E6/><V131/><F131/><W38/><G38/><T81/><D81/><U47/><E69/><V46/><F102/><W59/><REACH who="3" step="1"/><G48/><REACH who="3" ten="256,143,459,132" step="2"/><T45/><D112/><U85/><E115/><V0/><F0/><W127/><G127/><T122/><D122/><U33/><E33/><V96/><F96/><W37/><G37/><T41/><D36/><U13/><E13/><V105/><F105/><W5/><G5/><T113/><D113/><U40/><E85/><V42/><F99/><W126/><G126/><T93/><D109/><U54/><E47/><RYUUKYOKU ba="0,1" sc="256,-15,143,15,459,-15,132,15" hai1="9,11,40,53,54,56,58,78,79,116,117,132,135" hai3="14,19,20,23,27,29,59,62,66,87,89,97,98" />
</Scene>
<Scene>
<INIT seed="5,1,1,0,1,2" ten="241,158,444,147" oya="1" hai0="26,23,104,69,39,91,41,117,60,77,45,120,48" hai1="3,5,127,80,64,107,11,101,15,95,36,135,134" hai2="93,68,56,123,113,9,57,114,63,75,30,1,37" hai3="119,66,98,10,81,122,126,74,16,47,124,19,71"/><U62/><E107/><V44/><F75/><W49/><G122/><T33/><D120/><U42/><E127/><N who="3" m="48682" /><G119/><T115/><D115/><N who="2" m="44042" /><F123/><W61/><G98/><T12/><D117/><U70/><E80/><V130/><F130/><W52/><G10/><T100/><D33/><U103/><E15/><V131/><F131/><W132/><G132/><N who="1" m="50730" /><E95/><V65/><F30/><W40/><G40/><T73/><D12/><U87/><E87/><V7/><F93/><W38/><G38/><T54/><D91/><U125/><E125/><V118/><F118/><W96/><G96/><T84/><D84/><U112/><E112/><V67/><F67/><W34/><G34/><T58/><D100/><U31/><E31/><V8/><F8/><W116/><G116/><T35/><D104/><U43/><E43/><AGARI ba="1,1" hai="1,7,9,37,43,44,56,57,63,65,68" m="44042" machi="43" ten="30,3900,0" yaku="15,1,11,1,52,1" doraHai="2" who="2" fromWho="1" sc="241,0,158,-42,444,52,147,0" />
</Scene>
<Scene>
<INIT seed="6,0,0,1,0,46" ten="241,116,496,147" oya="2" hai0="91,49,58,10,97,43,127,45,120,17,111,56,35" hai1="114,8,110,117,59,57,119,30,66,125,93,87,61" hai2="101,135,23,25,39,116,64,74,105,6,65,60,113" hai3="80,118,53,99,112,75,76,51,70,16,133,67,86"/><V71/><F116/><W48/><G118/><T100/><D111/><U28/><E110/><V109/><F109/><W78/><G133/><T1/><D35/><U131/><E114/><V95/><F39/><W27/><G112/><T9/><D127/><U21/><E125/><V32/><F74/><W122/><G122/><T90/><D120/><U19/><E131/><V20/><F6/><W124/><G124/><T34/><D34/><U72/><E72/><V22/><F65/><W98/><G70/><T77/><D77/><N who="3" m="29801" /><G67/><T12/><D1/><U47/><E8/><V81/><F81/><W82/><G75/><T104/><REACH who="0" step="1"/><D10/><REACH who="0" ten="231,116,496,147" step="2"/><U7/><E119/><V79/><F32/><W55/><G99/><T85/><D85/><U18/><E87/><V40/><F113/><W84/><G98/><T107/><D107/><U41/><E117/><V4/><F105/><W130/><G130/><T62/><D62/><U38/><E61/><V2/><F60/><W54/><G86/><T31/><D31/><U126/><E126/><V92/><F2/><W88/><G80/><T83/><D83/><U115/><E115/><V26/><F135/><W89/><G89/><AGARI ba="0,1" hai="9,12,17,43,45,49,56,58,89,90,91,97,100,104" machi="89" ten="40,5200,0" yaku="1,1,52,1,53,1" doraHai="46" doraHaiUra="102" who="0" fromWho="3" sc="231,62,116,0,496,0,147,-52" />
</Scene>
<Scene>
<INIT seed="7,0,0,0,5,94" ten="293,116,496,95" oya="3" hai0="118,43,114,108,42,20,7,65,17,69,90,117,132" hai1="102,79,35,130,128,14,32,49,97,26,103,41,83" hai2="50,106,18,62,116,29,47,85,112,81,86,127,60" hai3="87,76,13,91,110,56,11,131,107,46,6,111,84"/><W3/><G107/><T92/><D108/><N who="3" m="41513" /><G131/><N who="1" m="50218" /><E14/><V4/><F106/><W52/><G46/><T37/><D92/><N who="1" m="58663" /><E103/><V51/><F116/><W78/><G3/><T135/><D17/><U109/><E109/><V1/><F1/><W0/><G0/><T77/><D20/><U89/><E89/><V121/><F47/><W120/><G120/><T129/><D65/><U119/><E119/><V30/><F121/><W99/><G87/><T61/><D61/><U101/><E101/><V44/><F86/><W36/><G36/><T58/><D58/><U12/><E12/><V70/><F44/><W134/><G134/><T125/><D42/><U68/><E68/><V39/><F39/><W24/><G24/><T54/><D77/><U59/><E26/><V53/><F85/><W23/><G23/><T88/><D43/><U31/><E31/><V9/><F29/><W10/><G11/><T5/><D37/><U72/><E41/><V2/><F9/><W48/><G99/><T100/><D129/><U15/><E15/><V57/><F2/><W33/><G33/><T63/><D132/><U21/><E21/><V80/><F30/><W27/><G27/><T75/><D135/><U82/><E82/><AGARI ba="0,0" hai="6,10,13,48,52,56,76,78,82,84,91" m="41513" machi="82" ten="30,2900,0" yaku="10,1,54,1" doraHai="94" who="3" fromWho="1" sc="293,0,116,-29,496,0,95,29" />
</Scene>
<Scene>
<INIT seed="7,1,0,4,0,9" ten="293,87,496,124" oya="3" hai0="38,129,51,134,112,10,73,85,25,70,102,93,8" hai1="42,108,101,58,115,135,126,59,118,2,21,63,16" hai2="91,26,22,75,34,19,7,98,54,81,37,82,123" hai3="64,53,120,56,119,83,97,41,20,44,46,33,6"/><W74/><G33/><T68/><D38/><U30/><E108/><V60/><F37/><N who="3" m="21551" /><G20/><T28/><D73/><U55/><E115/><V132/><F132/><W84/><G97/><T39/><D134/><U131/><E135/><V17/><F98/><W114/><G119/><T94/><D112/><U106/><E118/><V89/><F22/><W24/><G24/><T0/><D39/><U11/><E131/><V66/><F26/><W125/><G84/><T29/><D129/><U90/><E126/><V92/><F34/><W23/><G23/><T79/><D25/><U43/><E30/><V67/><F92/><W52/><G6/><T122/><D85/><U121/><E121/><V50/><F7/><W36/><G83/><T113/><D122/><U49/><E2/><V128/><F81/><W99/><G99/><T65/><D79/><U5/><E101/><V69/><F82/><W105/><G105/><T1/><D102/><U32/><E106/><V88/><F123/><W4/><G74/><T62/><D113/><U27/><E32/><V96/><F96/><W124/><G114/><T45/><D93/><U86/><E90/><V57/><F128/><W13/><G120/><T15/><D70/><U116/><E86/><V77/><F75/><W130/><G130/><T80/><D94/><U47/><E116/><V12/><F77/><W104/><G104/><T31/><D80/><U133/><E133/><V3/><F3/><N who="0" m="1098" /><D15/><N who="1" m="5615" /><E59/><N who="2" m="33239" /><F12/><W111/><G111/><T117/><D117/><U40/><AGARI ba="1,0" hai="16,21,27,40,42,43,47,49,55,58,63" m="5615" machi="40" ten="30,4000,0" yaku="8,1,52,1,54,1" doraHai="9" who="1" fromWho="1" sc="293,-11,87,43,496,-11,124,-21" owari="282,8.0,130,-27.0,485,59.0,103,-40.0" />
</Scene>
</mjloggm>