<mjloggm ver="2.3"><GO type="169" lobby="0"/><UN n0="%E5%A4%AA%E3%81%8F%E3%81%AA%E3%81%84%E3%81%8A" n1="%48%6F%6F%6F%6F%6F%6F%69" n2="%79%75%2D%2D%2D%2D%2D%75" n3="%EF%BC%9D%E4%BC%8A%E8%97%A4%E3%81%8B%E3%81%AA%E6%81%B5%EF%BC%9D" dan="19,16,17,16" rate="2313.85,2077.59,2143.42,2111.14" sx="F,M,M,F"/><TAIKYOKU oya="0"/>

<Scene>
<INIT seed="0,0,0,3,1,103" ten="250,250,250,250" oya="0" hai0="130,120,24,132,4,124,40,133,50,28,38,71,82" hai1="93,105,42,9,1,16,68,35,63,104,65,66,25" hai2="99,8,39,106,47,69,6,102,67,123,108,91,23" hai3="13,61,125,51,94,117,95,75,109,44,72,80,135"/><T85/><D120/><U20/><E65/><V131/><F108/><W27/><G117/><T98/><D71/><U70/><E70/><V14/><F123/><W74/><G109/><T114/><D114/><U2/><E42/><V87/><F131/><W33/><G135/><T52/><D130/><U76/><E76/><V81/><F23/><W32/><G125/><T86/><D124/><U18/><E18/><V58/><F69/><W57/><G80/><T59/><D4/><N who="1" m="1167" /><E93/><V54/><F67/><W78/><G78/><T97/><D40/><U110/><E2/><V46/><REACH who="2" step="1"/><F39/><REACH who="2" ten="250,250,240,250" step="2"/><W29/><G33/><T41/><D133/><U77/><E110/><V126/><F126/><W26/><G32/><T118/><D132/><U101/><E77/><V30/><F30/><W55/><G29/><T53/><D118/><U88/><E101/><V111/><F111/><W60/><G27/><T10/><D24/><U12/><E88/><V11/><F11/><W115/><G26/><T15/><D28/><AGARI ba="0,1" hai="12,16,20,25,28,35,63,66,68,104,105" m="1167" machi="28" ten="30,7700,0" yaku="24,1,52,2,54,1" doraHai="103" who="1" fromWho="0" sc="250,-77,250,87,240,0,250,0" />
</Scene>
<Scene>
<INIT seed="1,0,0,3,5,11" ten="173,337,240,250" oya="1" hai0="87,67,127,123,20,48,82,134,71,4,86,92,22" hai1="29,69,96,130,79,56,65,37,74,42,57,19,52" hai2="39,100,98,12,131,118,83,1,60,9,30,94,91" hai3="68,33,10,7,106,14,26,90,41,25,76,44,78"/><U72/><E29/><V66/><F118/><W115/><G115/><T40/><D127/><U61/><E79/><V97/><F39/><W47/><G68/><T109/><D109/><U63/><E130/><V93/><F131/><W111/><G111/><T88/><D134/><U99/><E72/><V2/><F83/><W120/><G120/><T125/><D125/><U70/><E74/><V5/><REACH who="2" step="1"/><F30/><REACH who="2" ten="173,337,230,250" step="2"/><W133/><G133/><T135/><D135/><U27/><E37/><V73/><F73/><W35/><G76/><T85/><D123/><U64/><E70/><AGARI ba="0,1" hai="1,2,5,9,12,60,66,70,91,93,94,97,98,100" machi="70" ten="30,3900,0" yaku="1,1,7,1,52,1,53,0" doraHai="11" doraHaiUra="49" who="2" fromWho="1" sc="173,0,337,-39,230,49,250,0" />
</Scene>
<Scene>
<INIT seed="2,0,0,1,0,32" ten="173,298,279,250" oya="2" hai0="74,79,113,17,105,54,36,132,11,125,58,3,119" hai1="43,133,38,123,5,57,68,27,96,59,16,49,12" hai2="34,122,90,31,77,112,8,101,41,48,134,52,114" hai3="56,121,115,15,97,87,37,33,40,19,128,67,86"/><V44/><F122/><W104/><G121/><T47/><D113/><U110/><E68/><V69/><F69/><W109/><G33/><T126/><D105/><U95/><E110/><V62/><F134/><W71/><G71/><T9/><D132/><U93/><E38/><V102/><F77/><W55/><G67/><T120/><D120/><U80/><E80/><V26/><F8/><W107/><G109/><T70/><D70/><U28/><E5/><V14/><F14/><W85/><G128/><T99/><D99/><U23/><E95/><V42/><F90/><W124/><G124/><N who="0" m="47723" /><D119/><U25/><E25/><V10/><F10/><W21/><G115/><T91/><D91/><U118/><E118/><V24/><F112/><W72/><G72/><T63/><D17/><U100/><E123/><V82/><F114/><W103/><G104/><T73/><D79/><U130/><E130/><V75/><F75/><N who="0" m="28682" /><D3/><U60/><E96/><V127/><F82/><W131/><G131/><T66/><D66/><U7/><E100/><V51/><F127/><W45/><REACH who="3" step="1"/><G87/><REACH who="3" ten="173,298,279,240" step="2"/><T94/><D94/><U135/><E133/><V39/><F34/><W81/><G81/><T106/><D106/><U29/><E135/><V83/><F83/><W117/><G117/><T76/><D76/><U111/><E93/><V108/><F108/><W20/><G20/><T1/><D1/><U6/><E23/><V98/><F98/><W78/><G78/><T2/><D2/><U4/><E111/><V30/><F102/><W129/><G129/><T46/><D36/><U84/><E84/><V89/><F39/><RYUUKYOKU ba="0,1" sc="173,15,298,-15,279,-15,240,15" hai0="9,11,46,47,54,58,63" hai3="15,19,21,37,40,45,55,56,85,86,97,103,107" />
</Scene>
<Scene>
<INIT seed="3,1,1,0,5,32" ten="188,283,264,255" oya="3" hai0="87,27,58,73,77,8,99,47,106,0,44,28,53" hai1="7,4,75,130,128,13,131,103,5,57,133,67,45" hai2="123,26,52,78,83,96,101,38,124,1,116,34,17" hai3="33,3,62,29,10,93,22,119,109,9,35,76,65"/><W122/><G119/><T90/><D73/><U118/><E133/><V19/><F38/><W30/><G122/><T120/><D120/><U129/><E75/><V125/><F123/><W72/><G109/><T81/><D106/><U66/><E118/><V24/><F116/><W85/><G72/><T71/><D71/><U91/><E103/><V11/><F78/><W12/><G35/><T102/><D77/><U59/><E45/><V61/><F83/><W132/><G33/><T105/><D27/><U48/><E91/><V74/><F74/><W16/><G132/><T100/><D28/><N who="3" m="10857" /><G3/><T64/><D64/><N who="1" m="24619" /><E13/><V41/><F1/><W97/><G62/><T89/><D102/><U113/><E113/><V2/><F2/><W40/><G40/><T86/><D8/><U127/><E130/><V112/><F41/><W15/><G65/><T79/><D0/><U25/><E25/><V104/><F112/><W80/><G15/><T31/><D31/><U50/><E127/><N who="2" m="48715" /><F34/><W14/><G14/><T95/><REACH who="0" step="1"/><D79/><REACH who="0" ten="178,283,264,255" step="2"/><U70/><E70/><V94/><F104/><W69/><G69/><T20/><D20/><U114/><E114/><V111/><F111/><W18/><G18/><N who="2" m="6665" /><F11/><W110/><G110/><T135/><D135/><U117/><E117/><V63/><F24/><W98/><G9/><T84/><D84/><U39/><E39/><V56/><F26/><W121/><G121/><T108/><D108/><U23/><E23/><V115/><F115/><W21/><G98/><T6/><D6/><U36/><E36/><V42/><F42/><W107/><G107/><T49/><AGARI ba="1,2" hai="44,47,49,53,58,81,86,87,89,90,95,99,100,105" machi="49" ten="20,12000,2" yaku="1,1,5,1,0,1,7,1,53,2" doraHai="32" doraHaiUra="82" who="0" fromWho="0" sc="178,143,283,-31,264,-31,255,-61" />
</Scene>
<Scene>
<INIT seed="4,0,0,5,1,128" ten="321,252,233,194" oya="0" hai0="108,74,30,22,113,40,19,106,28,4,77,89,25" hai1="20,118,3,97,57,134,11,80,73,132,86,41,8" hai2="111,78,87,47,17,70,15,90,56,2,115,103,93" hai3="123,21,31,38,0,43,10,50,127,130,34,66,92"/><T114/><D106/><U105/><E73/><V23/><F70/><W5/><G130/><T65/><D65/><U110/><E110/><V7/><F111/><W54/><G66/><T120/><D108/><U84/><E41/><V62/><F115/><N who="0" m="44042" /><D40/><U49/><E20/><V36/><F103/><W122/><G127/><T95/><D120/><U91/><E86/><V71/><F71/><W126/><G126/><T61/><D61/><U55/><E118/><V121/><F121/><W112/><G112/><T51/><D51/><U100/><REACH who="1" step="1"/><E3/><REACH who="1" ten="321,242,233,194" step="2"/><V99/><F2/><W82/><G21/><T69/><D74/><U94/><E94/><V26/><F87/><W18/><G92/><T16/><D95/><U96/><E96/><V64/><F36/><W1/><G38/><T39/><D39/><U98/><E98/><V107/><F107/><W13/><G43/><T52/><D22/><U46/><E46/><V35/><F47/><N who="3" m="27999" /><G123/><T60/><D30/><U76/><E76/><V24/><F78/><W124/><G122/><T75/><D77/><U119/><E119/><V133/><F93/><W37/><G37/><T68/><D75/><U63/><E63/><V33/><F99/><W9/><G124/><T81/><D60/><U135/><AGARI ba="0,1" hai="8,11,49,55,57,80,84,91,97,100,105,132,134,135" machi="135" ten="30,12000,2" yaku="1,1,0,1,20,1,52,3,53,0" doraHai="128" doraHaiUra="59" who="1" fromWho="1" sc="321,-60,242,130,233,-30,194,-30" />
</Scene>
<Scene>
<INIT seed="5,0,0,4,2,3" ten="261,372,203,164" oya="1" hai0="102,42,90,93,119,128,57,121,126,32,31,98,76" hai1="17,53,89,99,60,94,12,20,49,51,109,5,14" hai2="52,123,75,127,54,41,59,48,108,47,24,114,36" hai3="67,66,18,4,25,129,88,8,33,82,105,43,61"/><U71/><E109/><V100/><F108/><W83/><G129/><T69/><D69/><U116/><E116/><V55/><F75/><W35/><G105/><T19/><D119/><U2/><E2/><V46/><F100/><W73/><G43/><T0/><D0/><U104/><E104/><V11/><F123/><W23/><G82/><T6/><D76/><U85/><E99/><V84/><F84/><W115/><G115/><T16/><D42/><U118/><E118/><V97/><F97/><W113/><G113/><T45/><D45/><U87/><E87/><V106/><F106/><W15/><G67/><T9/><D128/><U135/><E135/><V110/><F110/><W79/><REACH who="3" step="1"/><G88/><REACH who="3" ten="261,372,203,154" step="2"/><T124/><D90/><U86/><E86/><V29/><F114/><W70/><AGARI ba="0,1" hai="4,8,15,18,23,25,33,35,61,66,70,73,79,83" machi="70" ten="20,8000,1" yaku="1,1,2,1,0,1,7,1,52,1,53,0" doraHai="3" doraHaiUra="125" who="3" fromWho="3" sc="261,-20,372,-40,203,-20,154,90" />
</Scene>
<Scene>
<INIT seed="6,0,0,2,2,58" ten="241,332,183,244" oya="2" hai0="53,37,98,127,82,40,108,19,61,134,77,47,1" hai1="129,48,2,10,27,23,120,89,78,70,86,94,26" hai2="30,6,55,90,42,125,117,74,28,0,106,114,85" hai3="96,5,118,13,93,110,135,102,123,121,116,11,16"/><V32/><F117/><W81/><G110/><T44/><D108/><U69/><E129/><V68/><F74/><W109/><G109/><T57/><D127/><U105/><E105/><V119/><F125/><W88/><G135/><T111/><D111/><U41/><E78/><V65/><F119/><W7/><G116/><T131/><D134/><U92/><E27/><V104/><F42/><W71/><G118/><T8/><D131/><U103/><E103/><V4/><F114/><W130/><G130/><T15/><D1/><U22/><E22/><V17/><F17/><W67/><G71/><T50/><D98/><U84/><E92/><V99/><F55/><W36/><G36/><T25/><D25/><U60/><E86/><V95/><F32/><W14/><G67/><T113/><D113/><U87/><E87/><V39/><F39/><W107/><G81/><T12/><D12/><U3/><E3/><V76/><F0/><W35/><G35/><T64/><D82/><U59/><E10/><V83/><F106/><W38/><G38/><T63/><D77/><U33/><E2/><V31/><REACH who="2" step="1"/><F104/><REACH who="2" ten="241,332,173,244" step="2"/><W45/><G16/><T91/><D37/><U18/><E33/><V51/><F51/><W56/><G107/><T132/><D132/><U34/><E34/><V75/><F75/><W80/><G5/><T62/><D40/><U112/><E112/><V97/><F97/><W9/><G96/><T122/><D50/><U21/><E48/><V115/><F115/><W66/><G7/><T54/><D19/><U73/><E41/><V24/><F24/><W29/><G123/><RYUUKYOKU ba="0,1" sc="241,-10,332,-10,173,30,244,-10" hai2="4,6,28,30,31,65,68,76,83,85,90,95,99" />
</Scene>
<Scene>
<INIT seed="6,1,1,5,3,26" ten="231,322,203,234" oya="2" hai0="62,49,66,128,9,78,40,59,89,60,1,109,74" hai1="64,93,85,100,121,83,44,43,116,19,58,47,32" hai2="65,51,113,17,110,71,61,24,90,38,68,8,81" hai3="127,98,101,54,105,13,99,14,39,10,12,23,135"/><V131/><F38/><W27/><G135/><T73/><D109/><U118/><E32/><V119/><F119/><W55/><G127/><T16/><D128/><U22/><E121/><V111/><F131/><W123/><G123/><T102/><D102/><U11/><E11/><V80/><F68/><W95/><G39/><T133/><D133/><U125/><E125/><V45/><F113/><W52/><G10/><T4/><D78/><U46/><E43/><V63/><F63/><W106/><REACH who="3" step="1"/><G99/><REACH who="3" ten="231,322,203,224" step="2"/><T36/><D36/><U112/><E112/><V69/><F69/><W70/><G70/><T72/><D9/><U88/><E116/><V7/><F111/><W34/><G34/><T108/><D108/><U126/><E118/><V75/><F110/><W129/><G129/><T87/><D4/><U122/><E122/><V18/><F7/><W25/><G25/><T132/><D132/><U0/><E126/><V28/><F8/><W3/><G3/><T103/><D1/><U50/><E0/><V67/><F71/><W15/><N who="3" m="3072" /><DORA hai="92" /><W114/><G114/><T31/><D66/><U107/><E64/><V41/><F67/><W96/><G96/><T30/><D73/><U33/><E33/><N who="2" m="20615" /><F75/><W77/><G77/><T20/><D74/><U130/><E130/><V134/><F134/><W120/><G120/><T86/><D72/><U42/><E19/><AGARI ba="1,2" hai="19,23,27,52,54,55,95,98,101,105,106" m="3072" machi="19" ten="50,8000,1" yaku="1,1,52,1,54,1,53,1" doraHai="26,92" doraHaiUra="5,97" who="3" fromWho="1" sc="231,0,322,-83,203,0,224,103" />
</Scene>
<Scene>
<INIT seed="7,0,0,2,2,57" ten="231,239,203,327" oya="3" hai0="19,47,83,6,84,104,0,24,111,108,4,41,90" hai1="105,89,38,86,39,96,30,133,75,29,88,14,2" hai2="10,94,23,28,98,27,73,85,58,71,92,51,65" hai3="70,109,116,77,82,72,60,119,3,125,87,101,106"/><W64/><G125/><T40/><D104/><U63/><E2/><V80/><F73/><W131/><G131/><T49/><D0/><U53/><E75/><V127/><F127/><W113/><G113/><T78/><D111/><U107/><E86/><V100/><F71/><W121/><G109/><T117/><D117/><U112/><E14/><V17/><F92/><W15/><G121/><T33/><D108/><U55/><E133/><V114/><F114/><W22/><G3/><T54/><D33/><U42/><E42/><N who="0" m="16489" /><D90/><U25/><E25/><V43/><F43/><W102/><G87/><T52/><D54/><U118/><E112/><V48/><F10/><W45/><G22/><AGARI ba="0,0" hai="4,6,19,22,24,47,49,52,78,83,84" m="16489" machi="22" ten="30,2000,0" yaku="8,1,54,1" doraHai="57" who="0" fromWho="3" sc="231,20,239,0,203,0,327,-20" owari="251,5.0,239,-16.0,203,-30.0,307,41.0" />
</Scene>
</mjloggm>