<mjloggm ver="2.3"><GO type="169" lobby="0"/><UN n0="%E5%A4%AA%E3%81%8F%E3%81%AA%E3%81%84%E3%81%8A" n1="%E7%84%9A%E3%81%8D%E7%81%AB" n2="%E5%8D%9A%E9%BA%97%E3%82%86%E3%81%8B%E3%82%8A" n3="%E9%88%B4%E5%B1%8B%E5%86%85%E4%BA%94%E6%9B%B2" dan="19,17,16,16" rate="2322.42,2184.64,2088.10,2121.65" sx="F,M,M,M"/><TAIKYOKU oya="0"/>

<Scene>
<INIT seed="0,0,0,5,5,106" ten="250,250,250,250" oya="0" hai0="48,85,18,22,125,75,89,118,123,109,38,1,50" hai1="76,45,5,93,28,4,124,78,63,62,70,60,27" hai2="29,135,107,12,33,7,103,116,30,10,132,34,40" hai3="81,111,102,11,73,66,110,61,108,130,36,129,95"/><T128/><D118/><U71/><E93/><V43/><F103/><W14/><G36/><T127/><D123/><U55/><E55/><V100/><F100/><W120/><G120/><T98/><D38/><U97/><E45/><V126/><F107/><W56/><G102/><T13/><D1/><U82/><E97/><V54/><F54/><W57/><G95/><N who="0" m="56687" /><D128/><U39/><E39/><V114/><F43/><W3/><G3/><T17/><D85/><U15/><E124/><N who="0" m="47689" /><D109/><U88/><E88/><V24/><F40/><W83/><G57/><T104/><D104/><U90/><E90/><V8/><F126/><W47/><G47/><T117/><D117/><U0/><E0/><V101/><F101/><W21/><G21/><N who="0" m="11439" /><D75/><U2/><E2/><V99/><F99/><W94/><G94/><T112/><D112/><U115/><E115/><V80/><F114/><W121/><G121/><T87/><D87/><U79/><E82/><N who="3" m="31242" /><G73/><T86/><D86/><U31/><E15/><AGARI ba="0,0" hai="15,18,22,48,50" m="11439,47689,56687" machi="15" ten="30,1500,0" yaku="18,1" doraHai="106" who="0" fromWho="1" sc="250,15,250,-15,250,0,250,0" />
</Scene>
<Scene>
<INIT seed="0,1,0,5,1,119" ten="265,235,250,250" oya="0" hai0="72,26,117,89,4,113,6,18,52,44,90,102,11" hai1="14,76,116,1,124,108,126,13,31,69,70,29,91" hai2="55,62,53,7,63,78,81,92,120,30,114,68,107" hai3="17,100,36,16,27,128,40,74,8,49,22,50,131"/><T34/><D117/><U110/><E116/><V75/><F107/><W45/><G74/><T71/><D113/><U25/><E91/><V35/><F114/><W20/><G8/><T101/><D71/><N who="1" m="27147" /><E25/><V28/><F120/><W109/><G109/><N who="1" m="42090" /><E76/><V132/><F68/><W73/><G73/><T134/><D72/><U41/><E1/><V94/><F132/><W32/><G32/><T111/><D111/><U67/><E67/><V112/><F112/><W115/><G115/><T80/><D134/><U122/><E41/><V97/><F7/><N who="0" m="2602" /><D34/><U123/><E13/><V58/><F35/><W39/><G100/><N who="0" m="38507" /><D80/><U86/><E86/><V0/><F0/><W105/><G105/><T37/><D37/><U125/><E14/><V65/><F94/><W129/><REACH who="3" step="1"/><G39/><REACH who="3" ten="265,235,250,240" step="2"/><T54/><D11/><U51/><E51/><V46/><F75/><W96/><G96/><T56/><D44/><U24/><E24/><AGARI ba="1,1" hai="16,17,20,22,24,27,36,40,45,49,50,128,129,131" machi="24" ten="40,8000,1" yaku="1,1,9,1,19,1,54,1,53,0" doraHai="119" doraHaiUra="84" who="3" fromWho="1" sc="265,0,235,-83,250,0,240,93" />
</Scene>
<Scene>
<INIT seed="1,0,0,5,3,5" ten="265,152,250,333" oya="1" hai0="65,124,108,43,118,74,49,70,125,37,55,32,60" hai1="121,50,96,26,6,20,41,47,19,59,88,7,99" hai2="62,130,22,111,15,79,81,2,84,9,57,3,102" hai3="97,33,21,73,134,12,117,25,56,100,38,17,28"/><U115/><E121/><V119/><F119/><W82/><G117/><T104/><D104/><U75/><E75/><V122/><F122/><W93/><G134/><T1/><D32/><U24/><E115/><V116/><F116/><W29/><G38/><T77/><D1/><U63/><E26/><V110/><F102/><W78/><G29/><T18/><D118/><U126/><E126/><N who="0" m="48745" /><D18/><U16/><E19/><V76/><F22/><W66/><G56/><N who="0" m="32879" /><D77/><U42/><E42/><V0/><F79/><W69/><G66/><T14/><D14/><U98/><REACH who="1" step="1"/><E88/><REACH who="1" ten="265,142,250,333" step="2"/><V113/><F113/><W90/><G90/><T95/><D74/><U48/><E48/><V35/><F35/><W123/><G123/><T61/><D43/><U64/><AGARI ba="0,1" hai="6,7,16,20,24,41,47,50,59,63,64,96,98,99" machi="64" ten="30,11700,0" yaku="1,1,0,1,8,1,54,1,53,0" doraHai="5" doraHaiUra="106" who="1" fromWho="1" sc="265,-39,142,127,250,-39,333,-39" />
</Scene>
<Scene>
<INIT seed="1,1,0,2,0,91" ten="226,269,211,294" oya="1" hai0="84,71,63,101,19,39,83,2,114,112,1,10,120" hai1="42,110,108,15,25,133,20,70,85,126,130,23,3" hai2="103,32,54,74,16,5,93,121,119,102,52,65,7" hai3="104,118,6,66,100,115,98,47,48,40,61,73,34"/><U36/><E70/><V94/><F32/><W56/><G115/><T4/><D39/><U131/><E3/><V125/><F74/><W81/><G118/><T38/><D38/><U64/><E64/><V89/><F65/><W124/><G124/><T105/><D1/><U79/><E126/><V77/><F125/><W99/><G34/><T35/><D35/><U28/><E36/><V41/><F41/><W22/><G6/><N who="2" m="2057" /><F77/><W33/><G33/><T12/><D120/><U87/><E42/><V109/><F109/><N who="1" m="42089" /><E79/><V43/><F43/><W116/><G116/><T50/><D71/><U111/><N who="1" m="42097" /><U26/><DORA hai="75" /><E133/><V82/><F121/><W24/><G99/><T31/><D2/><U30/><E15/><V117/><F117/><W67/><G73/><T132/><D12/><U46/><E46/><V17/><F119/><W123/><G123/><T9/><D132/><U88/><E87/><N who="2" m="50423" /><F102/><W59/><G67/><T97/><D114/><U11/><E11/><V45/><F103/><W14/><G14/><T106/><D10/><U72/><E72/><V76/><F76/><W18/><REACH who="3" step="1"/><G81/><AGARI ba="1,0" hai="20,23,25,26,28,30,81,85,88,130,131" m="42097" machi="81" ten="40,7700,0" yaku="14,1,10,1,54,1" doraHai="91,75" who="1" fromWho="3" sc="226,0,269,80,211,0,294,-80" />
</Scene>
<Scene>
<INIT seed="1,2,0,2,2,43" ten="226,349,211,214" oya="1" hai0="56,4,38,110,55,93,73,127,101,46,59,49,17" hai1="118,132,21,30,106,97,71,95,37,96,51,7,60" hai2="114,104,76,22,88,109,41,8,16,90,24,12,69" hai3="117,134,91,28,80,103,99,120,79,115,123,61,100"/><U130/><E37/><V39/><F104/><W14/><G115/><T129/><D73/><U113/><E113/><V29/><F69/><W66/><G134/><T111/><D4/><U83/><E118/><V57/><F114/><W119/><G28/><T108/><D129/><U112/><E112/><V52/><F109/><W42/><G42/><N who="0" m="22871" /><D17/><U84/><E130/><V5/><F76/><W78/><G14/><T75/><D75/><U13/><E132/><V31/><F41/><W89/><G61/><T82/><D82/><U94/><E106/><V18/><F39/><W92/><G66/><T20/><D20/><U23/><E71/><V102/><F102/><W34/><G34/><T98/><D127/><U87/><E60/><N who="2" m="35879" /><F18/><W0/><G0/><T36/><D36/><U68/><E68/><V116/><F116/><N who="3" m="44619" /><G78/><T15/><D15/><U33/><E33/><V105/><F105/><W128/><G128/><T54/><D54/><U63/><E63/><V27/><F27/><W72/><G103/><T77/><D77/><U122/><E51/><V62/><F62/><W70/><G70/><T26/><D26/><U48/><E48/><V1/><F1/><W81/><G91/><AGARI ba="2,0" hai="5,8,12,16,22,24,29,31,88,90,91" m="35879" machi="91" ten="30,7700,0" yaku="8,1,54,3" doraHai="43" who="2" fromWho="3" sc="226,0,349,0,211,83,214,-83" />
</Scene>
<Scene>
<INIT seed="2,0,0,3,0,75" ten="226,349,294,131" oya="2" hai0="10,71,33,8,125,54,84,90,17,127,128,70,82" hai1="135,28,89,101,41,32,79,19,64,0,134,29,68" hai2="111,48,23,129,44,77,3,102,80,18,35,109,119" hai3="59,132,47,94,92,98,85,27,24,50,14,4,31"/><V43/><F119/><W25/><G132/><T87/><D33/><U122/><E0/><V93/><F35/><W115/><G115/><T106/><D106/><U114/><E114/><V100/><F3/><W113/><G113/><T107/><D107/><U110/><E41/><V66/><F66/><W124/><G124/><N who="0" m="47691" /><D128/><U56/><E89/><V76/><F129/><W1/><G1/><T16/><D54/><U69/><E101/><N who="2" m="39019" /><F80/><W83/><G59/><T49/><D49/><U6/><E68/><N who="0" m="26153" /><D84/><U5/><E69/><V130/><F93/><W97/><G31/><T21/><D17/><U30/><E32/><V37/><F37/><W95/><G4/><T11/><D11/><U65/><E65/><V78/><F130/><W67/><G67/><T104/><D104/><U63/><E122/><V121/><F121/><W88/><REACH who="3" step="1"/><G14/><AGARI ba="0,0" hai="8,10,14,16,21,82,87,90" m="26153,47691" machi="14" ten="30,2000,0" yaku="18,1,54,1" doraHai="75" who="0" fromWho="3" sc="226,20,349,0,294,0,131,-20" />
</Scene>
<Scene>
<INIT seed="3,0,0,1,3,100" ten="246,349,294,111" oya="3" hai0="11,80,63,33,16,127,3,101,123,92,49,73,41" hai1="67,5,39,97,12,29,78,132,10,99,36,13,116" hai2="111,76,131,68,14,72,88,107,113,19,109,89,79" hai3="1,124,18,59,30,81,42,35,121,84,114,27,77"/><W135/><G121/><T98/><D33/><U28/><E78/><V70/><F70/><W2/><BYE who="2" /><G114/><T38/><D123/><U118/><E67/><V120/><F120/><W40/><G135/><T7/><D127/><U117/><E132/><V104/><F104/><W50/><G124/><T112/><D112/><U133/><E133/><V23/><F23/><W34/><G34/><T53/><D63/><U57/><E57/><V119/><F119/><W64/><G18/><T130/><D130/><U43/><E13/><V83/><F83/><W46/><G40/><T106/><D92/><U71/><E71/><V115/><F115/><W95/><G95/><UN n2="%E5%8D%9A%E9%BA%97%E3%82%86%E3%81%8B%E3%82%8A" /><T85/><D73/><U82/><E82/><V122/><F113/><W129/><G129/><T32/><BYE who="2" /><D32/><UN n2="%E5%8D%9A%E9%BA%97%E3%82%86%E3%81%8B%E3%82%8A" /><U58/><E58/><V126/><F131/><W54/><REACH who="3" step="1"/><G64/><REACH who="3" ten="246,349,294,101" step="2"/><T52/><D16/><U21/><E43/><V56/><F19/><W108/><G108/><T86/><D41/><U103/><E29/><V51/><F126/><W90/><G90/><T55/><D38/><AGARI ba="0,1" hai="1,2,27,30,35,38,42,46,50,54,59,77,81,84" machi="38" ten="30,2900,0" yaku="1,1,7,1,53,0" doraHai="100" doraHaiUra="8" who="3" fromWho="0" sc="246,-29,349,0,294,0,101,39" />
</Scene>
<Scene>
<INIT seed="3,1,0,0,3,44" ten="217,349,294,140" oya="3" hai0="98,87,30,89,67,131,124,23,59,58,134,69,66" hai1="77,54,130,16,82,4,74,129,97,81,39,107,31" hai2="38,120,9,118,79,100,104,41,135,91,73,68,110" hai3="17,15,48,26,76,55,127,33,86,3,52,103,29"/><W93/><G127/><T114/><D124/><U36/><E31/><V111/><F9/><W125/><G125/><T18/><D131/><N who="1" m="50187" /><E4/><V27/><F27/><W117/><G117/><T94/><D134/><U57/><E82/><V70/><F41/><W5/><G55/><T8/><D114/><U1/><E1/><V19/><F19/><W45/><G3/><T2/><D69/><U62/><E107/><V50/><F50/><W80/><G5/><T85/><D2/><U51/><E97/><V34/><F79/><W49/><G49/><T116/><D30/><U128/><N who="1" m="50195" /><U75/><DORA hai="83" /><E75/><V115/><F100/><W90/><G103/><T102/><D8/><U126/><E126/><V32/><F91/><W20/><G76/><T25/><D116/><U109/><E109/><V132/><F135/><W95/><AGARI ba="1,0" hai="15,17,20,26,29,33,45,48,52,80,86,90,93,95" machi="95" ten="30,11700,0" yaku="0,1,52,2,54,1" doraHai="44,83" who="3" fromWho="3" sc="217,-40,349,-40,294,-40,140,120" />
</Scene>
<Scene>
<INIT seed="3,2,0,1,3,100" ten="177,309,254,260" oya="3" hai0="22,43,34,79,73,7,126,105,36,130,61,58,108" hai1="83,69,116,2,90,129,109,92,113,57,95,107,127" hai2="67,102,134,112,31,117,42,89,99,82,50,96,93" hai3="87,20,66,103,32,122,128,1,65,54,18,4,91"/><W62/><G122/><T25/><D108/><U29/><E69/><V15/><F117/><W0/><G128/><T17/><D130/><U49/><E129/><V81/><F112/><W23/><G32/><T119/><D119/><U97/><E116/><V5/><F67/><W77/><G77/><T53/><D126/><U8/><E113/><V104/><F31/><W74/><G74/><T26/><D7/><U111/><E127/><V55/><F42/><W78/><G78/><T131/><D131/><U19/><E29/><V133/><F15/><W59/><G103/><T123/><D123/><U63/><E49/><V12/><F12/><W118/><G23/><T16/><D105/><U38/><E38/><V70/><F70/><W13/><G118/><T125/><D125/><U30/><E30/><V41/><F41/><W6/><G1/><T114/><D114/><U135/><E135/><N who="2" m="51723" /><F5/><N who="3" m="2155" /><G0/><T21/><D34/><U44/><E44/><AGARI ba="2,0" hai="44,50,55,81,82,89,93,96,99,102,104" m="51723" machi="44" ten="30,2000,0" yaku="20,1,52,1" doraHai="100" who="2" fromWho="1" sc="177,0,309,-26,254,26,260,0" />
</Scene>
<Scene>
<INIT seed="4,0,0,4,1,64" ten="177,283,280,260" oya="0" hai0="58,34,2,110,27,78,71,90,95,124,13,123,85" hai1="53,122,63,9,26,42,133,91,17,102,57,32,111" hai2="59,38,51,4,114,24,82,25,41,15,112,117,12" hai3="56,104,92,76,93,44,21,129,135,16,28,50,87"/><T125/><D2/><U83/><E122/><V23/><F38/><W67/><G135/><T19/><D123/><U36/><E111/><V48/><F82/><W47/><G129/><T55/><D110/><U6/><E102/><V79/><F79/><W84/><G104/><T22/><D78/><U100/><E100/><V52/><F117/><W69/><G28/><T18/><D71/><U86/><E133/><V65/><F65/><W107/><G107/><T54/><D34/><U89/><E36/><V75/><F75/><W109/><G109/><T70/><D70/><U11/><E42/><V121/><F4/><W45/><G69/><T127/><REACH who="0" step="1"/><D58/><REACH who="0" ten="167,283,280,260" step="2"/><U81/><E32/><V8/><F121/><W62/><G76/><T3/><D3/><U115/><E115/><V126/><F59/><W80/><G50/><T108/><D108/><U119/><E119/><V40/><F51/><W35/><G35/><T1/><D1/><U20/><E6/><V7/><F7/><W97/><G56/><T98/><D98/><U88/><E91/><V33/><F33/><W72/><G97/><T60/><D60/><U0/><E0/><V101/><F114/><W113/><G113/><T99/><D99/><U74/><E74/><V96/><F112/><W14/><G72/><T128/><D128/><U134/><E134/><V94/><F96/><W106/><G106/><T68/><D68/><U29/><E29/><V10/><F101/><W73/><G73/><T61/><D61/><U66/><E66/><V31/><F31/><W77/><G87/><AGARI ba="0,1" hai="9,11,17,20,26,53,57,63,81,83,86,87,88,89" machi="87" ten="40,5200,0" yaku="9,1,8,1,54,1" doraHai="64" who="1" fromWho="3" sc="167,0,283,62,280,0,260,-52" />
</Scene>
<Scene>
<INIT seed="5,0,0,5,0,89" ten="167,345,280,208" oya="1" hai0="9,86,35,80,14,114,18,70,135,111,43,116,26" hai1="127,84,102,24,45,47,106,34,76,88,74,0,65" hai2="7,79,49,117,132,75,20,100,78,56,110,27,60" hai3="52,37,1,63,54,85,58,81,129,134,109,57,53"/><U15/><E0/><V46/><F117/><W4/><G109/><T120/><D111/><U16/><E65/><V21/><F110/><W113/><G113/><T83/><D116/><U128/><E127/><V133/><F7/><W99/><G134/><N who="2" m="51817" /><F100/><W131/><G37/><T96/><D135/><U64/><E64/><N who="2" m="38919" /><F75/><W38/><G38/><T31/><D114/><U10/><E128/><V28/><F21/><W87/><G99/><T103/><D120/><U125/><E125/><V105/><F105/><W8/><G87/><T124/><D124/><U25/><E76/><V5/><F5/><W22/><G22/><T126/><D126/><U97/><E74/><V59/><F59/><W66/><REACH who="3" step="1"/><G57/><REACH who="3" ten="167,345,280,198" step="2"/><T11/><D70/><U121/><E121/><V62/><F62/><W40/><G40/><AGARI ba="0,1" hai="20,27,28,40,46,49,78,79" m="38919,51817" machi="40" ten="30,1000,0" yaku="20,1" doraHai="89" who="2" fromWho="3" sc="167,0,345,0,280,20,198,-10" />
</Scene>
<Scene>
<INIT seed="6,0,0,4,3,106" ten="167,345,300,188" oya="2" hai0="111,133,88,101,1,97,53,50,131,105,95,8,74" hai1="16,76,12,102,119,129,15,57,75,37,31,89,13" hai2="113,4,123,130,64,91,47,87,6,59,118,48,82" hai3="63,30,45,11,84,117,77,44,36,46,68,23,69"/><V20/><F123/><W128/><G117/><T85/><D111/><U114/><E119/><V9/><F118/><W52/><G128/><T86/><D131/><U61/><E129/><V81/><F113/><W17/><G36/><T120/><D120/><U18/><E37/><V65/><F130/><W66/><G30/><T92/><D133/><U51/><E114/><V35/><F35/><W121/><G11/><T94/><D74/><U67/><E102/><V5/><F20/><W21/><G121/><T112/><D112/><U107/><E107/><V125/><F125/><W116/><G116/><T2/><D8/><U28/><E89/><V134/><F134/><W41/><G41/><T72/><D72/><U54/><E76/><V124/><F124/><W22/><G69/><T40/><D40/><U103/><E103/><V49/><F9/><W19/><REACH who="3" step="1"/><G52/><REACH who="3" ten="167,345,300,178" step="2"/><T42/><D42/><U127/><E127/><V93/><F6/><W34/><G34/><T55/><D55/><U100/><E31/><V110/><F5/><W38/><G38/><T99/><D99/><U3/><E28/><V126/><F4/><W96/><G96/><T73/><D73/><U115/><E75/><V27/><F126/><W0/><G0/><T58/><REACH who="0" step="1"/><D85/><REACH who="0" ten="157,345,300,178" step="2"/><U80/><E54/><N who="2" m="32199" /><F87/><W98/><G98/><T90/><D90/><U109/><E115/><V79/><F91/><W33/><G33/><T104/><D104/><U24/><E3/><AGARI ba="0,2" hai="1,2,3,50,53,58,86,88,92,94,95,97,101,105" machi="3" ten="40,2600,0" yaku="1,1,54,1,53,0" doraHai="106" doraHaiUra="135" who="0" fromWho="1" sc="157,46,345,-26,300,0,178,0" />
</Scene>
<Scene>
<INIT seed="7,0,0,0,4,50" ten="203,319,300,178" oya="3" hai0="23,81,128,22,109,122,129,111,126,115,70,39,88" hai1="110,113,54,78,4,94,42,13,64,18,61,114,102" hai2="59,83,71,32,46,73,98,48,26,41,125,96,69" hai3="82,79,135,49,24,116,75,57,0,45,62,35,1"/><W47/><G116/><T3/><D122/><U44/><E110/><N who="0" m="41993" /><D39/><U106/><E106/><V21/><F32/><W58/><G135/><T56/><D70/><U65/><E4/><V107/><F125/><W112/><G112/><N who="1" m="43114" /><E78/><V101/><F98/><W11/><G47/><T38/><D38/><N who="1" m="21591" /><E54/><V8/><F8/><W130/><G130/><N who="0" m="50283" /><D115/><U15/><E18/><V127/><F127/><W17/><G58/><T14/><D56/><N who="1" m="36903" /><E65/><V37/><F73/><W25/><G25/><T121/><D14/><U100/><E100/><V40/><F83/><W9/><G9/><T105/><D23/><U29/><E29/><V34/><F34/><W84/><G75/><T91/><D3/><U27/><E27/><V92/><F107/><W51/><G51/><T134/><D105/><U31/><E31/><V86/><F86/><W76/><G76/><T90/><D126/><U120/><E120/><V33/><F33/><W74/><G74/><T19/><D121/><U16/><E16/><V97/><F41/><W93/><G35/><T95/><D81/><U20/><E20/><V10/><F10/><W124/><G124/><T28/><D28/><U103/><E103/><V108/><F108/><W52/><G93/><T123/><D123/><U60/><E60/><V104/><F59/><W87/><G87/><T72/><D72/><U6/><E6/><V77/><F77/><W119/><G119/><T85/><D85/><U132/><E132/><V43/><F48/><W63/><G63/><T117/><D134/><U12/><E12/><V131/><F131/><W5/><G5/><T55/><D117/><RYUUKYOKU ba="0,0" sc="203,-10,319,30,300,-10,178,-10" hai1="13,15,94,102" owari="193,-21.0,349,45.0,290,9.0,168,-33.0" />
</Scene>
</mjloggm>