<mjloggm ver="2.3"><GO type="169" lobby="0"/><UN n0="%E7%A8%B2%E4%BD%9C%E3%83%B4%E3%82%A9%E3%83%AB%E3%82%B1%E3%82%A4%E3%83%8E" n1="%E6%8E%A8%E7%A9%BA%EF%BC%B0" n2="%E9%87%98%E5%AE%AE%E7%97%85%E6%82%A3%E8%80%85" n3="%E5%A4%AA%E3%81%8F%E3%81%AA%E3%81%84%E3%81%8A" dan="18,16,17,18" rate="2160.02,2094.95,2235.40,2206.00" sx="M,F,F,F"/><TAIKYOKU oya="0"/>

<Scene>
<INIT seed="0,0,0,4,4,112" ten="250,250,250,250" oya="0" hai0="11,77,19,72,16,117,39,10,58,23,103,12,120" hai1="99,123,108,9,94,4,21,28,31,33,57,135,126" hai2="5,65,118,134,88,74,132,38,71,63,18,48,54" hai3="98,91,20,97,30,86,27,115,69,73,62,109,66"/><T55/><D120/><U131/><E123/><V17/><F74/><W82/><G115/><T45/><D103/><U100/><E108/><V80/><F38/><W105/><G109/><T47/><D117/><U130/><E33/><V84/><F5/><W122/><G122/><T64/><D64/><U24/><E31/><V95/><F80/><W22/><G73/><T32/><D32/><U8/><E135/><N who="2" m="51755" /><F118/><W26/><REACH who="3" step="1"/><G105/><REACH who="3" ten="250,250,250,240" step="2"/><T29/><D72/><U35/><E35/><V68/><F68/><W121/><G121/><T83/><D39/><U78/><E126/><V2/><F2/><W50/><G50/><T43/><D10/><U67/><E9/><V51/><F51/><W44/><G44/><AGARI ba="0,1" hai="17,18,44,48,54,63,65,71,84,88,95" m="51755" machi="44" ten="30,2000,0" yaku="20,1,54,1" doraHai="112" who="2" fromWho="3" sc="250,0,250,0,250,30,240,-20" />
</Scene>
<Scene>
<INIT seed="1,0,0,2,0,10" ten="250,250,280,220" oya="1" hai0="72,88,120,25,67,32,17,76,98,100,115,63,7" hai1="58,132,95,79,70,53,51,15,24,29,74,36,91" hai2="13,99,125,20,89,124,38,26,73,11,110,119,77" hai3="39,87,69,61,133,112,35,83,104,37,0,118,9"/><U40/><E132/><V52/><F119/><W34/><G112/><T131/><D115/><U59/><E70/><V127/><F38/><W16/><G104/><T111/><D111/><U49/><E36/><V48/><F110/><W57/><G69/><T106/><D131/><U31/><E74/><V102/><F89/><W134/><G118/><T27/><D120/><U45/><E79/><V46/><F77/><W126/><G126/><N who="2" m="32257" /><V96/><DORA hai="123" /><F73/><W55/><G39/><T12/><D7/><U135/><E135/><N who="3" m="51722" /><G37/><T85/><D76/><U6/><E59/><V103/><F103/><W3/><G3/><T81/><D32/><U114/><E114/><V5/><F102/><W30/><G30/><AGARI ba="0,0" hai="5,11,13,20,26,30,46,48,52,96,99" m="32257" machi="30" ten="40,5200,0" yaku="18,1,52,1,54,1" doraHai="10,123" who="2" fromWho="3" sc="250,0,250,0,280,52,220,-52" />
</Scene>
<Scene>
<INIT seed="2,0,0,3,0,113" ten="250,250,332,168" oya="2" hai0="34,83,109,50,27,96,116,132,26,13,52,108,115" hai1="38,72,70,15,86,47,100,107,12,3,5,82,56" hai2="135,16,24,78,71,119,92,6,98,48,105,80,53" hai3="85,73,4,134,28,11,121,2,90,22,101,37,68"/><V112/><F71/><W0/><G121/><T129/><D115/><U54/><E70/><V61/><F112/><W25/><G73/><T128/><D132/><U20/><E72/><V29/><F105/><W8/><G68/><T127/><D127/><U110/><E3/><V76/><F6/><W84/><G37/><T125/><D125/><U133/><E133/><V77/><F135/><W67/><G134/><T130/><D83/><U102/><E110/><N who="0" m="42601" /><D116/><U21/><E107/><V97/><F61/><W94/><G101/><N who="1" m="39018" /><E47/><N who="2" m="27807" /><F119/><W46/><G67/><T118/><D118/><U14/><E38/><V39/><F39/><W41/><G46/><N who="0" m="27735" /><D34/><U62/><E5/><V1/><F1/><W69/><G69/><T117/><D117/><U58/><E58/><V111/><F111/><W64/><G64/><T63/><D96/><N who="2" m="36970" /><F92/><W43/><G85/><T59/><D13/><N who="1" m="3331" /><U42/><DORA hai="55" /><E42/><V122/><F122/><W36/><G36/><T18/><D18/><U60/><E60/><V44/><F44/><W99/><G99/><T104/><D104/><U89/><AGARI ba="0,0" hai="20,21,54,56,62,82,86,89" m="3331,39018" machi="89" ten="40,2700,0" yaku="8,1,52,1" doraHai="113,55" who="1" fromWho="1" sc="250,-7,250,27,332,-13,168,-7" />
</Scene>
<Scene>
<INIT seed="3,0,0,4,5,72" ten="243,277,319,161" oya="3" hai0="20,98,6,17,92,113,119,130,66,132,52,127,53" hai1="83,125,111,117,22,27,118,55,51,129,116,131,110" hai2="126,108,59,90,123,78,7,101,28,99,112,54,14" hai3="91,103,82,114,57,39,104,75,60,42,8,50,35"/><W67/><G114/><T45/><D119/><U34/><E83/><V69/><F112/><W15/><G35/><T115/><D132/><U47/><E34/><V122/><F69/><W40/><G39/><T0/><D130/><N who="1" m="49675" /><E22/><V80/><F28/><W134/><G134/><T68/><D127/><U46/><E27/><V56/><F90/><W58/><G104/><T63/><D6/><U11/><E11/><N who="2" m="4479" /><F108/><N who="1" m="41513" /><E125/><V16/><F54/><N who="3" m="31959" /><G103/><T64/><D64/><U135/><E135/><V88/><F126/><W3/><G75/><T107/><D107/><U95/><E95/><N who="2" m="56807" /><F101/><W84/><G3/><T74/><D0/><U29/><E29/><V121/><F16/><AGARI ba="0,0" hai="8,15,16,40,42,58,60,67,82,84,91" m="31959" machi="16" ten="30,2900,0" yaku="8,1,54,1" doraHai="72" who="3" fromWho="2" sc="243,0,277,0,319,-29,161,29" />
</Scene>
<Scene>
<INIT seed="3,1,0,2,0,46" ten="243,277,290,190" oya="3" hai0="125,99,118,113,40,93,135,81,96,79,101,3,58" hai1="23,107,38,26,29,52,35,86,98,0,55,41,83" hai2="104,82,103,17,129,116,53,39,51,73,33,31,28" hai3="120,87,37,85,119,56,109,74,78,112,127,15,47"/><W57/><G112/><T60/><D118/><U13/><E0/><V111/><F116/><W14/><G119/><T102/><D113/><U75/><E75/><V19/><F39/><W110/><G120/><T21/><D135/><U108/><E108/><N who="3" m="41578" /><G74/><T133/><D133/><U69/><E69/><V88/><F111/><W7/><G127/><T95/><D125/><U44/><E107/><V91/><F73/><W130/><G130/><T1/><D40/><U30/><E98/><V117/><F117/><W92/><G92/><T121/><D121/><U22/><E35/><V25/><F129/><W59/><G7/><T50/><D21/><U49/><E38/><V124/><F124/><W42/><G85/><T115/><D115/><U105/><E105/><V71/><F71/><W64/><G64/><T43/><D43/><U27/><E13/><V114/><F114/><W128/><G128/><T18/><D18/><U16/><E30/><V97/><F28/><W84/><G84/><T89/><D89/><AGARI ba="1,0" hai="16,22,23,26,27,29,41,44,49,52,55,83,86,89" machi="89" ten="30,8000,1" yaku="7,1,8,1,52,1,54,2" doraHai="46" who="1" fromWho="0" sc="243,-83,277,83,290,0,190,0" />
</Scene>
<Scene>
<INIT seed="4,0,0,1,0,110" ten="160,360,290,190" oya="0" hai0="99,95,72,131,62,73,134,31,59,123,16,98,133" hai1="102,19,60,112,55,63,25,8,92,127,129,96,93" hai2="43,56,13,33,67,50,82,86,30,18,115,17,108" hai3="3,106,12,88,36,28,89,34,118,24,35,37,45"/><T87/><D123/><U54/><E129/><V103/><F108/><W47/><G3/><T90/><D131/><U135/><E135/><N who="0" m="51721" /><D31/><U125/><E8/><V107/><F107/><W126/><G118/><T48/><D48/><U23/><E93/><V85/><F103/><W117/><G117/><T77/><D16/><N who="2" m="6250" /><F33/><W44/><G126/><N who="1" m="48138" /><E112/><V29/><F115/><W61/><G106/><T57/><D57/><U105/><E105/><V70/><F70/><W52/><G12/><T122/><D122/><U39/><E39/><V21/><F13/><W27/><G61/><AGARI ba="0,0" hai="19,23,25,54,55,60,61,63,92,96,102" m="48138" machi="61" ten="30,1000,0" yaku="18,1" doraHai="110" who="1" fromWho="3" sc="160,0,360,10,290,0,190,-10" />
</Scene>
<Scene>
<INIT seed="5,0,0,4,1,5" ten="160,370,290,180" oya="1" hai0="7,39,112,98,116,16,74,82,58,99,103,87,89" hai1="106,123,105,2,111,109,44,50,121,63,54,134,115" hai2="61,90,47,0,27,94,28,4,43,96,126,51,37" hai3="23,13,67,100,55,49,129,60,101,8,19,36,133"/><U81/><E2/><V15/><F126/><W3/><G36/><T22/><D116/><U24/><E24/><V1/><F61/><W88/><G129/><T69/><D69/><U132/><E81/><V9/><REACH who="2" step="1"/><F37/><REACH who="2" ten="160,370,280,180" step="2"/><W30/><G133/><N who="1" m="51306" /><E106/><V68/><F68/><W120/><G120/><N who="1" m="46154" /><E105/><V70/><F70/><W80/><G60/><T92/><D39/><U21/><E21/><AGARI ba="0,1" hai="0,1,4,9,15,21,27,28,43,47,51,90,94,96" machi="21" ten="30,7700,0" yaku="1,1,7,1,52,1,53,1" doraHai="5" doraHaiUra="6" who="2" fromWho="1" sc="160,0,370,-77,280,87,180,0" />
</Scene>
<Scene>
<INIT seed="6,0,0,5,0,53" ten="160,293,367,180" oya="2" hai0="118,16,49,62,133,23,68,78,12,28,44,108,40" hai1="121,3,69,1,104,17,27,106,99,82,54,119,134" hai2="50,6,18,2,81,93,73,24,41,101,127,25,13" hai3="11,55,32,48,60,98,77,59,102,52,105,84,20"/><V94/><F127/><W89/><G32/><T75/><D108/><U37/><E119/><V51/><F2/><W71/><G77/><T122/><D122/><U29/><E134/><V10/><F73/><W131/><G131/><T96/><D133/><U5/><E121/><V85/><F50/><W100/><G100/><T0/><D118/><U72/><E69/><V126/><F126/><W123/><G123/><T113/><D113/><U86/><E72/><V95/><F101/><W34/><G34/><T7/><D28/><U116/><E37/><V30/><F18/><W43/><G43/><T80/><D96/><U83/><E116/><V132/><F30/><W4/><G20/><T90/><D90/><U124/><E124/><V56/><F132/><W92/><G71/><T74/><D74/><U47/><E29/><V46/><F56/><W65/><REACH who="3" step="1"/><G48/><REACH who="3" ten="160,293,367,170" step="2"/><T130/><D130/><U64/><E27/><V21/><F21/><W117/><G117/><T125/><D125/><U8/><E8/><V19/><F25/><W22/><G22/><T38/><D49/><U91/><E5/><V31/><F6/><W115/><G115/><T76/><D78/><U35/><E35/><V61/><F24/><W103/><G103/><T129/><D129/><U88/><E17/><V112/><F112/><W67/><G67/><N who="0" m="41079" /><D7/><U15/><E64/><V39/><F51/><W63/><G63/><T42/><D40/><U128/><E128/><V14/><F61/><W9/><G9/><T114/><D114/><U107/><E15/><AGARI ba="0,1" hai="4,11,15,52,55,59,60,65,84,89,92,98,102,105" machi="15" ten="30,7700,0" yaku="1,1,7,1,52,1,54,1,53,0" doraHai="53" doraHaiUra="135" who="3" fromWho="1" sc="160,0,293,-77,367,0,170,87" />
</Scene>
<Scene>
<INIT seed="7,0,0,0,4,116" ten="160,216,367,257" oya="3" hai0="2,26,125,92,97,72,78,65,24,45,74,60,3" hai1="39,63,32,67,58,12,33,17,102,18,27,90,36" hai2="112,118,37,68,104,70,13,30,29,15,46,87,93" hai3="50,4,75,62,94,107,131,120,7,49,66,122,109"/><W40/><G107/><T61/><D45/><U69/><E102/><V53/><F104/><W84/><G75/><T5/><D5/><U55/><E90/><V0/><F0/><W117/><G117/><T128/><D92/><U83/><E83/><V111/><F111/><W119/><G119/><T1/><D65/><U108/><E108/><V10/><F118/><W14/><G109/><T103/><D97/><U81/><E81/><V64/><F112/><W41/><G84/><T51/><D51/><U22/><E33/><V132/><F132/><W9/><G94/><T100/><D128/><U95/><E95/><V115/><F115/><W124/><G131/><T38/><D38/><U57/><E69/><V52/><F37/><W113/><G113/><T77/><REACH who="0" step="1"/><D2/><REACH who="0" ten="150,216,367,257" step="2"/><U123/><E39/><V11/><F64/><W31/><G4/><T86/><D86/><U134/><E36/><V34/><F46/><W47/><G50/><T54/><D54/><U88/><E55/><V44/><F44/><W8/><G49/><T59/><D59/><U99/><E57/><V98/><F93/><W127/><G47/><T126/><AGARI ba="0,1" hai="1,3,24,26,60,61,72,74,77,78,100,103,125,126" machi="126" ten="25,6400,0" yaku="1,1,0,1,22,2,53,0" doraHai="116" doraHaiUra="82" who="0" fromWho="0" sc="150,74,216,-16,367,-16,257,-32" owari="224,-18.0,200,-30.0,351,45.0,225,3.0" />
</Scene>
</mjloggm>