<mjloggm ver="2.3"><GO type="169" lobby="0"/><UN n0="%28%E3%80%8C%E3%83%BB%CF%89%E3%83%BB%29%E3%80%8C" n1="%7A%68%6B%64%73%68%67%79" n2="%E5%A4%AA%E3%81%8F%E3%81%AA%E3%81%84%E3%81%8A" n3="%70%61%72%61%6F%6E%64%65" dan="16,17,19,16" rate="2063.59,2154.75,2317.62,2111.06" sx="M,F,F,M"/><TAIKYOKU oya="0"/>

<Scene>
<INIT seed="0,0,0,4,0,58" ten="250,250,250,250" oya="0" hai0="123,86,34,113,132,135,30,8,80,98,2,11,73" hai1="26,61,96,55,97,14,4,117,82,64,66,16,106" hai2="87,22,130,101,128,88,9,109,112,59,28,111,125" hai3="13,91,95,134,6,17,27,35,43,114,68,121,20"/><T119/><D113/><U21/><E117/><V32/><F112/><W103/><G114/><T53/><D119/><U3/><E3/><V45/><F32/><W23/><G134/><T24/><D123/><U107/><E82/><N who="2" m="49271" /><F125/><W84/><G68/><T118/><D118/><U57/><E107/><V77/><F77/><W69/><G69/><T110/><D110/><N who="2" m="41994" /><F101/><W89/><G121/><T46/><D98/><N who="1" m="37995" /><E106/><V85/><F85/><W75/><G75/><T60/><D73/><U93/><E93/><V40/><F9/><AGARI ba="0,0" hai="4,9,14,16,21,26,55,57,61,64,66" m="37995" machi="9" ten="30,3900,0" yaku="8,1,52,1,54,1" doraHai="58" who="1" fromWho="2" sc="250,0,250,39,250,-39,250,0" />
</Scene>
<Scene>
<INIT seed="1,0,0,4,4,37" ten="250,289,211,250" oya="1" hai0="129,111,86,22,17,7,100,24,9,64,51,43,19" hai1="4,62,94,12,133,131,90,26,34,105,120,119,128" hai2="106,70,134,127,117,56,31,41,14,16,85,69,36" hai3="50,93,97,38,89,42,109,132,15,30,83,47,113"/><U8/><E120/><V101/><F117/><W33/><G113/><T45/><D111/><U46/><E119/><V130/><F31/><W108/><G132/><T79/><D129/><U118/><E118/><V0/><F0/><W27/><G15/><N who="0" m="5567" /><D100/><U60/><E105/><V48/><F134/><W53/><REACH who="3" step="1"/><G83/><REACH who="3" ten="250,289,211,240" step="2"/><N who="0" m="47487" /><D64/><U96/><E133/><V114/><F114/><W74/><G74/><T68/><D68/><U110/><E110/><V122/><F69/><W77/><G77/><T20/><D20/><U75/><E75/><V126/><F70/><W63/><G63/><T73/><D73/><U1/><E1/><V29/><F130/><W49/><G49/><T54/><D54/><U104/><E131/><V87/><F48/><W66/><G66/><T57/><D57/><AGARI ba="0,1" hai="27,30,33,38,42,47,50,53,57,89,93,97,108,109" machi="57" ten="40,8000,1" yaku="1,1,52,1,53,2" doraHai="37" doraHaiUra="121" who="3" fromWho="0" sc="250,-80,289,0,211,0,240,90" />
</Scene>
<Scene>
<INIT seed="2,0,0,2,2,98" ten="170,289,211,330" oya="2" hai0="48,12,133,124,113,60,65,33,70,87,23,41,71" hai1="44,134,78,132,37,135,21,66,101,54,29,81,52" hai2="72,31,64,129,49,35,36,19,86,43,131,34,84" hai3="18,38,119,117,57,77,11,80,109,118,2,106,94"/><V99/><F72/><W111/><G106/><T91/><D113/><U67/><E101/><V58/><F36/><W89/><G38/><T28/><D33/><N who="2" m="12298" /><F31/><W13/><G2/><T96/><D133/><U75/><E37/><V69/><F19/><W26/><G26/><T103/><D124/><U56/><E44/><N who="2" m="25759" /><F69/><W4/><G57/><T90/><D71/><U92/><E92/><V73/><F73/><W116/><G18/><T114/><D114/><U105/><E105/><V68/><F68/><W83/><N who="3" m="30208" /><DORA hai="110" /><W104/><G104/><T6/><D28/><U14/><E14/><V100/><F64/><N who="1" m="24617" /><E56/><V0/><F58/><W127/><G127/><T112/><D112/><U63/><E63/><V7/><F0/><W102/><G102/><T76/><D103/><U115/><E115/><V74/><F74/><W46/><G46/><T59/><D59/><U20/><E20/><V107/><F7/><W85/><REACH who="3" step="1"/><G80/><REACH who="3" ten="170,289,211,320" step="2"/><T51/><D70/><U53/><E134/><V24/><F24/><W8/><G8/><T122/><D65/><U79/><E132/><V47/><F47/><W9/><G9/><T121/><D60/><U15/><E135/><V126/><F126/><W128/><G128/><AGARI ba="0,1" hai="84,86,99,100,107,128,129,131" m="25759,12298" machi="128" ten="30,2900,0" yaku="19,1,52,1" doraHai="98,110" who="2" fromWho="3" sc="170,0,289,0,211,39,320,-29" />
</Scene>
<Scene>
<INIT seed="2,1,0,0,4,11" ten="170,289,250,291" oya="2" hai0="45,25,119,79,82,18,110,26,102,0,85,101,91" hai1="17,47,44,22,53,78,118,30,125,106,32,113,130" hai2="123,41,33,87,6,88,29,4,98,117,73,28,109" hai3="68,86,50,60,75,14,13,84,131,83,96,99,46"/><V59/><F73/><W61/><G75/><T133/><D0/><U107/><E118/><V58/><F117/><W120/><G120/><T62/><D119/><U54/><E113/><V112/><F112/><W67/><G131/><T8/><D110/><U34/><E78/><V12/><F123/><W114/><G114/><T115/><D115/><U66/><E66/><V55/><F41/><W10/><G10/><T3/><D133/><U122/><E122/><V9/><F109/><W72/><G72/><T43/><D62/><N who="3" m="24169" /><G67/><T97/><D3/><U126/><E22/><V5/><F98/><N who="3" m="37419" /><G68/><T121/><D121/><U37/><E30/><N who="2" m="11883" /><F33/><W51/><G51/><N who="0" m="27071" /><D97/><U19/><REACH who="1" step="1"/><E37/><REACH who="1" ten="170,279,250,291" step="2"/><V20/><F20/><W74/><G74/><T27/><D79/><U103/><E103/><V38/><F38/><W48/><G48/><T65/><D65/><U69/><E69/><V116/><F116/><W70/><G70/><T1/><D1/><U90/><E90/><V111/><F111/><W105/><G105/><T95/><D102/><U16/><E16/><N who="2" m="8207" /><F55/><N who="3" m="30167" /><G86/><T52/><D85/><U40/><E40/><V63/><F63/><W36/><G36/><T132/><D132/><U49/><E49/><V71/><F71/><W127/><G127/><T94/><D101/><U35/><E35/><V21/><F21/><W76/><AGARI ba="1,1" hai="13,14,76,83,84" m="30167,37419,24169" machi="76" ten="30,4000,0" yaku="8,1,52,2" doraHai="11" who="3" fromWho="3" sc="170,-11,279,-11,250,-21,291,53" />
</Scene>
<Scene>
<INIT seed="3,0,0,5,2,112" ten="159,268,229,344" oya="3" hai0="79,5,16,41,17,95,24,132,125,126,81,120,26" hai1="12,55,14,110,71,42,27,9,93,7,52,86,90" hai2="23,113,3,91,70,38,134,49,53,58,20,29,13" hai3="32,8,77,10,92,11,115,65,109,100,106,44,108"/><W45/><G115/><T87/><D120/><U102/><E110/><N who="3" m="42602" /><G106/><T82/><D132/><U98/><E71/><V84/><F3/><W85/><G32/><T121/><D121/><U97/><E42/><V76/><F38/><W124/><G124/><N who="0" m="47723" /><D5/><U99/><E27/><N who="0" m="10281" /><D41/><U118/><E118/><V128/><F70/><W15/><G15/><T117/><D95/><U36/><E36/><V107/><F107/><W21/><G21/><T105/><D105/><U119/><E119/><V37/><F37/><W127/><G127/><T75/><D117/><U0/><E0/><V22/><F134/><W61/><G100/><T111/><D111/><U74/><E74/><V78/><F113/><W19/><G19/><T46/><D46/><N who="3" m="18025" /><G92/><T33/><D33/><U31/><E31/><V18/><F29/><W67/><G61/><T89/><AGARI ba="0,0" hai="16,17,75,79,81,82,87,89" m="10281,47723" machi="89" ten="30,2000,0" yaku="18,1,54,1" doraHai="112" who="0" fromWho="0" sc="159,20,268,-5,229,-5,344,-10" />
</Scene>
<Scene>
<INIT seed="4,0,0,3,0,80" ten="179,263,224,334" oya="0" hai0="24,104,28,12,46,63,36,94,56,90,110,92,57" hai1="116,32,115,3,45,101,26,95,91,47,84,53,74" hai2="120,89,33,107,61,79,134,70,17,103,38,87,64" hai3="10,86,122,106,66,29,15,125,82,132,18,109,78"/><T121/><D104/><U65/><E116/><V118/><F120/><W112/><G109/><T4/><D121/><U27/><E74/><V77/><F38/><W72/><G106/><T60/><D110/><U44/><E3/><V25/><F134/><W130/><G122/><T114/><D114/><U23/><E115/><V68/><F68/><W13/><G112/><T113/><D113/><U81/><E65/><V6/><F6/><W11/><G125/><T128/><D128/><U31/><E53/><V14/><F118/><W52/><G66/><N who="0" m="39175" /><D46/><U133/><E133/><V97/><F14/><W1/><G1/><T83/><D36/><U30/><REACH who="1" step="1"/><E101/><REACH who="1" ten="179,253,224,334" step="2"/><V41/><F41/><W111/><G111/><T50/><D63/><U0/><E0/><V16/><F103/><W85/><G132/><T34/><D34/><U43/><E43/><V123/><F123/><W62/><G130/><T2/><D2/><U59/><E59/><V129/><F129/><W40/><G40/><T51/><D57/><U58/><E58/><V96/><F64/><W67/><G52/><T7/><D7/><U37/><E37/><V119/><F119/><W93/><G72/><T54/><D54/><U69/><E69/><V108/><F70/><W127/><G67/><T117/><D117/><U99/><E99/><V8/><F97/><W35/><G127/><T131/><D131/><U76/><E76/><V22/><F79/><W21/><G78/><T42/><D42/><U88/><E88/><V71/><F77/><W49/><G35/><T124/><D124/><U102/><E102/><V73/><F108/><RYUUKYOKU ba="0,1" sc="179,-10,253,30,224,-10,334,-10" hai1="23,26,27,30,31,32,44,45,47,81,84,91,95" />
</Scene>
<Scene>
<INIT seed="5,1,1,0,3,135" ten="169,283,214,324" oya="1" hai0="0,78,82,35,38,21,22,121,34,29,52,57,113" hai1="12,92,86,85,103,117,120,53,37,58,70,49,68" hai2="76,102,89,71,3,65,48,112,47,44,54,106,59" hai3="18,118,127,20,79,55,40,84,87,13,122,16,91"/><U126/><E117/><V50/><F3/><W42/><G122/><T95/><D0/><U109/><E120/><V31/><F76/><W88/><G127/><T99/><D38/><U27/><E126/><V19/><F19/><W2/><G2/><T90/><D121/><U93/><E37/><V10/><F10/><N who="3" m="6199" /><G118/><T63/><D113/><U128/><E128/><V43/><F89/><N who="3" m="34379" /><G55/><T134/><D134/><U56/><E109/><V28/><F112/><W64/><G64/><T9/><D9/><U5/><E68/><V98/><F71/><W4/><G4/><T74/><REACH who="0" step="1"/><D29/><REACH who="0" ten="159,283,214,324" step="2"/><U123/><E123/><V116/><F116/><W111/><G111/><T7/><D7/><U101/><E5/><V108/><F108/><W125/><G125/><T45/><D45/><U104/><E104/><V8/><F8/><W36/><G36/><T26/><D26/><U132/><E27/><V131/><F131/><W81/><G84/><T75/><D75/><U51/><E132/><V110/><F110/><W124/><G124/><T17/><D17/><U23/><E85/><V119/><F119/><W62/><G62/><T114/><D114/><U107/><E107/><V133/><F133/><W83/><G83/><T60/><D60/><BYE who="0" /><U14/><E86/><UN n0="%28%E3%80%8C%E3%83%BB%CF%89%E3%83%BB%29%E3%80%8C" /><V61/><AGARI ba="1,2" hai="28,31,43,44,47,48,50,54,59,61,65,98,102,106" machi="61" ten="30,1100,0" yaku="0,1" doraHai="135" who="2" fromWho="2" sc="159,-4,283,-6,214,34,324,-4" />
</Scene>
<Scene>
<INIT seed="6,0,0,2,0,32" ten="155,277,248,320" oya="2" hai0="44,17,57,25,87,42,53,79,43,33,54,133,102" hai1="95,12,100,122,4,77,82,23,107,65,51,62,73" hai2="3,127,115,21,109,67,60,76,1,38,112,124,14" hai3="9,118,135,126,34,39,61,36,99,20,84,22,98"/><V94/><F38/><W29/><G118/><T68/><D133/><U71/><E122/><V59/><F109/><W6/><G34/><T41/><D68/><U26/><E107/><V89/><F76/><W128/><G128/><T88/><D102/><U58/><E100/><V111/><F111/><W130/><G130/><T47/><D79/><U0/><E95/><V103/><F103/><W85/><G61/><T81/><D54/><U55/><E12/><V13/><F13/><W78/><G126/><N who="2" m="48169" /><F21/><W16/><G135/><T131/><D131/><U66/><E66/><V90/><F14/><W11/><G29/><T27/><D33/><U49/><E49/><V15/><F15/><W134/><G134/><T75/><D75/><U8/><E23/><V10/><F10/><W110/><G78/><T48/><REACH who="0" step="1"/><D17/><REACH who="0" ten="145,277,248,320" step="2"/><U70/><E71/><V97/><F90/><W105/><G110/><T91/><D91/><U80/><E73/><V106/><F106/><W18/><G105/><T69/><D69/><U93/><E77/><V50/><F50/><W108/><G108/><T119/><D119/><U28/><E51/><V31/><F31/><W5/><AGARI ba="0,1" hai="5,6,9,11,16,18,20,22,36,39,84,85,98,99" machi="5" ten="25,6400,0" yaku="0,1,22,2,54,1" doraHai="32" who="3" fromWho="3" sc="145,-16,277,-16,248,-32,320,74" />
</Scene>
<Scene>
<INIT seed="7,0,0,1,4,100" ten="129,261,216,394" oya="3" hai0="49,128,45,84,70,38,39,127,67,21,105,107,19" hai1="9,102,33,34,32,35,62,18,113,101,56,76,116" hai2="87,20,110,44,85,71,40,2,111,97,55,119,83" hai3="11,27,104,7,131,14,8,122,5,124,54,132,86"/><W118/><G104/><T10/><D10/><U115/><E34/><V24/><F119/><W79/><G54/><T42/><D128/><U68/><E68/><V51/><F2/><W15/><G86/><T43/><D127/><U81/><E116/><V13/><F71/><W65/><G79/><T108/><D108/><U74/><E18/><V93/><F13/><W59/><G59/><T89/><D70/><U28/><E28/><V1/><F1/><W80/><G80/><T112/><D67/><N who="1" m="39367" /><E9/><V3/><F3/><W64/><G122/><T130/><D130/><U109/><E109/><V30/><F87/><W29/><G131/><T50/><D112/><AGARI ba="0,0" hai="32,33,35,74,76,81,101,102,112,113,115" m="39367" machi="112" ten="40,1300,0" yaku="15,1" doraHai="100" who="1" fromWho="0" sc="129,-13,261,13,216,0,394,0" owari="116,-38.0,274,7.0,216,-18.0,394,49.0" />
</Scene>
</mjloggm>