<mjloggm ver="2.3"><GO type="169" lobby="0"/><UN n0="%E5%A4%AA%E3%81%8F%E3%81%AA%E3%81%84%E3%81%8A" n1="%E7%B5%84%E5%90%88%E7%AB%9C" n2="%64%61%6E%6E%63%68%69" n3="%4D%75%72%70%68%79" dan="18,16,17,16" rate="2292.93,2062.48,2140.06,2075.85" sx="F,M,M,M"/><TAIKYOKU oya="0"/>

<Scene>
<INIT seed="0,0,0,1,0,127" ten="250,250,250,250" oya="0" hai0="11,38,87,21,61,33,128,58,118,55,45,46,121" hai1="113,27,106,30,65,26,133,49,31,56,71,24,59" hai2="37,108,41,109,123,66,77,13,99,57,32,82,131" hai3="73,78,72,115,98,1,80,130,17,28,16,129,134"/><T75/><D33/><U103/><E133/><V70/><F123/><W69/><G115/><T107/><D75/><U6/><E113/><V112/><F32/><W84/><G134/><T20/><D121/><U135/><E135/><V125/><F112/><W96/><G69/><T88/><D118/><U35/><E6/><V5/><F125/><W40/><G1/><T19/><D107/><U2/><E2/><V85/><F70/><W8/><G28/><T36/><D36/><U12/><E12/><V68/><F68/><W104/><G40/><T91/><D128/><N who="3" m="49257" /><G8/><T97/><D38/><U124/><E124/><V42/><F131/><W10/><G10/><T122/><D122/><U34/><E24/><V74/><F37/><W7/><G7/><T29/><D11/><U94/><E49/><V52/><F13/><W0/><G0/><T50/><D29/><U105/><E94/><V100/><F5/><W4/><G4/><T43/><D46/><U101/><E71/><V3/><F3/><W89/><G73/><T39/><D39/><U9/><E9/><V76/><F42/><W81/><G104/><T132/><D132/><U83/><E106/><V95/><F41/><W93/><G98/><T54/><D43/><U63/><E105/><V23/><F74/><W15/><G15/><T110/><D19/><U62/><E35/><V126/><F126/><W44/><G44/><T114/><D114/><U120/><E34/><V92/><F99/><W116/><G116/><T60/><D97/><U47/><E47/><V22/><F23/><W64/><G64/><T48/><D20/><RYUUKYOKU ba="0,0" sc="250,-10,250,-10,250,-10,250,30" hai3="16,17,72,78,80,81,84,89,93,96" />
</Scene>
<Scene>
<INIT seed="1,1,0,0,5,67" ten="240,240,240,280" oya="1" hai0="28,96,110,106,57,115,126,51,24,71,29,122,37" hai1="35,101,10,95,120,78,125,11,30,103,13,62,19" hai2="104,121,77,129,32,20,41,75,12,94,118,66,5" hai3="83,107,59,15,99,93,45,3,124,80,48,53,117"/><U63/><E120/><V42/><F32/><W85/><G3/><T34/><D115/><U105/><E105/><V131/><F104/><W27/><G124/><T8/><D37/><U130/><E125/><V47/><F118/><W60/><G117/><T22/><D126/><U64/><E130/><V40/><F121/><W17/><G107/><T87/><D122/><U14/><E78/><V1/><F66/><W72/><G72/><T81/><D110/><U74/><E74/><V44/><F1/><W82/><G27/><T114/><D114/><U108/><E108/><V31/><F94/><W50/><G85/><T134/><D134/><U69/><E63/><V9/><F75/><W98/><G93/><T109/><D109/><U68/><E95/><V119/><F77/><W49/><REACH who="3" step="1"/><G45/><REACH who="3" ten="240,240,240,270" step="2"/><T65/><D87/><U61/><E64/><V0/><F119/><W4/><G4/><T97/><D106/><U73/><E73/><V86/><F86/><W52/><G52/><T6/><D6/><U55/><E55/><V2/><F2/><W111/><G111/><T128/><D65/><U7/><E7/><V88/><F47/><W84/><G84/><T79/><D24/><U100/><E14/><V36/><F12/><W43/><G43/><T21/><D79/><U33/><E13/><V112/><F112/><W133/><G133/><T123/><D123/><U23/><E35/><V116/><F116/><W76/><G76/><T16/><D34/><U102/><E33/><V91/><F41/><W113/><G113/><T54/><D54/><U132/><E132/><V135/><F135/><RYUUKYOKU ba="1,1" sc="240,-10,240,-10,240,-10,270,30" hai3="15,17,48,49,50,53,59,60,80,82,83,98,99" />
</Scene>
<Scene>
<INIT seed="2,2,1,4,1,98" ten="230,230,230,300" oya="2" hai0="20,135,65,109,126,90,54,93,48,113,41,52,9" hai1="10,67,1,46,110,42,17,31,88,71,19,117,55" hai2="79,131,89,105,39,124,99,73,96,72,26,50,103" hai3="77,21,101,22,63,106,92,33,6,97,56,121,18"/><V29/><F39/><W13/><G121/><T100/><D113/><U49/><E117/><V108/><F124/><W125/><G33/><T85/><D126/><U47/><E31/><V83/><F50/><W62/><G125/><T70/><D109/><U64/><E110/><V45/><F45/><W53/><G77/><T8/><D135/><U127/><E127/><V37/><F37/><W25/><G106/><T128/><D128/><U43/><E71/><V130/><F108/><W61/><REACH who="3" step="1"/><G6/><REACH who="3" ten="230,230,230,290" step="2"/><T38/><D8/><U60/><E43/><V24/><F73/><W129/><G129/><T7/><D9/><U59/><E42/><V4/><F4/><W74/><G74/><T115/><D7/><U80/><E10/><V2/><F131/><W36/><G36/><T133/><D38/><U87/><E1/><V86/><F2/><W57/><G57/><T34/><D34/><U82/><E59/><V123/><F130/><W15/><G15/><T51/><D70/><U118/><E47/><V69/><F69/><W3/><G3/><T16/><D133/><U119/><E46/><V14/><F14/><W23/><G23/><T44/><D41/><U112/><E119/><V102/><F123/><W94/><G94/><T68/><D68/><U11/><E11/><V95/><F29/><AGARI ba="2,2" hai="13,18,21,22,25,29,53,56,61,62,63,92,97,101" machi="29" ten="30,7700,0" yaku="1,1,7,1,8,1,52,1,53,0" doraHai="98" doraHaiUra="0" who="3" fromWho="2" sc="230,0,230,0,230,-83,290,103" />
</Scene>
<Scene>
<INIT seed="3,0,0,0,3,19" ten="230,230,147,393" oya="3" hai0="18,27,98,76,109,116,35,132,100,38,39,84,40" hai1="118,129,70,29,41,104,66,93,134,54,60,80,114" hai2="127,123,121,111,103,90,10,119,131,9,67,133,96" hai3="33,53,25,49,32,113,108,14,78,83,24,6,15"/><W51/><G113/><T7/><D116/><U79/><E104/><V110/><F67/><W22/><G108/><N who="2" m="41513" /><F9/><W91/><G91/><T85/><D109/><U102/><E114/><V46/><F10/><W47/><G6/><T12/><D132/><U81/><E134/><V62/><F62/><W58/><G33/><T17/><D7/><U107/><E107/><N who="2" m="63975" /><F46/><W120/><G120/><N who="2" m="46153" /><F133/><W44/><G32/><T101/><D35/><U106/><E41/><V68/><F68/><W1/><G1/><T43/><D12/><U124/><E29/><V55/><F55/><W94/><G94/><T50/><D50/><U82/><E93/><V75/><F119/><W4/><G4/><T23/><D27/><U71/><E54/><V28/><F28/><W105/><G105/><T63/><D63/><U95/><E106/><V97/><F131/><W59/><G24/><T13/><D13/><U34/><E129/><V112/><F112/><W2/><G2/><T130/><D130/><U74/><E118/><V128/><F128/><W65/><G65/><T72/><D17/><U77/><E66/><V37/><F37/><W61/><G61/><T92/><D38/><U3/><E60/><V16/><F16/><N who="3" m="12487" /><G44/><T42/><D39/><U99/><E3/><V52/><F75/><N who="3" m="43487" /><G49/><T56/><D72/><U69/><E74/><V122/><N who="2" m="46161" /><V89/><DORA hai="8" /><F97/><W21/><G14/><T117/><D117/><U30/><E71/><V57/><F57/><N who="3" m="21515" /><G15/><N who="0" m="9695" /><D56/><U26/><E69/><V86/><F52/><W115/><G115/><T135/><D135/><U5/><E70/><V20/><F20/><AGARI ba="0,0" hai="20,21,47,51,53" m="21515,43487,12487" machi="20" ten="30,12000,1" yaku="6,1,52,3,54,1" doraHai="19,8" who="3" fromWho="2" sc="230,0,230,0,147,-120,393,120" />
</Scene>
<Scene>
<INIT seed="3,1,0,1,4,24" ten="230,230,27,513" oya="3" hai0="15,87,18,76,23,28,74,44,11,93,64,91,77" hai1="52,120,67,124,68,62,57,73,30,7,31,119,128" hai2="126,41,63,109,21,38,112,84,110,8,59,39,12" hai3="96,133,89,102,113,49,50,6,118,121,105,66,134"/><W71/><G113/><T75/><D64/><U100/><E120/><V88/><F112/><W1/><G121/><T83/><D44/><U0/><E73/><V86/><F126/><W19/><G118/><T48/><D48/><U82/><E124/><V2/><F84/><W56/><G19/><T27/><REACH who="0" step="1"/><D77/><REACH who="0" ten="220,230,27,513" step="2"/><U72/><E119/><V94/><F39/><W99/><G66/><T79/><D79/><U16/><E67/><V106/><F38/><W116/><G50/><T37/><D37/><U135/><E62/><V127/><F127/><W98/><G49/><T29/><D29/><U20/><E31/><V115/><F115/><W78/><G78/><T5/><D5/><U103/><E30/><V42/><F63/><W132/><G6/><T61/><D61/><U33/><E7/><V54/><F109/><W70/><G116/><T14/><D14/><U97/><E0/><V45/><F2/><W13/><G13/><T40/><D40/><U4/><E4/><N who="2" m="3079" /><F110/><W43/><G1/><T17/><D17/><U131/><E16/><V114/><F114/><W69/><G43/><T22/><D22/><U81/><E20/><V35/><F35/><W34/><G34/><T26/><D26/><U108/><E33/><V25/><F45/><W36/><G36/><T92/><D92/><U117/><E108/><V65/><F65/><W104/><G70/><T51/><D51/><U9/><E68/><V85/><F106/><W58/><G71/><T10/><D10/><U3/><E117/><V123/><F123/><W46/><G69/><T122/><D122/><U55/><E3/><RYUUKYOKU ba="1,1" sc="220,30,230,-10,27,-10,513,-10" hai0="11,15,18,23,27,28,74,75,76,83,87,91,93" />
</Scene>
<Scene>
<INIT seed="4,2,1,0,5,62" ten="250,220,17,503" oya="0" hai0="1,61,47,97,113,51,75,39,88,133,63,110,57" hai1="114,37,129,103,21,106,81,5,0,25,3,78,99" hai2="122,105,123,125,112,48,23,86,49,24,15,117,4" hai3="2,124,46,64,13,119,17,70,30,6,29,18,26"/><T44/><D75/><U9/><E129/><V10/><F112/><W131/><G119/><T108/><D1/><U130/><E130/><V98/><F117/><W60/><G124/><T73/><D73/><U45/><E114/><V52/><F125/><W22/><G131/><T35/><D35/><U107/><E0/><V94/><F105/><W53/><G2/><T11/><D113/><U126/><E126/><V120/><F86/><W132/><G6/><T27/><D11/><U80/><E80/><V96/><F94/><W84/><G84/><T92/><D27/><U111/><E111/><N who="0" m="42537" /><D133/><U58/><E58/><V100/><F100/><W74/><G74/><T31/><D31/><U134/><E134/><V20/><F49/><W102/><G102/><T93/><D93/><U55/><E107/><V104/><F104/><W118/><G118/><T14/><D14/><U32/><E21/><V34/><F34/><W42/><G132/><T87/><D87/><U90/><E25/><V83/><F83/><W33/><G29/><T41/><D57/><U116/><E32/><V89/><F89/><W66/><G18/><T79/><D79/><U16/><E90/><V36/><F36/><N who="3" m="21831" /><G70/><T54/><AGARI ba="2,1" hai="39,41,44,47,51,54,61,63,88,92,97" m="42537" machi="54" ten="30,3000,0" yaku="10,1,54,1" doraHai="62" who="0" fromWho="0" sc="250,46,220,-12,17,-12,503,-12" />
</Scene>
<Scene>
<INIT seed="4,3,0,0,3,81" ten="296,208,5,491" oya="0" hai0="27,22,74,11,130,78,21,92,67,135,12,127,2" hai1="18,93,13,20,38,91,62,123,110,125,113,100,14" hai2="94,41,23,17,73,6,90,49,99,52,15,108,121" hai3="85,102,29,50,31,53,28,112,61,84,26,43,97"/><T68/><D2/><U89/><E123/><V33/><F33/><W48/><G112/><T57/><D68/><U63/><E110/><V55/><F121/><W109/><G26/><T58/><D127/><U5/><E38/><V60/><F73/><W96/><G109/><T107/><D107/><U10/><E125/><V111/><F6/><W40/><G61/><T56/><D135/><U104/><E113/><V65/><F41/><N who="3" m="15947" /><G102/><T72/><D130/><U87/><E104/><V1/><F1/><W25/><G25/><T77/><D67/><U132/><E100/><V45/><F55/><W106/><G50/><T24/><D92/><N who="1" m="54335" /><E132/><V117/><F117/><W30/><G30/><N who="0" m="17679" /><D74/><U54/><E54/><V47/><F47/><N who="3" m="27807" /><G106/><T19/><D72/><U114/><E114/><V126/><F126/><W35/><G35/><T3/><D3/><U83/><E83/><V69/><AGARI ba="3,0" hai="15,17,23,45,49,52,60,65,69,90,94,99,108,111" machi="69" ten="20,2700,0" yaku="0,1,7,1,54,1" doraHai="81" who="2" fromWho="2" sc="296,-16,208,-10,5,36,491,-10" />
</Scene>
<Scene>
<INIT seed="5,0,0,1,4,62" ten="280,198,41,481" oya="1" hai0="41,124,71,111,26,125,48,130,9,23,63,115,92" hai1="66,21,34,58,134,100,89,32,33,72,55,83,106" hai2="37,4,132,103,79,108,105,8,47,84,118,50,78" hai3="70,40,120,114,80,5,81,128,20,110,42,85,0"/><U52/><E134/><V3/><F108/><W53/><G70/><T88/><D111/><U29/><E66/><V107/><F118/><W135/><G120/><T31/><D115/><U97/><E55/><V116/><F116/><W77/><G128/><T101/><D101/><U123/><E123/><V38/><F132/><W69/><G69/><T19/><D130/><U51/><E21/><V104/><F103/><W113/><G135/><T18/><D71/><U60/><E51/><V25/><F25/><W16/><G80/><T14/><D63/><U45/><E45/><V74/><F74/><W28/><G28/><T2/><D2/><U59/><E59/><V46/><F84/><W56/><G110/><T127/><D41/><U94/><E29/><V27/><F27/><N who="3" m="14727" /><G5/><N who="0" m="3375" /><D48/><U49/><E49/><V93/><F93/><W6/><G6/><T35/><D35/><U131/><E131/><V12/><F3/><W68/><G68/><T39/><D39/><U1/><E1/><V117/><F117/><W30/><G30/><T64/><D31/><U126/><E126/><V13/><F13/><W75/><G75/><T90/><D125/><U36/><E36/><V86/><F47/><W54/><G54/><T76/><D127/><U7/><E7/><V129/><F129/><W67/><G0/><T122/><D124/><U24/><E24/><V133/><F133/><W121/><G121/><T109/><D122/><U87/><E32/><V112/><F112/><N who="3" m="43115" /><G53/><T96/><D109/><U91/><E91/><V17/><F4/><W10/><G10/><T22/><D90/><U11/><E11/><RYUUKYOKU ba="0,0" sc="280,-15,198,15,41,-15,481,15" hai1="33,34,52,58,60,72,83,87,89,94,97,100,106" hai3="40,42,56,67,77,81,85" />
</Scene>
<Scene>
<INIT seed="5,1,0,4,4,18" ten="265,213,26,496" oya="1" hai0="67,12,126,19,41,91,6,27,110,101,122,39,44" hai1="119,95,115,134,1,58,72,84,63,38,132,64,69" hai2="86,111,124,66,35,33,106,120,2,98,52,3,129" hai3="70,103,125,60,57,107,51,89,81,78,88,11,34"/><U47/><E119/><V118/><F118/><W23/><G34/><T5/><D110/><U127/><E72/><V55/><F111/><W50/><G70/><T61/><D101/><U14/><E1/><V96/><F86/><W31/><G11/><T82/><D126/><U40/><E127/><V83/><F124/><W43/><G107/><T20/><D122/><U94/><E115/><V28/><F106/><W113/><G103/><T80/><D91/><U42/><E42/><V68/><F68/><W123/><G113/><T74/><D80/><U130/><E130/><V9/><F83/><W79/><G79/><T8/><D82/><U48/><E14/><V100/><F100/><W102/><G102/><T97/><D97/><U29/><E29/><V135/><F28/><W26/><G123/><T10/><D74/><U105/><E105/><V128/><F120/><W116/><G116/><T112/><D112/><U54/><E84/><V4/><F66/><N who="3" m="39183" /><G125/><T93/><D93/><AGARI ba="1,0" hai="38,40,47,48,54,58,63,64,69,93,94,95,132,134" machi="93" ten="40,3900,0" yaku="24,2" doraHai="18" who="1" fromWho="0" sc="265,-42,213,42,26,0,496,0" />
</Scene>
<Scene>
<INIT seed="5,2,0,4,2,130" ten="223,255,26,496" oya="1" hai0="76,83,17,104,118,19,59,47,8,100,107,56,9" hai1="60,62,127,46,111,7,55,110,134,72,28,69,91" hai2="102,123,66,121,117,14,119,103,71,112,11,114,75" hai3="109,81,129,120,12,115,16,42,27,41,80,132,122"/><U22/><E72/><V21/><F75/><W4/><G109/><N who="1" m="41482" /><E127/><V58/><F71/><W65/><G129/><T101/><D47/><U49/><E7/><V89/><F89/><W57/><G115/><N who="2" m="44073" /><F66/><W94/><G27/><T54/><D54/><U52/><E91/><V51/><F51/><W64/><G4/><T79/><REACH who="0" step="1"/><D83/><REACH who="0" ten="213,255,26,496" step="2"/><U133/><E55/><V3/><F117/><AGARI ba="2,1" hai="8,9,17,19,56,59,76,79,100,101,104,107,117,118" machi="117" ten="25,6400,0" yaku="1,1,2,1,22,2,53,0" doraHai="130" doraHaiUra="48" who="0" fromWho="2" sc="213,80,255,0,26,-70,496,0" owari="293,9.0,255,-14.0,-44,-54.0,496,59.0" />
</Scene>
</mjloggm>