<mjloggm ver="2.3"><GO type="169" lobby="0"/><UN n0="%E3%83%87%E3%83%87%E3%82%AD%E3%83%B3%E3%83%88" n1="%E5%A4%AA%E3%81%8F%E3%81%AA%E3%81%84%E3%81%8A" n2="%E6%9C%88%E8%A9%A0%E3%81%95%E3%82%93" n3="%E4%B8%89%E8%89%B2%E5%90%8C%E5%88%BB%E2%98%86" dan="17,18,16,16" rate="2230.69,2231.00,2127.41,2148.50" sx="M,F,F,M"/><TAIKYOKU oya="0"/>

<Scene>
<INIT seed="0,0,0,2,5,127" ten="250,250,250,250" oya="0" hai0="27,29,102,97,106,37,83,119,52,35,134,2,100" hai1="28,59,88,113,38,87,122,129,105,61,1,56,96" hai2="92,12,132,45,50,19,98,104,126,39,71,124,130" hai3="101,23,76,128,49,5,46,90,68,25,18,26,77"/><T16/><D119/><U107/><E122/><V32/><F32/><W47/><G68/><T15/><D2/><U40/><E1/><V34/><F34/><W89/><G101/><T114/><D114/><U66/><E28/><V123/><F123/><W110/><G110/><T58/><D37/><U121/><E121/><V125/><F71/><W22/><G5/><T41/><D102/><U43/><E113/><V72/><F72/><W94/><G49/><T11/><D41/><U36/><E96/><V75/><F75/><W30/><G128/><T17/><D83/><U31/><E31/><V48/><F104/><W14/><G14/><T80/><D80/><U67/><E87/><V4/><F4/><W0/><G0/><T65/><D65/><U79/><E61/><V115/><F115/><W44/><REACH who="3" step="1"/><G90/><REACH who="3" ten="250,250,250,240" step="2"/><T33/><D134/><U6/><E6/><V81/><F132/><W8/><G8/><T82/><D17/><U78/><E88/><V10/><F19/><W117/><G117/><T21/><REACH who="0" step="1"/><D82/><REACH who="0" ten="240,250,250,240" step="2"/><U131/><AGARI ba="0,2" hai="36,38,40,43,56,59,66,67,78,79,105,107,129,131" machi="131" ten="25,8000,1" yaku="0,1,22,2,52,2" doraHai="127" who="1" fromWho="1" sc="240,-40,250,100,250,-20,240,-20" />
</Scene>
<Scene>
<INIT seed="1,0,0,2,2,25" ten="200,350,230,220" oya="1" hai0="78,128,41,66,29,107,133,33,131,55,4,99,103" hai1="83,104,56,70,73,61,117,114,102,5,18,22,100" hai2="120,45,23,50,91,77,95,21,11,24,0,106,68" hai3="51,17,31,87,12,122,97,62,8,54,34,35,119"/><U9/><E114/><V44/><F120/><W98/><G122/><T28/><D133/><U6/><E70/><V108/><F106/><W89/><G62/><T123/><D123/><U71/><E71/><V36/><F68/><W59/><G119/><T74/><D66/><U43/><E117/><V118/><F118/><W48/><G51/><T105/><D105/><U58/><E43/><V85/><F108/><W13/><G13/><T64/><D64/><U69/><E69/><V76/><F36/><W101/><G101/><T81/><D33/><U38/><E38/><V40/><F45/><W42/><G42/><T124/><D124/><U7/><E9/><V116/><F23/><W127/><G35/><T63/><D41/><U125/><E125/><V49/><F49/><W135/><G135/><T53/><D4/><U86/><E73/><V1/><F116/><W15/><G15/><T26/><D26/><N who="1" m="14679" /><E104/><V2/><REACH who="2" step="1"/><F11/><REACH who="2" ten="200,350,220,220" step="2"/><W115/><G127/><T75/><D63/><U130/><E130/><N who="0" m="49705" /><D75/><U65/><E58/><V39/><F39/><W3/><G115/><T110/><D110/><U80/><E80/><V32/><F32/><W121/><G121/><T16/><D16/><AGARI ba="0,1" hai="0,1,2,16,21,24,40,44,50,76,77,85,91,95" machi="16" ten="40,5200,0" yaku="1,1,54,1,53,1" doraHai="25" doraHaiUra="19" who="2" fromWho="0" sc="200,-52,350,0,220,62,220,0" />
</Scene>
<Scene>
<INIT seed="2,0,0,0,0,107" ten="148,350,282,220" oya="2" hai0="112,39,133,9,130,86,74,44,132,55,20,114,109" hai1="49,88,54,38,105,125,12,128,18,127,103,73,33" hai2="96,50,122,67,37,13,48,101,84,23,126,80,4" hai3="120,63,19,56,58,70,69,60,2,78,17,41,5"/><V47/><F122/><W16/><G120/><T51/><D109/><U134/><E38/><V93/><F126/><W34/><G41/><N who="0" m="22591" /><D20/><U53/><E33/><V64/><F37/><W10/><G34/><T89/><D9/><U79/><E134/><N who="0" m="51817" /><D89/><U72/><E128/><V95/><F95/><W40/><G40/><T131/><D86/><U32/><E32/><V94/><F94/><W118/><G118/><T108/><D74/><N who="1" m="28779" /><E79/><V29/><F50/><W25/><G78/><T66/><D66/><U104/><E88/><N who="2" m="51207" /><F29/><W115/><G25/><T65/><D65/><U43/><E43/><N who="2" m="24703" /><F23/><W97/><G97/><T36/><D36/><U11/><E49/><V62/><F62/><W0/><G63/><T113/><D108/><U21/><E21/><V135/><F135/><W121/><G60/><T61/><D61/><U14/><E104/><V27/><F27/><W110/><G110/><T116/><D116/><U26/><E26/><V3/><F3/><W102/><G0/><T52/><D55/><U46/><E54/><V123/><F123/><W71/><G121/><T15/><D15/><N who="1" m="7551" /><E53/><V81/><F81/><W42/><G42/><T59/><AGARI ba="0,0" hai="51,52,59,112,113,114,130,131" m="51817,22591" machi="59" ten="40,8000,1" yaku="20,1,34,2,54,1" doraHai="107" who="0" fromWho="0" sc="148,80,350,-20,282,-40,220,-20" />
</Scene>
<Scene>
<INIT seed="3,0,0,4,1,119" ten="228,330,242,200" oya="3" hai0="2,100,3,110,28,118,106,77,69,25,29,32,89" hai1="104,108,47,8,41,57,72,131,42,46,83,93,62" hai2="107,34,126,58,133,13,97,24,134,79,55,98,90" hai3="114,105,113,127,40,111,96,121,20,10,82,59,63"/><W68/><G68/><T71/><D118/><U123/><E104/><V78/><F126/><W70/><G70/><N who="0" m="26635" /><D89/><U86/><E108/><V37/><F37/><W85/><G127/><T132/><D110/><U5/><E131/><V65/><F65/><W23/><G111/><T50/><D50/><U80/><E72/><V64/><F64/><W124/><G124/><T91/><D91/><U74/><E74/><V54/><F13/><W0/><G40/><T122/><D122/><U61/><E93/><V60/><F55/><W43/><G43/><T4/><D132/><U135/><E135/><N who="2" m="51723" /><F90/><W117/><G121/><T1/><D77/><N who="2" m="29194" /><F107/><W11/><G117/><T84/><D84/><U101/><E86/><V12/><F12/><W9/><G85/><T102/><D102/><U7/><E101/><V109/><F109/><W21/><G82/><T129/><D129/><U120/><E8/><V26/><F26/><W103/><REACH who="3" step="1"/><G0/><REACH who="3" ten="228,330,242,190" step="2"/><T22/><D3/><U6/><E42/><V92/><F98/><W36/><G36/><T31/><D2/><U66/><E41/><V48/><F97/><W44/><G44/><T130/><D130/><U51/><E47/><V94/><F58/><W81/><G81/><T49/><D1/><U27/><E123/><V17/><F94/><W76/><G76/><T88/><D106/><U116/><E120/><V38/><F92/><W56/><G56/><T53/><D100/><U112/><E116/><V87/><F38/><W52/><AGARI ba="0,1" hai="9,10,11,20,21,23,52,59,63,96,103,105,113,114" machi="52" ten="30,18000,2" yaku="1,1,0,1,54,1,53,3" doraHai="119" doraHaiUra="16" who="3" fromWho="3" sc="228,-60,330,-60,242,-60,190,190" />
</Scene>
<Scene>
<INIT seed="3,1,0,4,1,134" ten="168,270,182,380" oya="3" hai0="117,38,35,44,45,51,121,135,125,58,80,75,128" hai1="52,107,30,116,87,77,26,4,131,103,34,74,9" hai2="89,114,111,62,101,85,60,86,92,112,88,129,57" hai3="126,11,21,70,93,61,109,66,118,50,39,19,47"/><W42/><G118/><T33/><D117/><U20/><E116/><V133/><F133/><W96/><G126/><T102/><D121/><U69/><E87/><V55/><F111/><W98/><G109/><T108/><D135/><U78/><E69/><V99/><F129/><W73/><G73/><T81/><D108/><U124/><E131/><V36/><F36/><W105/><G105/><T123/><D123/><U79/><E74/><V63/><F114/><W67/><G67/><T76/><D128/><U110/><E110/><V106/><REACH who="2" step="1"/><F112/><REACH who="2" ten="168,270,172,380" step="2"/><W90/><G39/><T113/><D113/><U122/><E122/><V127/><F127/><W83/><G83/><AGARI ba="1,1" hai="55,57,60,62,63,83,85,86,88,89,92,99,101,106" machi="83" ten="30,3900,0" yaku="1,1,7,1,54,1,53,0" doraHai="134" doraHaiUra="64" who="2" fromWho="3" sc="168,0,270,0,172,52,380,-42" />
</Scene>
<Scene>
<INIT seed="4,0,0,2,3,126" ten="168,270,224,338" oya="0" hai0="53,13,27,115,2,59,54,25,69,90,37,22,39" hai1="117,28,42,105,104,15,67,14,50,75,60,63,133" hai2="46,77,124,84,116,52,70,3,97,103,56,40,61" hai3="130,110,24,135,64,129,113,38,88,66,114,58,36"/><T131/><D2/><U93/><E75/><V109/><F109/><W92/><G24/><T18/><D69/><U99/><E117/><V43/><F124/><W96/><G110/><T12/><D115/><N who="3" m="44041" /><G135/><T80/><D131/><N who="3" m="50185" /><G58/><T10/><D54/><U6/><E105/><V4/><F116/><W134/><G134/><T65/><D65/><AGARI ba="0,0" hai="36,38,64,65,66,88,92,96" m="50185,44041" machi="65" ten="30,12000,2" yaku="15,1,19,1,52,3,54,1" doraHai="126" who="3" fromWho="0" sc="168,-120,270,0,224,0,338,120" />
</Scene>
<Scene>
<INIT seed="5,0,0,1,3,22" ten="48,270,224,458" oya="1" hai0="112,43,51,119,28,113,70,62,88,107,114,11,111" hai1="27,50,87,7,23,90,91,76,45,37,71,121,12" hai2="105,83,99,124,73,10,84,25,29,135,8,115,86" hai3="35,101,82,67,2,34,9,46,133,131,20,53,98"/><U68/><E37/><V38/><F135/><W108/><G108/><T134/><D111/><U128/><E121/><V85/><F124/><W54/><G67/><T100/><D134/><U126/><E126/><V79/><F38/><W44/><G82/><T55/><D119/><U16/><E128/><V78/><F78/><W75/><G75/><T60/><D70/><U132/><E132/><V17/><F115/><W130/><G133/><T66/><D66/><U6/><E71/><V5/><F17/><W3/><G20/><T92/><D43/><N who="1" m="24895" /><E68/><V102/><REACH who="2" step="1"/><F5/><REACH who="2" ten="48,270,214,458" step="2"/><N who="1" m="1545" /><E12/><V58/><F58/><W122/><G131/><T15/><D28/><U26/><E26/><V48/><F48/><W118/><G130/><T103/><D62/><U31/><E31/><V41/><F41/><W19/><G122/><T32/><D60/><U30/><E30/><V57/><F57/><W61/><G61/><T0/><D0/><U63/><E63/><V94/><F94/><N who="3" m="58583" /><G2/><T64/><D107/><U93/><E93/><V77/><F77/><W110/><G110/><T65/><D65/><U49/><E49/><V129/><F129/><W123/><G123/><T21/><D64/><U81/><AGARI ba="0,1" hai="16,23,27,76,81,87,90,91" m="1545,24895" machi="81" ten="30,6000,0" yaku="8,1,52,1,54,1" doraHai="22" who="1" fromWho="1" sc="48,-20,270,70,214,-20,458,-20" />
</Scene>
<Scene>
<INIT seed="5,1,0,3,1,12" ten="28,340,194,438" oya="1" hai0="22,71,112,107,116,53,126,82,0,42,44,36,61" hai1="83,29,117,92,78,9,79,128,4,105,131,124,37" hai2="5,95,100,6,55,77,108,67,84,74,125,60,17" hai3="111,69,72,98,14,15,106,39,62,122,113,103,97"/><U40/><E105/><V57/><F108/><W119/><G111/><T13/><D0/><U91/><E117/><V27/><F125/><W63/><G122/><T121/><D126/><U2/><E124/><V99/><F74/><W76/><G39/><T25/><D107/><U10/><E29/><V115/><F115/><W109/><G109/><T52/><D112/><U120/><E120/><V23/><F77/><W43/><G43/><T134/><D121/><U28/><E28/><V110/><F110/><W130/><G113/><T70/><D116/><U68/><E68/><V47/><F84/><W59/><G130/><N who="1" m="49706" /><E10/><V85/><F85/><W81/><G97/><T88/><D134/><U129/><E129/><V93/><F93/><W26/><G69/><T34/><D34/><U32/><E32/><V1/><F1/><W135/><G135/><T18/><D13/><U21/><E21/><V19/><F19/><W86/><G26/><T35/><D35/><U3/><E3/><V48/><AGARI ba="1,0" hai="5,6,17,23,27,47,48,55,57,60,67,95,99,100" machi="48" ten="30,4000,0" yaku="0,1,8,1,52,1" doraHai="12" who="2" fromWho="2" sc="28,-11,340,-21,194,43,438,-11" />
</Scene>
<Scene>
<INIT seed="6,0,0,2,1,47" ten="17,319,237,427" oya="2" hai0="67,75,94,62,83,29,127,48,73,52,89,91,23" hai1="39,25,10,14,69,111,118,27,46,66,37,35,107" hai2="134,4,30,130,96,74,79,87,61,49,42,3,7" hai3="33,103,45,9,112,31,13,55,102,113,17,123,41"/><V8/><F74/><W54/><G123/><T133/><D133/><U115/><E111/><V24/><F134/><W26/><G103/><T93/><D127/><U124/><E118/><V100/><F130/><W98/><G41/><T34/><D34/><U44/><E107/><V12/><F3/><W126/><G126/><T19/><D29/><U1/><E1/><V76/><F7/><W117/><G117/><T6/><D6/><U99/><E124/><V5/><F5/><W40/><G40/><T125/><D125/><U129/><E129/><V110/><F61/><W116/><G116/><T28/><D28/><U43/><E35/><V38/><F38/><W57/><G45/><T122/><D122/><U56/><E69/><V72/><F72/><W95/><G57/><T64/><D83/><U71/><E71/><V63/><F63/><W53/><AGARI ba="0,0" hai="9,13,17,26,31,33,53,54,55,95,98,102,112,113" machi="53" ten="30,1100,0" yaku="0,1" doraHai="47" who="3" fromWho="3" sc="17,-3,319,-3,237,-5,427,11" />
</Scene>
<Scene>
<INIT seed="7,0,0,0,5,127" ten="14,316,232,438" oya="3" hai0="132,80,103,46,118,87,122,51,29,54,3,128,108" hai1="44,117,75,98,7,112,101,110,69,130,13,123,95" hai2="135,124,91,126,111,57,79,15,96,84,131,47,89" hai3="0,63,115,81,102,99,104,85,88,73,67,133,53"/><W49/><G0/><T34/><D108/><U83/><E123/><V16/><F111/><W14/><G115/><T74/><D74/><U107/><E110/><V1/><F1/><W77/><G14/><T2/><D2/><U113/><E69/><V58/><F135/><W37/><G37/><T65/><D65/><U61/><E61/><V100/><F79/><W116/><G116/><T31/><D31/><U105/><E117/><V97/><F47/><W45/><G133/><T38/><D38/><U23/><E44/><V21/><F91/><W43/><G53/><T5/><D5/><U40/><E40/><V106/><F97/><W8/><G8/><T30/><D30/><U59/><E59/><V66/><F66/><W71/><G73/><T20/><D20/><U82/><E75/><V55/><F131/><W94/><G77/><T129/><D129/><U90/><E130/><V6/><F6/><W22/><G22/><T27/><D27/><U119/><E119/><V41/><F41/><W11/><G11/><T72/><D72/><U35/><E35/><V33/><F33/><W17/><G17/><T42/><D42/><U62/><E7/><V134/><F134/><W19/><G19/><T24/><D24/><U4/><E4/><V70/><F70/><W36/><G36/><T86/><D86/><U68/><E68/><V39/><F39/><W120/><G120/><T109/><D109/><U26/><E113/><V10/><F10/><W48/><G45/><T9/><D9/><U28/><E112/><V93/><F55/><W18/><G43/><T78/><D78/><RYUUKYOKU ba="0,0" sc="14,-10,316,-10,232,30,438,-10" hai2="15,16,21,57,58,84,89,93,96,100,106,124,126" owari="4,-50.0,306,11.0,262,-14.0,428,53.0" />
</Scene>
</mjloggm>