<mjloggm ver="2.3"><GO type="169" lobby="0"/><UN n0="%48%6F%6F%6F%6F%6F%6F%69" n1="%E5%A4%AA%E3%81%8F%E3%81%AA%E3%81%84%E3%81%8A" n2="%72%79%6F%E2%80%A6%31%35" n3="%E3%82%B9%E3%82%B1%E3%83%BC%E3%82%BF%E3%83%BC" dan="16,19,17,17" rate="2087.40,2336.42,2184.26,2225.45" sx="M,F,M,M"/><TAIKYOKU oya="0"/>

<Scene>
<INIT seed="0,0,0,5,3,6" ten="250,250,250,250" oya="0" hai0="71,32,88,98,66,129,35,68,23,112,79,107,14" hai1="19,82,7,91,21,85,8,73,69,70,44,116,96" hai2="124,97,110,135,106,11,118,81,105,37,114,122,55" hai3="113,78,72,77,103,101,90,45,47,5,18,34,134"/><T50/><D112/><U120/><E116/><V57/><F114/><W3/><G34/><T17/><D79/><U43/><E120/><V1/><F122/><W92/><G113/><T36/><D36/><U29/><E29/><V15/><F118/><W20/><G134/><T12/><D129/><U100/><E73/><V89/><F135/><W25/><G72/><T121/><D121/><U95/><E21/><V108/><F37/><W126/><G126/><T76/><D76/><U24/><E24/><V133/><F1/><W62/><G62/><T58/><D107/><U4/><E19/><V2/><F2/><W42/><G47/><T13/><D71/><U40/><E4/><N who="2" m="3559" /><F133/><W80/><G80/><T10/><D68/><U94/><E82/><V59/><F59/><W93/><G93/><T22/><D22/><U31/><E31/><V84/><F97/><W41/><G41/><T119/><D119/><U99/><E99/><V46/><F46/><W48/><G78/><T87/><D98/><U27/><E27/><V75/><F75/><W51/><G77/><T104/><D104/><U16/><E43/><V52/><F55/><W131/><G42/><T123/><D123/><U38/><REACH who="1" step="1"/><E16/><REACH who="1" ten="250,240,250,250" step="2"/><V117/><F117/><W128/><G18/><T65/><D32/><U54/><E54/><V127/><F106/><W33/><G33/><T67/><D35/><U86/><E86/><V130/><F105/><W132/><G132/><T60/><D23/><U49/><E49/><N who="2" m="30863" /><F130/><W74/><G131/><T102/><D87/><U39/><E39/><V56/><F81/><W111/><G128/><RYUUKYOKU ba="0,1" sc="250,-10,240,30,250,-10,250,-10" hai1="7,8,38,40,44,69,70,85,91,94,95,96,100" />
</Scene>
<Scene>
<INIT seed="1,1,1,4,2,76" ten="240,270,240,240" oya="1" hai0="65,31,94,88,12,116,86,127,98,39,61,135,109" hai1="10,2,47,64,22,14,21,52,105,110,83,69,5" hai2="38,102,130,50,121,58,45,133,74,16,91,113,26" hai3="56,111,96,99,48,35,103,79,51,75,90,131,122"/><U37/><E105/><V72/><F121/><W55/><G122/><T129/><D116/><U4/><E69/><V124/><F130/><W60/><G35/><T120/><D120/><U44/><E64/><V118/><F118/><W100/><G111/><T132/><D39/><U66/><E66/><V119/><F119/><W6/><G131/><T114/><D114/><U13/><E110/><V11/><F113/><W59/><G6/><T42/><D42/><U46/><E37/><V71/><F71/><W68/><G90/><T128/><D109/><U0/><E52/><V29/><F102/><W15/><G15/><T77/><D31/><U28/><E28/><V70/><F70/><W115/><G68/><N who="0" m="42031" /><D12/><U33/><E46/><V27/><F38/><W95/><G59/><T73/><D73/><U40/><E33/><V112/><F58/><W104/><REACH who="3" step="1"/><G115/><REACH who="3" ten="240,270,240,230" step="2"/><T9/><D128/><U123/><E123/><V53/><F91/><W67/><G67/><T8/><D129/><U32/><E32/><V43/><F112/><W1/><G1/><T24/><D127/><U93/><E10/><V106/><F124/><W62/><G62/><T101/><D9/><U125/><E125/><V30/><F11/><W85/><G85/><T126/><D8/><U97/><E0/><V81/><F74/><W89/><G89/><T20/><D126/><U25/><E2/><V17/><F72/><W57/><G57/><T36/><D88/><N who="1" m="55463" /><E14/><V3/><F3/><W80/><AGARI ba="1,2" hai="48,51,55,56,60,75,79,80,95,96,99,100,103,104" machi="80" ten="30,7900,0" yaku="1,1,0,1,52,1,53,1" doraHai="76" doraHaiUra="54" who="3" fromWho="3" sc="240,-21,270,-40,240,-21,230,102" />
</Scene>
<Scene>
<INIT seed="2,0,0,1,2,107" ten="219,230,219,332" oya="2" hai0="42,45,80,14,17,8,96,35,101,24,83,103,73" hai1="128,44,15,10,43,117,95,56,88,124,29,102,1" hai2="122,27,53,55,133,62,41,2,0,130,93,66,46" hai3="13,86,69,59,11,82,90,129,50,79,37,39,18"/><V108/><F122/><W57/><G69/><T47/><D47/><U85/><E117/><V94/><F130/><W36/><G129/><T92/><D101/><U6/><E128/><V52/><F133/><W70/><G70/><T89/><D103/><U16/><E124/><V26/><F108/><W34/><G34/><T105/><D105/><U99/><E29/><V87/><F2/><W125/><G125/><T63/><D63/><U118/><E56/><V121/><F0/><W123/><G123/><T126/><D126/><U109/><E109/><V71/><F121/><W131/><G131/><T116/><D73/><U76/><E76/><V65/><F65/><W5/><G18/><T115/><D115/><U84/><E118/><V22/><F87/><W23/><G23/><T98/><D98/><U114/><E114/><V33/><F33/><W58/><REACH who="3" step="1"/><G79/><REACH who="3" ten="219,230,219,322" step="2"/><T113/><D113/><U4/><E1/><V75/><F22/><W28/><G28/><T111/><D116/><U135/><E135/><V12/><F71/><W30/><G30/><T112/><D112/><U3/><E3/><V104/><F26/><W110/><G110/><T81/><D35/><U51/><REACH who="1" step="1"/><E85/><REACH who="1" ten="219,220,219,322" step="2"/><V132/><F132/><W77/><G77/><T48/><D111/><U31/><E31/><V32/><F32/><W134/><G134/><T64/><D24/><U60/><E60/><V20/><F27/><W54/><AGARI ba="0,2" hai="5,11,13,36,37,39,50,54,57,58,59,82,86,90" machi="54" ten="40,2700,0" yaku="1,1,0,1,53,0" doraHai="107" doraHaiUra="67" who="3" fromWho="3" sc="219,-7,220,-7,219,-13,322,47" />
</Scene>
<Scene>
<INIT seed="3,0,0,3,1,19" ten="212,213,206,369" oya="3" hai0="82,21,134,133,15,123,45,68,130,122,34,48,114" hai1="86,27,116,32,64,87,67,106,79,36,17,24,2" hai2="103,75,93,92,102,121,8,76,101,112,98,47,88" hai3="77,129,72,33,111,110,39,128,25,71,55,115,91"/><W37/><G115/><T58/><D68/><U1/><E36/><N who="3" m="13898" /><G91/><T78/><D34/><U104/><E17/><V30/><F30/><N who="3" m="19663" /><G55/><T135/><D130/><N who="3" m="50281" /><G71/><T94/><D114/><U125/><E32/><V120/><F8/><W42/><G42/><T66/><D94/><U119/><REACH who="1" step="1"/><E79/><REACH who="1" ten="212,203,206,369" step="2"/><V100/><F112/><W70/><G70/><T40/><D123/><U6/><E6/><V12/><F121/><W107/><G107/><T97/><D122/><U65/><E65/><V96/><F120/><W26/><G26/><T52/><D66/><U49/><E49/><V53/><F12/><W81/><AGARI ba="0,1" hai="72,77,81,110,111" m="50281,19663,13898" machi="81" ten="40,3900,0" yaku="19,1,23,1" doraHai="19" who="3" fromWho="3" sc="212,-13,203,-13,206,-13,369,49" />
</Scene>
<Scene>
<INIT seed="3,1,0,4,3,80" ten="199,190,193,418" oya="3" hai0="61,15,102,52,38,135,69,108,31,93,83,60,13" hai1="17,57,33,70,43,37,89,86,23,78,6,59,49" hai2="30,87,111,127,35,97,28,10,2,25,67,4,3" hai3="44,22,71,84,36,132,76,7,74,9,55,95,104"/><W101/><G71/><T46/><D108/><U77/><E33/><V73/><F73/><W109/><G22/><T94/><D31/><U117/><E70/><V98/><F111/><W131/><G55/><T54/><D69/><U65/><E37/><V113/><F113/><W16/><G16/><T18/><D83/><N who="1" m="49375" /><E6/><V51/><F2/><W8/><G8/><T72/><D72/><U50/><E117/><V110/><F110/><W115/><G132/><T27/><D38/><U134/><E134/><V92/><F67/><W82/><G131/><T129/><D102/><U100/><E100/><V56/><F30/><W26/><G26/><T21/><D129/><U39/><E39/><V126/><F56/><N who="1" m="21577" /><E65/><V119/><F119/><W125/><G101/><T63/><D135/><U79/><E43/><V88/><REACH who="2" step="1"/><F51/><REACH who="2" ten="199,190,183,418" step="2"/><W34/><G115/><T99/><D46/><U14/><AGARI ba="1,1" hai="14,17,23,49,50,77,78,79" m="21577,49375" machi="14" ten="30,2000,0" yaku="8,1,52,1" doraHai="80" who="1" fromWho="1" sc="199,-6,190,33,183,-6,418,-11" />
</Scene>
<Scene>
<INIT seed="4,0,0,3,0,99" ten="193,223,177,407" oya="0" hai0="63,1,10,24,100,80,43,11,0,133,51,15,46" hai1="98,81,72,8,22,132,49,94,32,113,69,16,56" hai2="135,131,125,47,102,76,57,127,50,95,107,130,37" hai3="62,73,119,87,112,64,9,65,29,2,34,20,60"/><T129/><D129/><N who="2" m="49162" /><F37/><W19/><G73/><T111/><D133/><U88/><E32/><V126/><F57/><W17/><G112/><T117/><D117/><U3/><E69/><V134/><F76/><W96/><G34/><T120/><D120/><U104/><E132/><N who="2" m="50731" /><F95/><W86/><G29/><T105/><D24/><U39/><E39/><V27/><F27/><W44/><G44/><T55/><D11/><U7/><E113/><V53/><F102/><W121/><G9/><T36/><D63/><U52/><E81/><V77/><F77/><W90/><G90/><T13/><D13/><U40/><E72/><V42/><F107/><W91/><G91/><T70/><D70/><U21/><E104/><V93/><F93/><W110/><G62/><T4/><D111/><U114/><E114/><V14/><F14/><W74/><G110/><T103/><D80/><U66/><E66/><V79/><F79/><W54/><G65/><T115/><D115/><U123/><E123/><V33/><F33/><W58/><G64/><T68/><D68/><U12/><E40/><AGARI ba="0,0" hai="40,42,47,50,53,125,126,127" m="50731,49162" machi="40" ten="40,32000,5" yakuman="39" doraHai="99" who="2" fromWho="1" sc="193,0,223,-320,177,320,407,0" owari="193,-21.0,-97,-60.0,497,60.0,407,21.0" />
</Scene>
</mjloggm>