<mjloggm ver="2.3"><GO type="169" lobby="0"/><UN n0="%E8%85%90%E7%94%9F%E8%B1%9A%E3%82%B3%E3%83%84%E3%83%9C%E3%83%BC" n1="%E5%93%B2%E5%AD%A6%E3%81%99%E3%82%8B%E9%BA%BB%E9%9B%80" n2="%E7%A2%BA%E8%AA%8D%E4%BA%8B%E9%A0%85" n3="%E5%A4%AA%E3%81%8F%E3%81%AA%E3%81%84%E3%81%8A" dan="16,16,16,19" rate="2137.87,2156.87,2144.38,2283.01" sx="M,M,M,F"/><TAIKYOKU oya="0"/>

<Scene>
<INIT seed="0,0,0,2,4,95" ten="250,250,250,250" oya="0" hai0="63,67,100,38,6,61,19,97,4,126,65,62,37" hai1="101,112,31,36,39,73,128,102,71,84,51,115,79" hai2="55,47,87,52,40,64,53,131,76,43,109,26,1" hai3="116,14,110,127,66,69,82,54,129,133,75,91,134"/><T29/><D29/><U99/><E71/><V49/><F1/><W113/><G113/><N who="1" m="43594" /><E73/><V25/><F109/><W68/><G116/><T46/><D126/><U22/><E128/><V15/><F131/><W117/><G117/><T0/><D19/><U111/><E111/><V59/><F43/><W8/><G129/><T80/><D80/><N who="1" m="47135" /><E51/><V85/><F15/><W93/><G110/><T105/><D0/><U70/><E70/><V50/><F64/><W42/><G42/><T2/><D2/><U44/><E44/><N who="2" m="27719" /><F40/><W132/><G54/><T13/><D46/><U78/><E78/><V88/><F76/><N who="3" m="44319" /><G66/><T45/><D45/><U130/><E130/><V98/><F85/><N who="3" m="52463" /><G127/><T92/><D67/><U12/><E102/><V122/><F122/><W3/><G3/><T57/><D38/><U96/><E101/><V114/><F114/><W7/><AGARI ba="0,0" hai="7,8,14,68,69,132,133,134" m="52463,44319" machi="7" ten="30,1100,0" yaku="20,1" doraHai="95" who="3" fromWho="3" sc="250,-5,250,-3,250,-3,250,11" />
</Scene>
<Scene>
<INIT seed="1,0,0,4,1,56" ten="245,247,247,261" oya="1" hai0="86,43,58,135,67,108,42,89,85,51,54,35,72" hai1="132,25,79,16,116,75,124,21,119,6,10,83,24" hai2="81,4,70,103,62,133,29,82,11,34,32,78,113" hai3="12,13,2,37,117,102,94,1,71,0,5,96,107"/><U90/><E132/><V92/><F133/><W45/><G71/><T38/><D135/><U55/><E124/><V23/><F113/><W80/><G117/><T91/><D35/><U60/><E24/><V87/><F23/><W129/><G129/><T77/><D108/><U120/><E120/><V130/><F130/><W131/><G131/><T49/><D38/><U33/><E33/><V111/><F111/><W46/><G107/><T126/><D126/><U18/><E18/><V63/><F70/><W76/><G37/><T7/><D7/><U15/><REACH who="1" step="1"/><E90/><REACH who="1" ten="245,237,247,261" step="2"/><V84/><F32/><W64/><G5/><T36/><D91/><U57/><AGARI ba="0,1" hai="6,10,15,16,21,25,55,57,60,75,79,83,116,119" machi="57" ten="30,12000,1" yaku="1,1,2,1,0,1,52,1,54,1,53,0" doraHai="56" doraHaiUra="101" who="1" fromWho="1" sc="245,-40,237,130,247,-40,261,-40" />
</Scene>
<Scene>
<INIT seed="1,1,0,3,4,48" ten="205,367,207,221" oya="1" hai0="126,111,63,116,9,18,119,69,42,83,128,101,87" hai1="62,46,34,24,13,47,12,134,64,44,125,36,49" hai2="71,131,0,25,114,88,57,35,73,112,115,3,76" hai3="130,67,40,72,56,94,117,23,78,21,98,86,129"/><U38/><E134/><V74/><F131/><N who="3" m="50187" /><G72/><T59/><D128/><U11/><E125/><V10/><F71/><W60/><G117/><T75/><D126/><U108/><E108/><V122/><F122/><W110/><G110/><T107/><D111/><U7/><E13/><V93/><F57/><W70/><G40/><T106/><D69/><U103/><E103/><V82/><F74/><W100/><G70/><T51/><D75/><U95/><E95/><V104/><F104/><W39/><G39/><T20/><D9/><U2/><E12/><V113/><N who="2" m="28672" /><DORA hai="66" /><V91/><F10/><W26/><G26/><T17/><D17/><U68/><REACH who="1" step="1"/><E49/><REACH who="1" ten="205,357,207,221" step="2"/><V89/><REACH who="2" step="1"/><F93/><REACH who="2" ten="205,357,197,221" step="2"/><W32/><G94/><T133/><D107/><U109/><E109/><V50/><F50/><W80/><G100/><T31/><D106/><U22/><E22/><V92/><F92/><W135/><G21/><T4/><D101/><U132/><E132/><V8/><F8/><W123/><G23/><T5/><D133/><U19/><E19/><V102/><F102/><W77/><G135/><T37/><D18/><U127/><E127/><V120/><F120/><W1/><G123/><T41/><D51/><U43/><E43/><V124/><F124/><W14/><G98/><T30/><D42/><U6/><E6/><V33/><F33/><W96/><G32/><T85/><D41/><U54/><E54/><V61/><F61/><W65/><G96/><T105/><D63/><U79/><E79/><V84/><F84/><N who="3" m="48143" /><G60/><T29/><D105/><U118/><E118/><V58/><F58/><W15/><G56/><RYUUKYOKU ba="1,2" sc="205,-15,357,15,197,15,221,-15" hai1="2,7,11,24,34,36,38,44,46,47,62,64,68" hai2="0,3,25,35,73,76,82,88,89,91" />
</Scene>
<Scene>
<INIT seed="1,2,2,5,5,47" ten="190,372,212,206" oya="1" hai0="99,44,74,121,78,36,114,3,105,82,54,19,16" hai1="88,26,7,0,40,39,115,116,135,95,68,90,51" hai2="133,60,106,84,31,128,46,124,100,89,52,27,37" hai3="75,8,81,70,71,119,53,72,77,48,24,35,6"/><U111/><E116/><V126/><F133/><W13/><G119/><T29/><D114/><U98/><E115/><V86/><F128/><W91/><G75/><T32/><D121/><U22/><E39/><V83/><F106/><W73/><G73/><T87/><D3/><U102/><E68/><V64/><F100/><W131/><G131/><T55/><D36/><U129/><E129/><V107/><F107/><W20/><G91/><T58/><D74/><U42/><E135/><V17/><F17/><W79/><G79/><T117/><D117/><U69/><E69/><V134/><F134/><W18/><REACH who="3" step="1"/><G35/><REACH who="3" ten="190,372,212,196" step="2"/><T38/><D32/><U113/><E113/><V118/><F89/><W59/><AGARI ba="2,3" hai="6,8,13,18,20,24,48,53,59,70,71,72,77,81" machi="59" ten="20,8000,1" yaku="1,1,2,1,0,1,7,1,52,1,53,0" doraHai="47" doraHaiUra="25" who="3" fromWho="3" sc="190,-22,372,-42,212,-22,196,116" />
</Scene>
<Scene>
<INIT seed="2,0,0,3,4,98" ten="168,330,190,312" oya="2" hai0="69,109,10,121,79,4,105,11,44,76,107,36,103" hai1="24,85,71,94,131,20,16,130,41,33,9,113,54" hai2="60,100,106,67,114,12,28,86,118,112,80,14,52" hai3="66,110,101,111,61,26,89,92,122,129,90,77,46"/><V55/><F118/><W62/><G122/><T57/><D121/><U7/><E113/><V96/><F28/><W17/><G129/><N who="1" m="49162" /><E71/><V124/><F124/><W29/><G77/><T0/><D69/><U34/><E41/><V49/><F114/><W87/><G17/><T3/><D109/><N who="3" m="41481" /><G46/><T64/><D44/><U15/><E54/><V6/><F112/><W135/><G135/><T42/><D42/><U40/><E40/><V43/><F43/><W32/><G66/><T58/><D4/><U63/><E63/><N who="3" m="24074" /><G90/><AGARI ba="0,0" hai="7,9,15,16,20,24,33,34,85,90,94" m="49162" machi="90" ten="30,2000,0" yaku="19,1,54,1" doraHai="98" who="1" fromWho="3" sc="168,0,330,20,190,0,312,-20" />
</Scene>
<Scene>
<INIT seed="3,0,0,2,3,47" ten="168,350,190,292" oya="3" hai0="112,88,29,87,91,90,124,109,56,132,10,129,1" hai1="127,22,114,104,11,4,79,12,64,96,55,45,82" hai2="0,76,61,120,9,18,118,63,37,86,133,40,105" hai3="44,26,121,68,51,131,27,14,53,102,71,89,97"/><W43/><G121/><T75/><D29/><U21/><E114/><V23/><F118/><W52/><G131/><T58/><D129/><U122/><E122/><V126/><F120/><W33/><G89/><T42/><D112/><U108/><E108/><V67/><F105/><W48/><G14/><T50/><D75/><U16/><E127/><V106/><F106/><W107/><G43/><T100/><D124/><U98/><E64/><V78/><F133/><W3/><G3/><T28/><D109/><U17/><E104/><V15/><F126/><W2/><G2/><T70/><D70/><U116/><E116/><V95/><F37/><W7/><G7/><T66/><D132/><U46/><E4/><V117/><F40/><W13/><G13/><T103/><D28/><U19/><E11/><V110/><F117/><W25/><REACH who="3" step="1"/><G33/><REACH who="3" ten="168,350,190,282" step="2"/><T35/><D35/><U41/><E41/><V84/><F15/><W62/><G62/><N who="0" m="38215" /><D1/><U73/><E12/><V135/><F0/><W115/><G115/><T32/><D32/><U128/><E128/><V99/><F110/><W125/><G125/><T30/><D10/><U81/><E21/><V69/><F23/><W34/><G34/><T38/><D38/><U130/><E22/><V85/><F9/><W83/><G83/><T8/><D8/><U59/><E130/><V24/><F63/><W101/><G101/><T134/><D42/><U6/><E6/><V123/><F123/><W60/><G60/><T94/><D100/><U72/><E82/><V36/><F36/><W111/><G111/><T80/><D80/><U49/><E73/><RYUUKYOKU ba="0,1" sc="168,-15,350,15,190,-15,282,15" hai1="16,17,19,45,46,49,55,59,72,79,81,96,98" hai3="25,26,27,44,48,51,52,53,68,71,97,102,107" />
</Scene>
<Scene>
<INIT seed="3,1,1,3,5,125" ten="153,365,175,297" oya="3" hai0="84,94,128,30,63,85,133,21,19,26,88,135,5" hai1="108,124,35,78,74,46,96,60,99,59,27,130,51" hai2="33,92,40,31,106,9,65,64,70,119,82,68,12" hai3="32,47,103,16,69,123,91,120,57,24,29,93,113"/><W87/><G69/><T37/><D37/><U116/><E124/><V6/><F106/><W126/><G126/><T43/><D43/><U122/><E122/><V10/><F119/><W2/><G113/><T80/><D63/><U53/><E116/><V52/><F40/><W14/><G2/><T100/><D5/><U0/><E0/><V11/><F92/><W49/><G103/><T95/><D128/><U98/><E108/><V104/><F104/><W41/><REACH who="3" step="1"/><G57/><REACH who="3" ten="153,365,175,287" step="2"/><T75/><D100/><U56/><E56/><V55/><F68/><W62/><G62/><T66/><D135/><U79/><E60/><V48/><F70/><W7/><G7/><T36/><D133/><U8/><E59/><V28/><F6/><W121/><G121/><T83/><D66/><U115/><E115/><V4/><F64/><W50/><G50/><T109/><D36/><U17/><E51/><V86/><F65/><W132/><G132/><T127/><D127/><U81/><E130/><V1/><F1/><W90/><G90/><T22/><D109/><U134/><E134/><V13/><F4/><W105/><G105/><T77/><REACH who="0" step="1"/><D75/><REACH who="0" ten="143,365,175,287" step="2"/><U72/><E74/><V23/><F48/><W15/><G15/><AGARI ba="1,3" hai="15,19,21,22,26,30,77,80,83,84,85,88,94,95" machi="15" ten="30,8000,1" yaku="1,1,2,1,7,1,8,1,54,1,53,0" doraHai="125" doraHaiUra="97" who="0" fromWho="3" sc="143,113,365,0,175,0,287,-83" />
</Scene>
<Scene>
<INIT seed="4,0,0,5,4,14" ten="256,365,175,204" oya="0" hai0="131,74,76,72,96,8,1,69,3,92,46,129,56" hai1="11,122,101,82,128,50,18,81,57,33,37,70,36" hai2="21,63,95,10,6,66,90,84,41,85,29,124,5" hai3="35,130,127,13,126,109,86,104,78,38,100,115,45"/><T60/><D69/><U113/><E70/><V9/><F124/><N who="3" m="47659" /><G38/><T91/><D46/><U118/><E122/><V28/><F41/><W134/><G35/><T59/><D59/><U106/><E118/><V112/><F112/><W20/><G45/><T58/><D58/><U75/><E33/><V24/><F28/><W17/><G109/><T65/><D76/><U108/><E108/><V71/><REACH who="2" step="1"/><F85/><REACH who="2" ten="256,365,165,204" step="2"/><W42/><G42/><T123/><D123/><U114/><E114/><V16/><F16/><W103/><G115/><T73/><REACH who="0" step="1"/><D8/><AGARI ba="0,1" hai="5,6,8,9,10,21,24,29,63,66,71,84,90,95" machi="8" ten="40,2600,0" yaku="1,1,53,1" doraHai="14" doraHaiUra="88" who="2" fromWho="0" sc="256,-26,365,0,165,36,204,0" />
</Scene>
<Scene>
<INIT seed="5,0,0,0,3,25" ten="230,365,201,204" oya="1" hai0="8,98,73,47,39,113,48,129,9,133,56,10,43" hai1="4,59,54,67,57,120,107,20,46,0,44,71,69" hai2="28,23,27,70,123,68,104,119,75,58,51,97,17" hai3="81,108,76,80,35,118,105,33,77,60,88,112,115"/><U65/><E107/><V124/><F119/><W6/><G105/><T16/><D73/><U128/><E20/><V7/><F123/><W127/><G108/><T116/><D116/><U32/><E32/><N who="3" m="12362" /><G118/><T78/><D78/><N who="3" m="30313" /><G6/><T5/><D5/><U24/><E24/><V2/><F75/><W114/><G127/><T15/><D113/><U121/><E4/><V79/><F79/><W29/><G60/><T103/><D133/><U12/><E12/><V106/><F124/><W72/><G72/><T74/><D129/><U26/><E26/><V126/><F126/><W135/><G135/><T31/><D74/><U96/><E96/><V30/><F104/><W3/><G3/><T19/><D19/><U86/><E86/><V102/><F58/><W41/><G41/><T22/><D56/><U92/><E92/><V53/><F68/><W62/><G62/><T134/><D134/><U50/><E0/><V83/><F70/><W117/><G117/><T84/><D84/><U99/><E99/><V110/><F110/><W101/><G101/><T61/><D61/><U87/><E87/><V125/><F125/><W111/><G111/><T122/><D122/><U37/><E128/><V64/><F83/><N who="3" m="31819" /><G29/><T42/><D42/><U94/><E94/><V82/><F82/><W40/><G40/><T34/><D34/><U91/><E37/><V36/><F36/><W63/><G63/><T14/><D39/><U100/><E100/><V45/><REACH who="2" step="1"/><F64/><REACH who="2" ten="230,365,191,204" step="2"/><W49/><G49/><T132/><D132/><U89/><E50/><V130/><F130/><W1/><G1/><T90/><D48/><RYUUKYOKU ba="0,1" sc="230,-30,365,10,191,10,204,10" hai1="44,46,54,57,59,65,67,69,71,89,91,120,121" hai2="2,7,17,23,27,28,30,45,51,53,97,102,106" hai3="88,112,114,115" />
</Scene>
<Scene>
<INIT seed="5,1,1,0,3,17" ten="200,375,201,214" oya="1" hai0="19,133,96,130,132,25,47,44,7,45,27,4,122" hai1="73,41,9,117,37,85,12,20,99,49,103,50,84" hai2="63,69,93,105,123,59,58,11,114,100,82,2,0" hai3="5,88,13,51,81,54,107,28,94,62,126,120,14"/><U77/><E117/><V135/><F123/><W78/><G107/><T113/><D122/><U15/><E73/><V131/><F105/><W52/><G120/><T42/><D42/><U104/><E37/><V97/><F135/><N who="0" m="51786" /><D113/><U108/><E108/><V57/><F114/><W89/><G126/><T56/><D130/><U80/><E41/><V1/><F131/><W18/><G28/><T110/><D110/><U32/><E32/><V87/><F69/><W23/><G62/><T76/><D76/><U71/><E71/><V125/><F125/><W102/><G102/><T119/><D119/><U39/><E39/><V98/><F98/><N who="3" m="57671" /><G78/><T101/><D56/><U90/><E15/><V72/><F72/><W43/><G81/><T21/><D27/><U34/><E34/><V53/><REACH who="2" step="1"/><F11/><REACH who="2" ten="200,375,191,214" step="2"/><N who="3" m="4335" /><G89/><AGARI ba="1,2" hai="0,1,2,53,57,58,59,63,82,87,89,93,97,100" machi="89" ten="40,1300,0" yaku="1,1,53,0" doraHai="17" doraHaiUra="22" who="2" fromWho="3" sc="200,0,375,0,191,36,214,-16" />
</Scene>
<Scene>
<INIT seed="6,0,0,5,0,56" ten="200,375,227,198" oya="2" hai0="13,82,39,90,38,108,30,32,60,81,98,101,133" hai1="9,8,122,12,74,117,123,113,120,107,126,94,19" hai2="21,58,49,6,106,7,131,73,88,40,29,14,75" hai3="37,34,114,116,91,55,89,99,11,111,52,15,125"/><V78/><F106/><W18/><G111/><T85/><D108/><U16/><E107/><V105/><F105/><W10/><G116/><T76/><D133/><U127/><E74/><V87/><F75/><W36/><G34/><T67/><D13/><N who="1" m="7215" /><E94/><N who="2" m="54559" /><F73/><W47/><G125/><N who="1" m="47626" /><E117/><V41/><F78/><W46/><G18/><T124/><D124/><U132/><E132/><V92/><F92/><W4/><G15/><T128/><D128/><U2/><E113/><V119/><F119/><W102/><G99/><T130/><D130/><U115/><E115/><V25/><F131/><W44/><G44/><T68/><D82/><U23/><E2/><V109/><F109/><W96/><G96/><T57/><D57/><U45/><E45/><N who="2" m="25767" /><F41/><W35/><G35/><T48/><D81/><U20/><AGARI ba="0,0" hai="8,12,19,20,23,120,122,123" m="47626,7215" machi="20" ten="40,8000,1" yaku="13,1,18,1,34,2,54,1" doraHai="56" who="1" fromWho="1" sc="200,-20,375,80,227,-40,198,-20" />
</Scene>
<Scene>
<INIT seed="7,0,0,3,3,68" ten="180,455,187,178" oya="3" hai0="31,11,64,13,35,17,113,102,7,52,1,106,3" hai1="40,115,135,107,21,5,78,118,99,101,73,95,131" hai2="103,58,91,62,43,12,84,66,19,38,134,98,47" hai3="32,122,97,83,48,71,72,132,111,116,29,85,130"/><W20/><G116/><T117/><D117/><U61/><E118/><V10/><F134/><W51/><G122/><T54/><D64/><U110/><E110/><V53/><F53/><W18/><G71/><T129/><D129/><U96/><E131/><V94/><F84/><W22/><G130/><T104/><D1/><U15/><E135/><V41/><F41/><W86/><G132/><T60/><D113/><U77/><E73/><V121/><F121/><W27/><G111/><T67/><D102/><U0/><E0/><V109/><F109/><W49/><G32/><T88/><D88/><U57/><E40/><V108/><F108/><W65/><G65/><T16/><D17/><U100/><E115/><V23/><F103/><W9/><G9/><T42/><D42/><U59/><E57/><V120/><F120/><W74/><G97/><T133/><D133/><U6/><E6/><V92/><F92/><W36/><G36/><T80/><D80/><U39/><E39/><V76/><F76/><W123/><G123/><T25/><D104/><U50/><E50/><V90/><F90/><W44/><G44/><T26/><D26/><U28/><E28/><V69/><F69/><W70/><G70/><N who="0" m="42343" /><D106/><U55/><E21/><AGARI ba="0,0" hai="3,7,11,13,16,21,25,31,35,52,54" m="42343" machi="21" ten="30,3900,0" yaku="24,1,54,2" doraHai="68" who="0" fromWho="1" sc="180,39,455,-39,187,0,178,0" owari="219,2.0,416,51.0,187,-21.0,178,-32.0" />
</Scene>
</mjloggm>