<mjloggm ver="2.3"><GO type="169" lobby="0"/><UN n0="%E3%83%88%E3%83%90%E3%82%BE" n1="%E3%81%8A%E3%81%98%E3%81%95%E3%82%93" n2="%E5%A4%AA%E3%81%8F%E3%81%AA%E3%81%84%E3%81%8A" n3="%54%53%55%42%41%53%41" dan="16,17,19,16" rate="2108.99,2190.51,2322.81,2117.90" sx="M,M,F,M"/><TAIKYOKU oya="0"/>

<Scene>
<INIT seed="0,0,0,2,5,129" ten="250,250,250,250" oya="0" hai0="127,124,106,31,30,72,90,119,96,19,75,42,44" hai1="121,86,27,82,71,51,53,2,37,20,91,81,120" hai2="46,39,87,98,114,35,128,12,92,34,84,33,40" hai3="63,10,60,113,38,89,32,109,118,115,50,14,18"/><T59/><D119/><U6/><E37/><V5/><F114/><W45/><G38/><T100/><D90/><U126/><E126/><N who="0" m="48169" /><D19/><U102/><E71/><V116/><F128/><W79/><G118/><T22/><D59/><U101/><E121/><V61/><F116/><W11/><G109/><T58/><D58/><N who="1" m="33087" /><E2/><V73/><F73/><N who="0" m="28234" /><D22/><U117/><E117/><V62/><F62/><W68/><G79/><T47/><D47/><U16/><E120/><V66/><F61/><W93/><G115/><T108/><D108/><U134/><E6/><V25/><F5/><W110/><G113/><T36/><AGARI ba="0,0" hai="30,31,36,42,44,96,100,106" m="28234,48169" machi="36" ten="30,1500,0" yaku="18,1" doraHai="129" who="0" fromWho="0" sc="250,15,250,-5,250,-5,250,-5" />
</Scene>
<Scene>
<INIT seed="0,1,0,0,4,79" ten="265,245,245,245" oya="0" hai0="52,94,89,44,96,111,76,132,36,88,128,42,61" hai1="35,99,11,64,1,123,63,115,122,85,13,23,6" hai2="19,38,119,34,98,110,50,60,49,22,104,129,106" hai3="112,48,66,20,80,86,67,57,28,29,77,18,109"/><T43/><D43/><U120/><E35/><V56/><F34/><W26/><G109/><T103/><D111/><U130/><E130/><V108/><F38/><W68/><G112/><T40/><D40/><U74/><E74/><V58/><F129/><W87/><G68/><T93/><D128/><U92/><E115/><V117/><F22/><W15/><G28/><T47/><D132/><U133/><E133/><V39/><F39/><W7/><G7/><T31/><D31/><U2/><E85/><V84/><F84/><W3/><G3/><T102/><D76/><U24/><E24/><V33/><F33/><W17/><G17/><T21/><D21/><U54/><E54/><V82/><F19/><W124/><G124/><T70/><D70/><U65/><E23/><V118/><F118/><W81/><G48/><T59/><REACH who="0" step="1"/><D47/><REACH who="0" ten="255,245,245,245" step="2"/><U45/><E45/><V126/><F110/><W41/><G41/><T73/><D73/><U134/><E134/><V30/><F108/><W97/><G57/><T62/><D62/><U10/><E63/><V69/><F69/><W9/><G97/><AGARI ba="1,1" hai="36,42,44,52,59,61,88,89,93,94,96,97,102,103" machi="97" ten="30,12000,1" yaku="1,1,7,1,9,1,54,2,53,0" doraHai="79" doraHaiUra="116" who="0" fromWho="3" sc="255,133,245,0,245,0,245,-123" />
</Scene>
<Scene>
<INIT seed="0,2,0,4,3,24" ten="388,245,245,122" oya="0" hai0="65,78,7,72,60,3,124,95,100,40,86,79,17" hai1="99,92,120,53,26,129,127,105,132,15,62,51,41" hai2="102,31,71,35,16,45,109,125,121,73,112,30,19" hai3="81,83,50,54,103,2,48,101,34,128,114,115,44"/><T87/><D72/><U134/><E120/><V90/><F71/><W69/><G69/><T123/><D123/><U46/><E105/><V80/><F121/><W133/><G34/><T8/><D124/><U47/><E15/><V75/><F112/><W113/><G2/><T97/><D40/><U22/><E62/><V108/><F102/><W59/><G128/><T23/><D79/><U67/><E67/><V85/><F125/><W74/><G133/><N who="1" m="51306" /><E129/><V32/><F45/><W36/><G36/><T135/><D78/><U18/><E127/><V58/><F58/><W33/><G33/><T14/><REACH who="0" step="1"/><D135/><REACH who="0" ten="378,245,245,122" step="2"/><U0/><E0/><V20/><F75/><W89/><G74/><T11/><D11/><U43/><E47/><V39/><F73/><W77/><G77/><T91/><D91/><AGARI ba="2,1" hai="18,22,26,41,43,46,51,53,91,92,99" m="51306" machi="91" ten="30,1000,0" yaku="20,1" doraHai="24" who="1" fromWho="0" sc="378,-16,245,26,245,0,122,0" />
</Scene>
<Scene>
<INIT seed="1,0,0,2,3,30" ten="362,271,245,122" oya="1" hai0="135,51,21,73,112,113,52,75,68,44,2,124,116" hai1="54,104,115,46,6,13,53,36,42,93,70,23,110" hai2="84,74,120,125,25,96,40,49,132,61,64,129,15" hai3="71,108,67,107,94,126,33,43,118,97,92,19,130"/><U35/><E104/><V28/><F74/><W128/><G19/><T114/><D116/><U85/><E115/><V134/><F120/><W65/><G107/><T78/><D2/><U102/><E70/><V45/><F125/><W100/><G126/><T37/><D124/><U32/><E110/><V24/><F129/><W57/><G71/><T56/><D68/><U79/><E54/><V39/><F15/><W17/><G17/><T7/><D7/><U106/><E106/><V83/><F96/><W12/><G12/><T80/><D75/><U60/><E23/><V89/><F39/><W117/><G43/><T123/><D123/><U22/><E22/><V111/><F111/><W95/><G108/><T121/><D121/><U131/><E131/><N who="3" m="50218" /><G33/><T63/><D21/><U69/><E102/><V77/><F77/><W127/><G127/><T29/><D29/><U9/><E53/><V90/><F90/><W101/><G57/><T31/><D31/><U105/><E105/><V5/><F5/><W66/><G97/><T38/><REACH who="0" step="1"/><D135/><REACH who="0" ten="352,271,245,122" step="2"/><N who="2" m="51754" /><F28/><W86/><G86/><T14/><D14/><U119/><E119/><AGARI ba="0,1" hai="65,66,67,92,94,95,100,101,117,118,119" m="50218" machi="119" ten="40,8000,1" yaku="28,2,12,1,19,1" doraHai="30" who="3" fromWho="1" sc="352,0,271,-80,245,0,122,90" />
</Scene>
<Scene>
<INIT seed="2,0,0,2,5,7" ten="352,191,245,212" oya="2" hai0="59,35,10,83,1,52,86,45,81,76,133,5,120" hai1="15,42,38,109,102,92,122,16,110,55,46,40,62" hai2="22,91,64,99,112,61,25,13,128,88,85,31,48" hai3="28,100,115,121,65,73,74,111,37,44,108,113,107"/><V60/><F112/><N who="3" m="43083" /><G28/><T131/><D120/><U32/><E32/><V21/><F128/><W127/><G65/><T125/><D35/><U53/><E122/><V90/><F99/><N who="3" m="61855" /><G121/><T14/><D131/><U97/><E42/><V129/><F129/><W27/><G27/><T3/><D45/><U93/><E93/><V56/><F48/><W34/><G34/><T4/><D125/><U78/><E78/><V47/><F47/><W89/><G44/><T66/><D66/><U54/><REACH who="1" step="1"/><E62/><REACH who="1" ten="352,181,245,212" step="2"/><V50/><F61/><W39/><G127/><T95/><D95/><U71/><E71/><V18/><REACH who="2" step="1"/><F50/><REACH who="2" ten="352,181,235,212" step="2"/><W94/><G37/><T43/><D133/><U11/><AGARI ba="0,2" hai="11,15,16,38,40,46,53,54,55,92,97,102,109,110" machi="11" ten="30,7900,0" yaku="1,1,0,1,52,1,54,1,53,0" doraHai="7" doraHaiUra="29" who="1" fromWho="1" sc="352,-20,181,99,235,-39,212,-20" />
</Scene>
<Scene>
<INIT seed="3,0,0,1,2,30" ten="332,280,196,192" oya="3" hai0="63,110,4,88,121,14,105,104,112,32,15,123,90" hai1="34,95,50,36,80,5,60,87,58,7,94,101,70" hai2="108,33,117,23,131,111,8,72,0,125,130,53,113" hai3="68,102,49,67,41,134,127,12,86,3,48,61,65"/><W26/><G3/><T55/><D4/><N who="1" m="1611" /><E34/><V135/><F72/><W24/><G127/><T115/><D63/><U124/><E36/><V120/><F0/><W69/><G134/><T129/><D55/><N who="1" m="33887" /><E70/><V66/><F66/><W82/><G102/><T100/><D100/><U19/><E101/><V74/><F8/><W57/><G68/><T76/><D76/><N who="1" m="46471" /><E124/><V44/><F74/><W92/><G92/><T62/><D62/><U39/><E39/><V1/><F1/><W75/><G75/><T98/><D32/><U79/><E79/><V10/><F33/><W20/><G69/><T35/><D35/><U2/><E2/><V126/><F113/><W56/><G41/><T59/><D98/><U97/><E97/><V103/><F103/><W9/><G67/><T78/><D78/><U45/><E19/><V96/><F96/><W77/><G57/><T99/><D99/><U54/><AGARI ba="0,0" hai="45,50,54,94,95" m="46471,33887,1611" machi="54" ten="30,1100,0" yaku="8,1" doraHai="30" who="1" fromWho="1" sc="332,-3,280,11,196,-3,192,-5" />
</Scene>
<Scene>
<INIT seed="4,0,0,3,5,46" ten="329,291,193,187" oya="0" hai0="122,67,56,106,88,86,17,2,11,80,45,132,119" hai1="135,75,123,100,111,130,81,121,54,26,131,39,94" hai2="58,50,85,91,18,99,95,107,87,31,79,62,70" hai3="14,15,120,52,10,113,4,101,40,110,23,29,89"/><T134/><D119/><U65/><E65/><V24/><F70/><W128/><G110/><T68/><D122/><N who="1" m="46603" /><E54/><V30/><F107/><W13/><G120/><T104/><D68/><U108/><E26/><V97/><F18/><W34/><G113/><T42/><D67/><U3/><E3/><V7/><F7/><W124/><G124/><T69/><D56/><U43/><E43/><V53/><F62/><W114/><G114/><T98/><D69/><U115/><E39/><V19/><F19/><W125/><G101/><T32/><D32/><U76/><E115/><V77/><F31/><W64/><G34/><T57/><D57/><U112/><E112/><V127/><F127/><W55/><G125/><T63/><D63/><U0/><E0/><V37/><F37/><W126/><G64/><T90/><D2/><U92/><E135/><N who="0" m="51753" /><D17/><U78/><E78/><V60/><F60/><W133/><G40/><T16/><D16/><U12/><E12/><N who="3" m="4714" /><G133/><T6/><D6/><U82/><E82/><N who="2" m="47311" /><F79/><W27/><G128/><N who="1" m="49194" /><E100/><V96/><F30/><W21/><G126/><T1/><D1/><U48/><E111/><V28/><F28/><N who="3" m="17519" /><G89/><T71/><D71/><U117/><E108/><V102/><F24/><AGARI ba="0,0" hai="4,10,15,23,24,29,52,55" m="17519,4714" machi="24" ten="30,2000,0" yaku="8,1,54,1" doraHai="46" who="3" fromWho="2" sc="329,0,291,0,193,-20,187,20" />
</Scene>
<Scene>
<INIT seed="5,0,0,2,2,99" ten="329,291,173,207" oya="1" hai0="127,62,112,115,1,75,85,15,107,35,87,52,91" hai1="89,3,24,59,17,10,97,98,104,61,45,21,36" hai2="46,43,129,54,128,92,26,57,27,126,56,101,113" hai3="120,109,88,41,132,2,60,94,68,66,124,47,39"/><U14/><E3/><V31/><F126/><W125/><G120/><T73/><D1/><U58/><E104/><V49/><F113/><N who="0" m="43594" /><D35/><U40/><E89/><V33/><F27/><W130/><G2/><T121/><D127/><U100/><E100/><V23/><F33/><W84/><G109/><T38/><D38/><U64/><REACH who="1" step="1"/><E59/><REACH who="1" ten="329,281,173,207" step="2"/><V55/><F101/><W4/><G125/><T18/><D107/><U12/><E12/><V135/><F135/><W5/><G124/><T110/><D110/><U34/><E34/><V134/><F134/><W133/><G132/><T0/><D0/><U80/><E80/><V67/><F92/><W19/><G133/><T8/><D121/><U108/><E108/><V63/><REACH who="2" step="1"/><F67/><REACH who="2" ten="329,281,163,207" step="2"/><W95/><G95/><N who="0" m="54767" /><D87/><U105/><E105/><V77/><F77/><W111/><G111/><T118/><D118/><U119/><E119/><V53/><F53/><W76/><G76/><T25/><D25/><U30/><AGARI ba="0,2" hai="10,14,17,21,24,30,36,40,45,58,61,64,97,98" machi="30" ten="20,12000,1" yaku="1,1,0,1,7,1,53,2" doraHai="99" doraHaiUra="93" who="1" fromWho="1" sc="329,-40,281,140,163,-40,207,-40" />
</Scene>
<Scene>
<INIT seed="5,1,0,1,0,106" ten="289,421,123,167" oya="1" hai0="84,113,27,124,44,127,34,110,92,82,0,3,47" hai1="91,58,112,102,15,51,23,7,90,133,35,68,59" hai2="45,99,71,11,52,72,65,80,98,37,67,97,24" hai3="131,94,14,22,39,79,16,17,86,36,105,96,57"/><U10/><E35/><V62/><F67/><W41/><G131/><T111/><D113/><U26/><E68/><V30/><F11/><W108/><G108/><N who="0" m="41515" /><D92/><U60/><E112/><V70/><F70/><W88/><G41/><T33/><D84/><U115/><E133/><V46/><F37/><W69/><G69/><T75/><D27/><U8/><E102/><V5/><F5/><W76/><G39/><T21/><D21/><U66/><E115/><V73/><F80/><W81/><G36/><T118/><D118/><U13/><E58/><V61/><F61/><W103/><G57/><T25/><D25/><U95/><E51/><V4/><F4/><W129/><G129/><T93/><D93/><U50/><E50/><V42/><F42/><W31/><G31/><T128/><D128/><U43/><E43/><V109/><F109/><W135/><G135/><T12/><D12/><U117/><E117/><V64/><F64/><W78/><REACH who="3" step="1"/><G17/><REACH who="3" ten="289,421,123,157" step="2"/><T63/><D47/><U20/><E7/><V87/><F46/><W89/><G89/><T123/><D44/><U130/><E90/><V121/><F45/><W19/><G19/><T101/><D101/><U56/><E91/><V32/><F71/><W40/><G40/><T74/><D123/><U100/><E130/><V119/><F121/><W120/><G120/><T9/><D124/><U18/><E18/><V107/><F30/><W116/><G116/><T38/><D38/><U1/><E56/><V48/><F119/><W132/><G132/><T28/><D127/><U85/><E59/><V126/><F126/><W122/><G122/><RYUUKYOKU ba="1,1" sc="289,-10,421,-10,123,-10,157,30" hai3="14,16,22,76,78,79,81,86,88,94,96,103,105" />
</Scene>
<Scene>
<INIT seed="6,2,1,1,2,32" ten="279,411,113,187" oya="2" hai0="120,48,18,49,3,52,105,14,114,84,102,117,109" hai1="73,78,27,134,44,123,91,104,131,79,37,7,129" hai2="4,112,30,126,39,61,29,97,108,106,124,36,54" hai3="65,50,86,70,85,93,122,13,45,77,87,6,17"/><V1/><F112/><W66/><G122/><T88/><D120/><U31/><E73/><V82/><F108/><W125/><G125/><N who="2" m="48233" /><F82/><N who="3" m="47311" /><G70/><T9/><D109/><U75/><E75/><V89/><F61/><W8/><G17/><T21/><D114/><U130/><E134/><V16/><F54/><W121/><G121/><T11/><D117/><U90/><E123/><V111/><F111/><W63/><G63/><T35/><D35/><N who="1" m="20991" /><E104/><V12/><F106/><W20/><G20/><T68/><D68/><U19/><E19/><V103/><F89/><N who="1" m="33801" /><E7/><V92/><F30/><W34/><G34/><T119/><D119/><U53/><E53/><V99/><F29/><W24/><G24/><T56/><D105/><U47/><E47/><V96/><F36/><W10/><G10/><T64/><D64/><N who="3" m="24681" /><G93/><T72/><D11/><U74/><E74/><V28/><F39/><W43/><AGARI ba="2,1" hai="6,8,13,43,45,50,86,87" m="24681,47311" machi="43" ten="30,2000,0" yaku="25,1,8,1" doraHai="32" who="3" fromWho="3" sc="279,-7,411,-7,113,-12,187,36" />
</Scene>
<Scene>
<INIT seed="7,0,0,5,4,80" ten="272,404,101,223" oya="3" hai0="90,22,110,88,113,15,63,21,105,116,31,133,85" hai1="49,2,32,86,60,107,112,92,108,68,120,98,26" hai2="100,95,103,16,6,65,29,81,74,97,17,75,39" hai3="27,99,64,7,36,117,47,61,8,37,19,53,93"/><W114/><G117/><T57/><D110/><U35/><E2/><V0/><F29/><W115/><G19/><N who="0" m="10495" /><D105/><U67/><E35/><V40/><F65/><W77/><G27/><N who="0" m="16887" /><D116/><U9/><E9/><V52/><F103/><W84/><G53/><T83/><D133/><U51/><E120/><V131/><F131/><W5/><G47/><T58/><D113/><N who="3" m="43017" /><G5/><T54/><D58/><U66/><E66/><V42/><F74/><W62/><G84/><T78/><AGARI ba="0,0" hai="54,57,63,78,83,85,88,90" m="16887,10495" machi="78" ten="30,4000,0" yaku="8,1,52,1,54,1" doraHai="80" who="0" fromWho="0" sc="272,40,404,-10,101,-10,223,-20" owari="312,11.0,394,50.0,91,-41.0,203,-20.0" />
</Scene>
</mjloggm>