<mjloggm ver="2.3"><GO type="169" lobby="0"/><UN n0="%E3%83%A9%E3%83%A0%E3%83%80%E3%81%95%E3%82%93" n1="%E7%9C%9F%E3%81%A3%E5%90%91%E5%8B%9D%E8%B2%A0" n2="%E5%A4%AA%E3%81%8F%E3%81%AA%E3%81%84%E3%81%8A" n3="%E6%9D%A5%E9%80%B1%E3%81%AE%E7%B3%B8%E4%BA%95" dan="16,16,18,16" rate="2122.63,2077.49,2327.36,2071.53" sx="M,F,M,M"/><TAIKYOKU oya="0"/>

<Scene>
<INIT seed="0,0,0,4,4,29" ten="250,250,250,250" oya="0" hai0="123,91,56,76,55,23,8,134,114,26,36,105,39" hai1="4,73,65,80,129,51,42,15,92,2,118,48,68" hai2="46,20,109,124,6,13,94,97,90,22,98,53,47" hai3="112,45,25,79,63,59,71,86,3,127,74,100,27"/><T117/><D114/><U33/><E118/><V102/><F109/><W77/><G112/><T83/><D117/><U121/><E121/><V14/><F124/><W21/><G74/><T125/><D123/><U1/><E68/><V95/><F6/><W61/><G3/><T107/><D125/><U88/><E65/><V99/><F99/><W116/><G116/><T58/><D134/><U44/><E33/><V9/><F53/><W57/><G71/><T130/><D130/><U126/><E129/><V64/><F64/><N who="3" m="38959" /><G127/><T115/><D115/><U12/><E126/><V30/><F30/><W87/><G100/><T131/><D131/><U66/><E66/><V70/><F70/><W113/><G45/><N who="2" m="16905" /><F9/><W81/><G113/><T120/><D120/><U119/><E1/><V7/><F7/><W82/><G21/><AGARI ba="0,0" hai="13,14,20,21,22,90,94,95,97,98,102" m="16905" machi="21" ten="30,1000,0" yaku="8,1" doraHai="29" who="2" fromWho="3" sc="250,0,250,0,250,10,250,-10" />
</Scene>
<Scene>
<INIT seed="1,0,0,1,3,27" ten="250,250,260,240" oya="1" hai0="18,7,100,106,0,54,78,51,87,55,104,23,102" hai1="96,72,21,126,133,115,81,131,42,52,10,128,125" hai2="130,1,47,36,108,37,24,66,50,97,65,73,83" hai3="43,103,61,68,119,12,79,3,20,17,62,9,120"/><U60/><E115/><V30/><F1/><W46/><G120/><T53/><D106/><U112/><E112/><V45/><F108/><W49/><G119/><T16/><D104/><U67/><E42/><V123/><F123/><W90/><G103/><N who="0" m="39467" /><D0/><U26/><E96/><V89/><F130/><N who="1" m="49705" /><E10/><V129/><F129/><W59/><G68/><T94/><D7/><U41/><E41/><V86/><F73/><W135/><G135/><T2/><D2/><U40/><E40/><V25/><F97/><W110/><G110/><T77/><D51/><U88/><E133/><V69/><F25/><W109/><G79/><N who="0" m="30219" /><D23/><U34/><E34/><V57/><F69/><W71/><G71/><T22/><D22/><U35/><E35/><V98/><F98/><W33/><G33/><T117/><D117/><U118/><E118/><V5/><F5/><W80/><G109/><T70/><D70/><N who="1" m="42343" /><E72/><V58/><F36/><W14/><G3/><T28/><D28/><N who="1" m="17487" /><E52/><N who="0" m="13313" /><T8/><DORA hai="56" /><D8/><U31/><E31/><V134/><F134/><W121/><G121/><T75/><D75/><U99/><E99/><V132/><F132/><W107/><G107/><T111/><D111/><U124/><E124/><V32/><F37/><W114/><G114/><T105/><D105/><U84/><AGARI ba="0,0" hai="81,84,88,125,126" m="17487,42343,49705" machi="84" ten="30,11700,0" yaku="19,1,52,2,54,1" doraHai="27,56" who="1" fromWho="1" sc="250,-39,250,117,260,-39,240,-39" />
</Scene>
<Scene>
<INIT seed="1,1,0,2,2,135" ten="211,367,221,201" oya="1" hai0="99,133,98,16,21,90,118,66,111,124,60,3,63" hai1="106,119,131,7,77,94,117,24,76,120,91,96,127" hai2="9,108,13,47,102,20,123,74,5,50,88,69,28" hai3="128,104,112,56,100,49,0,36,68,52,53,14,78"/><U122/><E7/><V81/><F123/><N who="1" m="47145" /><E24/><V26/><F108/><W10/><G128/><T11/><D118/><N who="1" m="45067" /><E131/><V103/><F69/><W8/><G68/><T15/><D111/><U89/><E106/><V33/><F33/><W17/><G36/><T2/><D133/><U43/><E43/><N who="2" m="24959" /><F74/><W6/><G112/><T22/><D3/><U29/><E29/><V71/><F71/><W126/><G78/><N who="1" m="30314" /><E127/><V34/><F34/><W38/><G38/><T37/><D37/><U134/><E134/><V87/><AGARI ba="1,0" hai="5,9,13,20,26,28,81,87,88,102,103" m="24959" machi="87" ten="30,2000,0" yaku="8,1,54,1" doraHai="135" who="2" fromWho="2" sc="211,-6,367,-11,221,23,201,-6" />
</Scene>
<Scene>
<INIT seed="2,0,0,3,0,96" ten="205,356,244,195" oya="2" hai0="99,133,110,109,100,88,2,94,13,32,7,116,54" hai1="56,135,87,106,107,115,132,65,45,51,91,9,37" hai2="130,79,108,93,46,0,8,53,66,81,24,71,36" hai3="111,98,52,85,1,44,127,121,29,6,57,20,38"/><V28/><F130/><W131/><G121/><T15/><D32/><U19/><E37/><V43/><F108/><N who="0" m="41578" /><D133/><N who="1" m="51275" /><E115/><V55/><F71/><W10/><G111/><T12/><D116/><U78/><E78/><V61/><F93/><W31/><G127/><T34/><D34/><U42/><E65/><V16/><F66/><W77/><G131/><T129/><D129/><U23/><E56/><V22/><F61/><W62/><G98/><N who="0" m="57671" /><D54/><U90/><E9/><V102/><F102/><W117/><G20/><T21/><D21/><U92/><E90/><V3/><F3/><W128/><G128/><T86/><D86/><U119/><E119/><V124/><F124/><W69/><G117/><T30/><D30/><U17/><E17/><V89/><F89/><W97/><G97/><T40/><D40/><U70/><E70/><V105/><F105/><W123/><G123/><T33/><D33/><U75/><E75/><N who="2" m="43263" /><F28/><W18/><G18/><T114/><D114/><U76/><E76/><V101/><F101/><W14/><G69/><T95/><D2/><U4/><E107/><V47/><F47/><W120/><G120/><T5/><AGARI ba="0,0" hai="5,7,12,13,15,95,99,100" m="57671,41578" machi="5" ten="40,5200,0" yaku="14,1,52,1,54,1" doraHai="96" who="0" fromWho="0" sc="205,52,356,-13,244,-26,195,-13" />
</Scene>
<Scene>
<INIT seed="3,0,0,5,3,84" ten="257,343,218,182" oya="3" hai0="118,60,131,89,109,119,28,33,38,14,70,68,57" hai1="9,39,122,51,95,29,106,79,54,53,37,80,36" hai2="40,44,127,4,90,99,20,24,5,69,101,49,108" hai3="16,116,91,81,27,78,21,55,124,32,74,35,123"/><W3/><G123/><T62/><D38/><U63/><E106/><V114/><F114/><W1/><G116/><T61/><D109/><U120/><E29/><V126/><F69/><W102/><G124/><N who="2" m="47657" /><F108/><W76/><G102/><T67/><D131/><U52/><E9/><V23/><F90/><W0/><G78/><T85/><D33/><U47/><E95/><N who="2" m="58623" /><F20/><W12/><G55/><N who="1" m="21066" /><E80/><V7/><F4/><W117/><G117/><T121/><D121/><N who="1" m="46699" /><E79/><V2/><F2/><W30/><REACH who="3" step="1"/><G91/><REACH who="3" ten="257,343,218,172" step="2"/><T65/><D89/><U43/><E54/><V82/><F82/><W134/><G134/><T92/><D119/><U93/><E43/><V96/><F96/><W105/><G105/><T15/><D118/><U42/><E42/><V125/><F125/><W133/><G133/><T71/><D67/><U86/><E86/><V88/><F88/><W26/><G26/><T73/><D65/><U41/><E41/><V135/><F135/><W17/><G17/><AGARI ba="0,1" hai="5,7,17,23,24,40,44,49" m="58623,47657" machi="17" ten="30,1000,0" yaku="18,1" doraHai="84" who="2" fromWho="3" sc="257,0,343,0,218,20,172,-10" />
</Scene>
<Scene>
<INIT seed="4,0,0,2,0,23" ten="257,343,238,162" oya="0" hai0="129,41,122,99,97,68,83,78,61,15,127,113,21" hai1="100,45,6,40,82,4,104,115,96,123,34,3,9" hai2="17,5,48,26,0,120,38,25,57,80,117,1,13" hai3="75,118,52,112,131,53,20,106,89,47,108,42,64"/><T33/><D33/><U10/><E123/><V32/><F38/><W43/><G108/><T56/><D122/><U125/><E125/><V36/><F36/><W29/><G118/><T107/><D68/><U60/><E115/><V126/><F120/><W22/><G106/><T19/><D113/><U98/><E60/><V50/><F126/><W70/><G112/><T95/><D127/><U44/><E82/><V24/><F32/><W59/><G131/><T51/><D107/><U103/><E40/><V101/><F117/><W65/><G75/><T8/><D129/><U62/><E62/><V71/><F71/><W35/><G35/><T102/><D99/><U77/><E77/><V49/><F101/><W86/><G70/><T119/><D119/><U58/><E58/><V133/><F133/><W93/><G53/><T130/><D130/><U74/><E74/><V79/><F5/><W16/><G29/><T67/><D41/><N who="3" m="15369" /><G47/><T76/><D51/><U30/><E30/><V134/><F57/><W37/><G22/><T55/><D55/><U90/><E34/><V85/><REACH who="2" step="1"/><F134/><REACH who="2" ten="257,343,228,162" step="2"/><W54/><G37/><T135/><D135/><U121/><E121/><V69/><F69/><W114/><G114/><T91/><D102/><U72/><E103/><V14/><F14/><N who="3" m="9239" /><G54/><T73/><D56/><U128/><E128/><V124/><F124/><W27/><G27/><T12/><D12/><U39/><E39/><V92/><F92/><W87/><G87/><T66/><D15/><N who="1" m="5543" /><E72/><V31/><F31/><W116/><G116/><T18/><D73/><U88/><E98/><V7/><F7/><RYUUKYOKU ba="0,1" sc="257,-30,343,10,228,10,162,10" hai1="3,6,10,44,45,88,90,96,100,104" hai2="0,1,13,17,24,25,26,48,49,50,79,80,85" hai3="52,59,64,65,86,89,93" />
</Scene>
<Scene>
<INIT seed="5,1,1,0,0,92" ten="227,353,238,172" oya="1" hai0="93,88,58,23,76,27,82,13,1,102,57,30,135" hai1="9,126,84,69,110,119,89,100,80,134,37,67,33" hai2="40,107,50,131,111,65,99,56,38,48,81,26,36" hai3="11,73,29,127,51,120,22,117,55,123,108,46,25"/><U15/><E119/><V59/><F111/><W54/><G108/><T5/><D1/><U24/><E37/><V34/><F131/><W78/><G117/><T60/><D135/><U49/><E126/><V28/><F81/><W77/><G127/><T16/><D5/><U125/><E125/><V75/><F75/><W79/><G73/><T109/><D109/><U95/><E134/><V103/><F56/><W41/><REACH who="3" step="1"/><G11/><REACH who="3" ten="227,353,238,162" step="2"/><T64/><D57/><U45/><E9/><V42/><F59/><W44/><G44/><T31/><D102/><U62/><E100/><V121/><F103/><W129/><G129/><T105/><D105/><U2/><E45/><V53/><F107/><W106/><G106/><T10/><D82/><U68/><E80/><V52/><F121/><AGARI ba="1,2" hai="22,25,29,41,46,51,54,55,77,78,79,120,121,123" machi="121" ten="40,1300,0" yaku="1,1,53,0" doraHai="92" doraHaiUra="12" who="3" fromWho="2" sc="227,0,353,0,238,-16,162,36" />
</Scene>
<Scene>
<INIT seed="6,0,0,3,5,24" ten="227,353,222,198" oya="2" hai0="105,115,72,114,121,82,37,20,133,16,0,35,58" hai1="14,124,85,19,110,50,113,116,27,127,49,104,126" hai2="23,1,64,59,130,9,12,15,11,47,71,111,74" hai3="21,78,129,80,62,135,5,93,2,8,102,38,89"/><V108/><F74/><W117/><G129/><T48/><D121/><U106/><E110/><N who="2" m="42027" /><F71/><W41/><G135/><T61/><D37/><U112/><E85/><V30/><F47/><W66/><G117/><T92/><D105/><N who="1" m="40555" /><E27/><N who="2" m="16767" /><F130/><W25/><G102/><T29/><D0/><U56/><E116/><V6/><F64/><W101/><G101/><T83/><D133/><U97/><E97/><V34/><F59/><W77/><G41/><T33/><D58/><U81/><E81/><V87/><F87/><W42/><G42/><T98/><D83/><U44/><E56/><V107/><F107/><W28/><G38/><T128/><D82/><U67/><E67/><V131/><F131/><W123/><G80/><T22/><D72/><U96/><E96/><V119/><F119/><W84/><REACH who="3" step="1"/><G123/><REACH who="3" ten="227,353,222,188" step="2"/><T43/><D128/><U45/><E127/><V57/><F34/><W60/><G60/><T73/><D61/><U120/><E126/><V39/><F39/><W95/><G95/><T132/><D92/><U68/><E124/><V46/><F46/><W51/><G51/><T122/><D48/><U17/><E120/><V99/><F57/><AGARI ba="0,1" hai="2,5,8,21,25,28,57,62,66,77,78,84,89,93" machi="57" ten="30,3900,0" yaku="1,1,7,1,52,1,53,0" doraHai="24" doraHaiUra="69" who="3" fromWho="2" sc="227,0,353,0,222,-39,188,49" />
</Scene>
<Scene>
<INIT seed="7,0,0,0,0,83" ten="227,353,183,237" oya="3" hai0="59,96,95,88,23,97,21,87,86,47,28,116,73" hai1="61,109,16,49,57,84,111,115,35,5,36,89,135" hai2="14,45,118,13,26,50,93,90,91,69,106,9,65" hai3="34,71,46,4,131,38,25,114,37,75,39,24,80"/><W51/><G71/><T53/><D116/><U127/><E36/><V104/><F118/><W98/><G114/><T107/><D73/><U125/><E35/><V8/><F69/><W78/><G131/><T129/><D129/><U31/><E31/><V20/><F65/><W44/><G4/><T68/><D68/><U102/><E135/><V27/><F106/><W105/><G34/><T77/><D107/><U122/><E122/><V82/><F104/><W54/><REACH who="3" step="1"/><G44/><REACH who="3" ten="227,353,183,227" step="2"/><T63/><D47/><U120/><E5/><V52/><F82/><W11/><G11/><T100/><D23/><U117/><E115/><V62/><F62/><W60/><G60/><T134/><D21/><U92/><E61/><V32/><F32/><W41/><G41/><T112/><D63/><U81/><E117/><V103/><F103/><AGARI ba="0,1" hai="24,25,37,38,39,46,51,54,75,78,80,98,103,105" machi="103" ten="40,2000,0" yaku="1,1,53,0" doraHai="83" doraHaiUra="126" who="3" fromWho="2" sc="227,0,353,0,183,-20,227,30" />
</Scene>
<Scene>
<INIT seed="7,1,0,2,4,9" ten="227,353,163,257" oya="3" hai0="55,114,127,71,35,5,69,94,118,78,38,73,102" hai1="91,11,30,21,57,77,10,25,115,43,20,36,119" hai2="54,90,45,62,22,24,15,32,83,58,84,74,27" hai3="17,41,126,60,103,66,99,49,51,13,6,76,96"/><W2/><G126/><T108/><D108/><U109/><E109/><V124/><F124/><W47/><G76/><T46/><D118/><U95/><E119/><V89/><F74/><W63/><G2/><T14/><D35/><U135/><E115/><V123/><F123/><W130/><G130/><T8/><D127/><U105/><E105/><V128/><F128/><W121/><G6/><T50/><D114/><U97/><E135/><V64/><F32/><W7/><G7/><T75/><D38/><U131/><E77/><V39/><F39/><W113/><G113/><T59/><D73/><U72/><E72/><V53/><F90/><W65/><G60/><T93/><D59/><U112/><E112/><V81/><F81/><W48/><G121/><T85/><D75/><U106/><E106/><V19/><REACH who="2" step="1"/><F45/><REACH who="2" ten="227,353,153,257" step="2"/><W88/><G88/><T33/><D33/><U82/><E36/><V18/><F18/><W4/><G17/><T101/><D46/><U98/><E91/><V16/><F16/><W120/><G47/><T26/><D102/><U134/><E82/><V87/><F87/><W111/><G103/><T116/><D101/><U44/><E44/><V80/><F80/><W23/><G120/><T117/><D85/><U37/><E131/><V133/><F133/><W52/><G111/><T0/><D117/><U107/><E37/><V56/><F56/><W100/><G100/><T61/><D116/><U125/><E57/><V70/><F70/><W31/><G99/><T28/><D69/><U104/><E98/><V129/><F129/><W86/><G96/><T29/><D71/><RYUUKYOKU ba="1,1" sc="227,-10,353,-10,153,30,257,-10" hai2="15,19,22,24,27,53,54,58,62,64,83,84,89" owari="217,-18.0,353,45.0,183,-32.0,247,5.0" />
</Scene>
</mjloggm>