<mjloggm ver="2.3"><GO type="169" lobby="0"/><UN n0="%6E%6F%6A%69%72%69" n1="%E3%81%A8%E3%81%86%E3%81%8D%E3%82%82%E3%82%93" n2="%E5%A4%AA%E3%81%8F%E3%81%AA%E3%81%84%E3%81%8A" n3="%64%6F%75%6D%6F%6B%75%6E" dan="16,17,19,17" rate="2024.05,2147.75,2326.47,2185.63" sx="F,M,F,M"/><TAIKYOKU oya="0"/>

<Scene>
<INIT seed="0,0,0,1,3,30" ten="250,250,250,250" oya="0" hai0="110,45,84,122,48,85,17,7,129,97,47,5,1" hai1="135,74,4,2,50,83,92,16,70,87,71,37,108" hai2="98,119,76,91,94,24,75,128,105,69,27,90,82" hai3="81,40,42,34,113,39,101,46,20,66,41,104,19"/><T88/><D122/><U11/><E108/><V55/><F69/><W26/><G113/><T111/><D129/><U9/><E37/><V99/><F128/><W114/><G114/><T80/><D97/><U77/><E135/><V31/><F119/><W62/><G81/><N who="0" m="49167" /><D17/><U64/><E64/><V106/><F55/><W63/><G63/><T13/><D1/><U52/><E92/><N who="2" m="56599" /><F24/><W125/><G125/><T56/><D56/><U68/><E74/><N who="2" m="43287" /><F27/><W28/><G104/><N who="2" m="40041" /><F31/><W53/><G53/><N who="0" m="29839" /><D47/><U8/><REACH who="1" step="1"/><E16/><REACH who="1" ten="250,240,250,250" step="2"/><V116/><F116/><W117/><G117/><T65/><D65/><U134/><E134/><V49/><F49/><W126/><G126/><T115/><D115/><U79/><E79/><V36/><F36/><W112/><G112/><T120/><D111/><U107/><E107/><V21/><F21/><W102/><G39/><T22/><D110/><U95/><E95/><V32/><F32/><W132/><G132/><T109/><D109/><U38/><E38/><V130/><F130/><W118/><G118/><T123/><D120/><U33/><E33/><V10/><F10/><W43/><G46/><AGARI ba="0,1" hai="2,4,8,9,11,46,50,52,68,70,71,77,83,87" machi="46" ten="40,5200,0" yaku="1,1,54,1,53,1" doraHai="30" doraHaiUra="51" who="1" fromWho="3" sc="250,0,240,62,250,0,250,-52" />
</Scene>
<Scene>
<INIT seed="1,0,0,0,2,29" ten="250,302,250,198" oya="1" hai0="6,129,12,5,80,124,53,28,3,120,74,113,26" hai1="61,69,51,112,7,15,20,132,18,90,0,114,100" hai2="130,65,79,54,102,82,58,62,106,70,88,64,89" hai3="103,2,31,14,118,35,96,47,46,21,97,95,45"/><U131/><E132/><V127/><F127/><W4/><G118/><T116/><D113/><U33/><E131/><V49/><F130/><W34/><G2/><T56/><D129/><U37/><E37/><V11/><F65/><W32/><G4/><T119/><D124/><U27/><E100/><V84/><REACH who="2" step="1"/><F11/><REACH who="2" ten="250,302,240,198" step="2"/><W105/><G14/><T117/><D116/><U87/><E114/><V75/><F75/><W66/><G66/><T23/><D74/><U91/><E112/><V73/><F73/><W52/><G52/><T42/><D117/><U55/><E15/><V104/><F104/><W63/><G63/><T123/><D119/><U115/><E61/><V128/><F128/><W13/><G13/><T67/><D12/><U50/><E115/><V30/><F30/><W44/><N who="3" m="11264" /><DORA hai="48" /><W71/><G71/><T108/><D28/><U122/><E69/><V93/><F93/><W98/><REACH who="3" step="1"/><G95/><REACH who="3" ten="250,302,240,188" step="2"/><T36/><D67/><U109/><E55/><V25/><F25/><AGARI ba="0,2" hai="21,25,31,32,34,35,96,97,98,103,105" m="11264" machi="25" ten="60,16000,3" yaku="1,1,2,1,52,3,53,3" doraHai="29,48" doraHaiUra="39,92" who="3" fromWho="2" sc="250,0,302,0,240,-160,188,180" />
</Scene>
<Scene>
<INIT seed="2,0,0,1,2,14" ten="250,302,80,368" oya="2" hai0="100,8,67,93,87,40,60,26,80,56,81,42,46" hai1="94,122,28,17,133,32,135,109,34,21,88,9,63" hai2="92,35,127,119,65,16,128,114,68,52,132,125,69" hai3="11,23,58,121,20,41,101,13,120,50,83,106,118"/><V123/><F35/><W115/><G118/><T31/><D8/><U104/><E104/><V62/><F119/><W90/><G115/><T124/><D124/><N who="2" m="47690" /><F114/><W54/><G106/><T61/><D61/><U51/><E109/><V84/><F123/><W102/><G101/><T71/><D71/><U19/><E122/><V97/><F132/><N who="1" m="50761" /><E63/><V12/><F84/><N who="3" m="50463" /><G102/><T96/><D87/><N who="1" m="52511" /><E51/><V129/><F69/><W29/><G121/><T59/><D59/><U78/><E78/><V99/><F52/><N who="3" m="32023" /><G120/><T134/><D134/><U45/><E45/><V74/><F74/><W18/><G41/><T22/><REACH who="0" step="1"/><D42/><REACH who="0" ten="240,302,80,368" step="2"/><U39/><E9/><N who="2" m="6159" /><F97/><W44/><G44/><T103/><D103/><AGARI ba="0,1" hai="62,65,68,92,99,103,128,129" m="6159,47690" machi="103" ten="30,5800,0" yaku="18,1,52,1,54,1" doraHai="14" who="2" fromWho="0" sc="240,-58,302,0,80,68,368,0" />
</Scene>
<Scene>
<INIT seed="2,1,0,1,5,16" ten="182,302,148,368" oya="2" hai0="117,58,67,84,130,64,49,125,51,85,99,134,76" hai1="28,123,20,90,0,35,68,92,94,71,100,111,46" hai2="22,127,31,88,114,40,104,39,57,70,5,133,60" hai3="112,24,95,105,11,87,38,55,42,79,56,12,48"/><V17/><F114/><W135/><G105/><T113/><D113/><U86/><E0/><V118/><F118/><W32/><G112/><T62/><D125/><U66/><E111/><V15/><F104/><W50/><G38/><T122/><D122/><U72/><E72/><V65/><F127/><W69/><G69/><T121/><D121/><U23/><E123/><V131/><F131/><W59/><G135/><T33/><D33/><U80/><E35/><V3/><F133/><W7/><G32/><T101/><D134/><U29/><E68/><V4/><F31/><N who="1" m="11849" /><E71/><V115/><F115/><W97/><G24/><T43/><D117/><U108/><E66/><V103/><F103/><W77/><G87/><T91/><D76/><U89/><E108/><V96/><F70/><W2/><G2/><T98/><D67/><U13/><E13/><V26/><F3/><W110/><G110/><T25/><D25/><U78/><E46/><V36/><F40/><W1/><G1/><T81/><D43/><U106/><E106/><V10/><REACH who="2" step="1"/><F4/><REACH who="2" ten="182,302,138,368" step="2"/><W9/><G42/><T54/><D130/><U75/><E100/><V119/><F119/><W37/><G7/><T128/><D128/><U53/><E75/><V74/><F74/><W19/><G37/><T30/><D101/><U63/><E78/><V126/><F126/><W6/><G79/><T82/><D30/><U132/><E132/><V18/><F18/><W52/><G77/><N who="0" m="46127" /><D64/><U107/><E107/><V14/><F14/><W21/><G6/><T45/><D45/><U116/><E116/><V61/><F61/><W34/><G34/><RYUUKYOKU ba="1,1" sc="182,10,302,-30,138,10,368,10" hai0="49,51,54,58,62,82,85,91,98,99" hai2="5,10,15,17,22,26,36,39,57,60,65,88,96" hai3="9,11,12,19,21,48,50,52,55,56,59,95,97" />
</Scene>
<Scene>
<INIT seed="2,2,1,3,1,62" ten="192,272,148,378" oya="2" hai0="43,93,110,1,59,20,53,131,88,124,33,17,126" hai1="21,73,64,27,130,28,81,12,83,70,105,121,60" hai2="29,30,8,24,46,37,54,112,87,56,118,123,80" hai3="18,14,89,5,119,117,107,57,39,71,6,82,100"/><V58/><F112/><W66/><G71/><T97/><D33/><U0/><E0/><V79/><F118/><W129/><G39/><T32/><D32/><U115/><E115/><V19/><F123/><W102/><G129/><T134/><D131/><U69/><E130/><V40/><F56/><W10/><G107/><T22/><D1/><U90/><E105/><V128/><F128/><W45/><G45/><T34/><D34/><U31/><E121/><V108/><F108/><W2/><G2/><T101/><D110/><U3/><E3/><V98/><F98/><W11/><G119/><T67/><D134/><U84/><E69/><V23/><REACH who="2" step="1"/><F8/><REACH who="2" ten="192,272,138,378" step="2"/><W13/><G117/><T120/><D120/><U113/><E113/><V42/><F42/><W38/><G10/><T48/><D43/><U75/><E70/><V44/><F44/><W74/><G11/><T36/><D126/><U85/><E73/><V78/><F78/><W109/><G74/><T49/><D124/><U127/><E75/><V25/><F25/><W41/><G57/><T65/><D59/><N who="1" m="36895" /><E127/><V15/><F15/><W55/><G14/><T122/><D122/><U104/><E12/><V114/><F114/><W103/><G13/><T16/><D97/><U63/><E27/><V94/><F94/><W50/><G109/><T133/><D93/><U77/><E104/><V47/><F47/><W95/><G95/><T26/><D26/><U72/><E72/><V106/><F106/><W132/><G41/><T9/><D9/><U86/><E77/><V52/><F52/><W68/><G55/><T51/><D53/><RYUUKYOKU ba="2,2" sc="192,-10,272,-10,138,30,378,-10" hai2="19,23,24,29,30,37,40,46,54,58,79,80,87" />
</Scene>
<Scene>
<INIT seed="2,3,2,4,0,9" ten="182,262,168,368" oya="2" hai0="110,98,61,112,7,26,10,70,91,53,16,77,79" hai1="118,41,3,131,95,65,2,93,94,34,29,108,64" hai2="36,117,28,14,60,68,57,19,76,25,30,55,102" hai3="113,85,47,42,105,56,72,32,51,73,17,114,133"/><V23/><F117/><W83/><G105/><T21/><D112/><N who="3" m="43113" /><G32/><T13/><D110/><U46/><E118/><V75/><F36/><W31/><G31/><T80/><D70/><U69/><E108/><V125/><F125/><W33/><G33/><T128/><D128/><U134/><E134/><V37/><F37/><W18/><G56/><N who="0" m="34959" /><D80/><U90/><E131/><V129/><F129/><W52/><G133/><T123/><D123/><U107/><E107/><V35/><F30/><W88/><G42/><T100/><D100/><U50/><E69/><V54/><F68/><W103/><G103/><T4/><D4/><U48/><E34/><V15/><F102/><W71/><G71/><T39/><D39/><U24/><E50/><V20/><F55/><W92/><G83/><T49/><D49/><U99/><E2/><V38/><F38/><W8/><G8/><T119/><D119/><U135/><E3/><V27/><REACH who="2" step="1"/><F35/><REACH who="2" ten="182,262,158,368" step="2"/><W89/><G89/><T82/><D82/><AGARI ba="3,3" hai="14,15,19,20,23,25,27,28,54,57,60,75,76,82" machi="82" ten="40,12000,1" yaku="1,1,2,1,52,2,53,0" doraHai="9" doraHaiUra="1" who="2" fromWho="0" sc="182,-129,262,0,158,159,368,0" />
</Scene>
<Scene>
<INIT seed="2,4,0,4,2,77" ten="53,262,317,368" oya="2" hai0="55,125,29,9,15,53,111,62,51,134,70,13,123" hai1="2,92,86,48,108,93,112,122,127,119,131,45,21" hai2="14,110,59,6,16,44,28,49,38,60,22,98,103" hai3="57,63,94,105,4,104,39,68,7,35,82,11,132"/><V72/><F72/><W61/><G35/><T89/><D123/><U50/><E112/><V66/><F110/><W47/><G132/><T17/><D134/><U74/><E119/><V69/><F6/><W130/><G68/><T96/><D125/><U46/><E74/><V97/><F28/><W120/><G120/><T91/><D111/><U81/><E2/><V114/><F114/><W25/><G25/><T85/><D29/><U18/><E108/><V115/><F115/><W42/><G63/><T19/><D96/><U26/><E131/><V67/><F67/><W99/><G82/><T83/><D91/><N who="1" m="51663" /><E127/><V32/><F32/><W102/><G4/><T12/><D55/><N who="1" m="30095" /><E122/><V52/><F103/><W27/><G27/><T101/><D101/><U5/><E5/><V56/><F56/><W3/><REACH who="3" step="1"/><G130/><REACH who="3" ten="53,262,317,358" step="2"/><T1/><D1/><U133/><E133/><V118/><REACH who="2" step="1"/><F118/><REACH who="2" ten="53,262,307,358" step="2"/><W95/><G95/><T117/><D117/><U76/><E93/><V8/><F8/><W58/><G58/><T126/><D126/><U40/><E92/><V43/><AGARI ba="4,2" hai="14,16,22,38,43,44,49,52,59,60,66,69,97,98" machi="43" ten="30,18000,2" yaku="1,1,0,1,24,2,54,2,53,0" doraHai="77" doraHaiUra="109" who="2" fromWho="2" sc="53,-64,262,-64,307,212,358,-64" owari="-11,-51.0,198,-20.0,519,62.0,294,9.0" />
</Scene>
</mjloggm>