<mjloggm ver="2.3"><GO type="169" lobby="0"/><UN n0="%E3%81%AD%E3%81%98%E3%81%97%E3%81%8D" n1="%6B%69%79%6F%64%61%69" n2="%E5%A4%AA%E3%81%8F%E3%81%AA%E3%81%84%E3%81%8A" n3="%E4%B8%AD%E5%A0%85%EF%BC%A0%E3%83%8F%E3%83%BC%E3%83%99%E3%82%B9%E3%83%88" dan="16,18,19,16" rate="2097.87,2192.18,2296.57,2124.22" sx="M,M,F,F"/><TAIKYOKU oya="0"/>

<Scene>
<INIT seed="0,0,0,0,5,21" ten="250,250,250,250" oya="0" hai0="85,27,72,120,13,54,131,94,42,47,20,80,65" hai1="89,43,116,40,34,70,9,123,30,132,11,44,18" hai2="57,128,7,23,121,122,119,64,135,37,35,82,41" hai3="49,115,124,69,8,46,101,51,1,62,81,88,125"/><T133/><D120/><U12/><E70/><V45/><F35/><W99/><G115/><T38/><D131/><U113/><E116/><V24/><F128/><W127/><G69/><T59/><D133/><U4/><E132/><V97/><F135/><W3/><G62/><T100/><D65/><U77/><E77/><V105/><F119/><W83/><G8/><T5/><D72/><U50/><E123/><V31/><F7/><W6/><G6/><T112/><D112/><U16/><E113/><V26/><F82/><W68/><G68/><T25/><D94/><U129/><E129/><V66/><F66/><W78/><G78/><T86/><D100/><U87/><E43/><V67/><F67/><W63/><G63/><T56/><D86/><U60/><E60/><V32/><F57/><W98/><G81/><T111/><D111/><U106/><E106/><V108/><F64/><W71/><G71/><T61/><D56/><U103/><E103/><V118/><F118/><W84/><G49/><T109/><D109/><U96/><E96/><N who="3" m="36906" /><G101/><T19/><D5/><U28/><E34/><V126/><F108/><W74/><G74/><T114/><D114/><U14/><E4/><V55/><F105/><W33/><G33/><T102/><D102/><U48/><E50/><V134/><F134/><W75/><G75/><T93/><D93/><AGARI ba="0,0" hai="9,11,12,14,16,18,28,30,40,44,48,87,89,93" machi="93" ten="30,7700,0" yaku="7,1,9,1,8,1,54,1" doraHai="21" who="1" fromWho="0" sc="250,-77,250,77,250,0,250,0" />
</Scene>
<Scene>
<INIT seed="1,0,0,5,1,76" ten="173,327,250,250" oya="1" hai0="3,75,126,61,118,57,1,123,34,95,133,128,31" hai1="72,47,98,18,41,25,83,54,14,86,93,36,127" hai2="102,58,77,53,67,28,119,38,50,100,37,85,68" hai3="82,59,110,84,129,20,73,120,29,43,89,45,108"/><U87/><E127/><V122/><F119/><W21/><G120/><T5/><D95/><U66/><E66/><V105/><F122/><W81/><G129/><T91/><D91/><U49/><E25/><V10/><F28/><W24/><G59/><T92/><D92/><U35/><E35/><V116/><F116/><W12/><G12/><T60/><D57/><U23/><E72/><V65/><F10/><W7/><G7/><T42/><D42/><U40/><E36/><V51/><F105/><W22/><G73/><T17/><D60/><U71/><E71/><V113/><F113/><W16/><G29/><T70/><D61/><U111/><E111/><N who="3" m="42538" /><G81/><T9/><D70/><U63/><E63/><V55/><F58/><W78/><G78/><T88/><D75/><U132/><E132/><V13/><F13/><W4/><G4/><T27/><D133/><U6/><E6/><V96/><F77/><W52/><G52/><T2/><D123/><U99/><E99/><V90/><F96/><W80/><G80/><T114/><D128/><U79/><E86/><V109/><F109/><W0/><G0/><T30/><D30/><U104/><E104/><V115/><F85/><W74/><G74/><T48/><D1/><U39/><E39/><AGARI ba="0,0" hai="16,20,21,22,24,39,43,45,82,84,89" m="42538" machi="39" ten="30,3900,0" yaku="14,1,52,1,54,1" doraHai="76" who="3" fromWho="1" sc="173,0,327,-39,250,0,250,39" />
</Scene>
<Scene>
<INIT seed="2,0,0,3,0,21" ten="173,288,250,289" oya="2" hai0="112,52,45,1,121,126,79,15,71,18,41,88,65" hai1="59,6,27,64,128,72,124,103,132,19,4,24,30" hai2="131,20,11,80,127,105,133,57,51,123,120,94,108" hai3="102,36,134,85,33,48,53,3,106,100,44,8,22"/><V76/><F105/><W13/><G33/><T117/><D1/><U104/><E72/><V83/><F133/><W92/><G134/><T125/><D112/><U97/><E132/><V91/><F131/><W29/><G36/><T96/><D117/><U49/><E128/><V34/><F34/><W82/><G3/><T111/><D111/><U115/><E115/><V67/><F127/><N who="0" m="48650" /><D79/><U62/><E124/><V25/><F108/><W84/><G84/><T109/><D109/><U86/><E86/><V58/><F11/><W99/><G106/><T55/><D65/><U95/><E104/><V5/><F5/><N who="1" m="2153" /><E30/><V35/><F35/><W40/><G40/><T90/><D71/><U89/><E103/><V42/><F67/><W56/><G102/><T66/><D66/><U50/><E19/><N who="2" m="12447" /><F123/><W73/><G73/><T113/><D113/><U87/><E87/><N who="2" m="52607" /><F120/><W116/><G116/><T2/><D2/><U107/><E107/><V135/><F135/><W118/><G118/><T23/><D121/><U129/><E129/><V31/><F31/><W119/><G119/><T77/><D77/><U9/><E9/><V75/><F75/><W63/><G29/><T46/><D96/><U10/><E10/><V61/><F76/><N who="3" m="46279" /><G8/><T78/><D78/><U68/><E68/><V114/><F114/><W12/><G22/><T37/><D46/><U130/><E130/><V74/><F74/><W54/><AGARI ba="0,0" hai="12,13,44,48,53,54,56,63,92,99,100" m="46279" machi="54" ten="30,1100,0" yaku="8,1" doraHai="21" who="3" fromWho="3" sc="173,-3,288,-3,250,-5,289,11" />
</Scene>
<Scene>
<INIT seed="3,0,0,3,1,92" ten="170,285,245,300" oya="3" hai0="30,61,86,38,127,55,91,26,107,97,59,48,12" hai1="65,58,21,43,18,54,99,78,51,27,33,132,39" hai2="6,3,11,41,82,40,98,76,64,60,10,56,75" hai3="29,96,45,13,74,85,129,109,67,133,130,20,72"/><W24/><G133/><T95/><D38/><U63/><E132/><V111/><F111/><W23/><G67/><T119/><D119/><U80/><E33/><V1/><REACH who="2" step="1"/><F98/><REACH who="2" ten="170,285,235,300" step="2"/><W105/><G109/><T90/><D127/><U19/><E99/><V104/><F104/><W35/><G105/><T128/><D107/><U121/><E121/><V115/><F115/><W9/><G96/><T16/><D128/><N who="3" m="49257" /><G85/><T52/><D86/><U113/><E113/><V106/><F106/><W36/><G74/><T135/><D135/><U8/><E39/><V46/><F46/><W117/><G72/><T120/><D120/><U34/><E34/><V4/><AGARI ba="0,1" hai="1,3,4,6,10,11,40,41,56,60,64,75,76,82" machi="4" ten="30,4000,0" yaku="1,1,0,1,9,1,53,0" doraHai="92" doraHaiUra="108" who="2" fromWho="2" sc="170,-10,285,-10,235,50,300,-20" />
</Scene>
<Scene>
<INIT seed="4,0,0,0,5,81" ten="160,275,285,280" oya="0" hai0="60,67,14,115,99,46,89,130,103,10,37,88,20" hai1="39,95,84,35,105,54,112,97,50,26,133,98,22" hai2="91,11,21,128,77,53,42,31,94,1,114,48,5" hai3="8,101,78,85,66,19,59,13,123,51,70,9,7"/><T43/><D115/><U127/><E39/><V93/><F114/><W63/><G123/><T28/><D130/><U27/><E35/><V80/><F42/><W73/><G73/><T40/><D40/><U108/><E105/><V110/><F110/><W113/><G113/><T118/><D118/><U61/><E127/><V90/><F128/><W117/><G117/><T120/><D120/><U106/><E106/><V62/><F62/><W2/><G101/><T57/><D28/><U16/><E133/><V24/><F94/><W32/><G32/><T76/><D76/><U68/><E108/><V17/><F93/><W132/><G132/><T12/><D20/><N who="1" m="13575" /><E68/><V49/><F31/><W124/><G124/><T29/><D29/><N who="1" m="17655" /><E61/><V116/><F116/><W55/><REACH who="3" step="1"/><G78/><REACH who="3" ten="160,275,285,270" step="2"/><T79/><D79/><U72/><E72/><V121/><F121/><W23/><G23/><T56/><D103/><U65/><E112/><V18/><F77/><W3/><G3/><T92/><D10/><U36/><E36/><V100/><F100/><W109/><G109/><T69/><REACH who="0" step="1"/><D89/><REACH who="0" ten="150,275,285,270" step="2"/><N who="1" m="53671" /><E65/><V47/><F11/><W58/><G58/><AGARI ba="0,2" hai="12,14,37,43,46,56,57,58,60,67,69,88,92,99" machi="58" ten="40,3900,0" yaku="1,1,54,1,53,0" doraHai="81" doraHaiUra="74" who="0" fromWho="3" sc="150,59,275,0,285,0,270,-39" /><AGARI ba="0,0" hai="50,54,58,97,98" m="53671,17655,13575" machi="58" ten="30,3900,0" yaku="8,1,52,1,54,1" doraHai="81" who="1" fromWho="3" sc="209,0,275,39,285,0,231,-39" />
</Scene>
<Scene>
<INIT seed="4,1,0,3,0,66" ten="209,314,285,192" oya="0" hai0="30,55,51,71,25,108,42,126,33,67,41,107,0" hai1="53,49,115,130,119,28,117,40,70,9,118,95,16" hai2="1,34,39,50,11,100,63,72,121,96,8,61,105" hai3="135,116,20,27,37,5,6,102,86,26,47,101,75"/><T79/><D107/><U43/><E28/><V129/><F39/><W94/><G75/><T7/><D126/><U14/><E130/><V4/><F121/><W48/><G37/><T13/><D108/><U114/><E95/><V104/><F72/><W112/><G112/><N who="1" m="43050" /><E70/><V91/><F34/><W69/><G69/><T98/><D79/><U52/><E53/><V128/><F105/><W31/><G116/><T59/><D0/><U58/><AGARI ba="1,0" hai="9,14,16,40,43,49,52,58,117,118,119" m="43050" machi="58" ten="40,8000,1" yaku="15,1,11,1,54,2" doraHai="66" who="1" fromWho="1" sc="209,-41,314,83,285,-21,192,-21" />
</Scene>
<Scene>
<INIT seed="5,0,0,0,1,129" ten="168,397,264,171" oya="1" hai0="70,79,104,71,37,80,90,26,3,117,78,25,72" hai1="128,6,62,8,51,20,77,118,125,46,35,65,31" hai2="12,34,95,21,44,84,87,45,130,124,109,116,115" hai3="134,58,27,30,36,18,107,60,135,39,89,101,11"/><U110/><E118/><V123/><F34/><W16/><G89/><T98/><D117/><U131/><E35/><V97/><F109/><W112/><G112/><T120/><D120/><U24/><E110/><V103/><F123/><W32/><G101/><T9/><D79/><U64/><E125/><V19/><F116/><W108/><G107/><T83/><D83/><U50/><E77/><V57/><F124/><W86/><G86/><N who="2" m="32809" /><F130/><N who="1" m="49705" /><E46/><V66/><F115/><W100/><G100/><N who="0" m="62487" /><D25/><U59/><E65/><V69/><F69/><W28/><G28/><T94/><D26/><U53/><E64/><V42/><F42/><W114/><G114/><T82/><D82/><U81/><E81/><V111/><F111/><W17/><G108/><T127/><D127/><U74/><E74/><V22/><F22/><W61/><G11/><T29/><D70/><U96/><E96/><V54/><F66/><N who="3" m="39191" /><G61/><AGARI ba="0,0" hai="12,19,21,44,45,54,57,61,95,97,103" m="32809" machi="61" ten="30,1000,0" yaku="8,1" doraHai="129" who="2" fromWho="3" sc="168,0,397,0,264,10,171,-10" />
</Scene>
<Scene>
<INIT seed="6,0,0,4,1,18" ten="168,397,274,161" oya="2" hai0="124,22,119,88,111,116,35,103,1,85,53,11,122" hai1="48,49,36,68,5,91,62,47,17,59,81,15,43" hai2="107,98,41,26,82,56,96,94,4,16,72,14,3" hai3="105,90,130,12,108,51,112,87,21,23,101,44,66"/><V65/><F107/><W29/><G108/><T135/><D35/><U67/><E5/><V54/><F65/><W118/><G118/><N who="0" m="45099" /><D111/><U80/><E91/><V113/><F113/><W37/><G37/><T50/><D122/><U133/><E133/><V125/><F125/><W71/><G112/><T84/><D103/><U120/><E120/><V86/><F72/><W33/><G130/><T93/><D135/><U45/><E68/><V30/><F41/><W55/><G12/><T0/><D124/><U8/><E36/><V121/><F4/><W10/><G10/><T13/><D85/><U115/><E115/><V58/><F3/><W19/><G19/><N who="0" m="10607" /><D11/><U129/><E129/><V38/><F121/><W75/><G75/><T31/><D31/><U110/><E110/><V127/><F127/><W46/><G46/><AGARI ba="0,0" hai="0,1,46,50,53,84,88,93" m="10607,45099" machi="46" ten="30,3900,0" yaku="12,1,52,1,54,1" doraHai="18" who="0" fromWho="3" sc="168,39,397,0,274,0,161,-39" />
</Scene>
<Scene>
<INIT seed="7,0,0,3,5,135" ten="207,397,274,122" oya="3" hai0="20,91,104,130,118,28,133,127,64,100,48,67,85" hai1="79,4,41,35,46,39,14,78,49,90,36,76,57" hai2="69,26,121,71,53,27,9,3,111,94,7,54,112" hai3="6,31,126,59,101,132,105,120,34,99,51,5,108"/><W61/><G120/><T33/><D33/><U11/><E35/><V81/><F111/><W43/><G132/><T119/><D133/><U110/><E110/><V37/><F37/><W24/><G108/><T30/><D130/><U10/><E90/><V15/><F121/><W0/><G0/><T55/><D100/><U87/><E87/><V117/><F117/><W29/><G29/><T70/><D70/><U97/><E97/><V62/><F112/><W75/><G75/><T74/><D74/><U38/><E11/><V115/><F115/><W13/><G13/><T82/><D104/><U42/><E57/><N who="2" m="35119" /><F71/><W63/><G63/><T45/><D118/><U18/><REACH who="1" step="1"/><E4/><REACH who="1" ten="207,387,274,122" step="2"/><V58/><F69/><W84/><G84/><T129/><D119/><U116/><E116/><V16/><F7/><W23/><G34/><T96/><D45/><AGARI ba="0,1" hai="10,14,18,36,38,39,41,42,45,46,49,76,78,79" machi="45" ten="40,1300,0" yaku="1,1,53,0" doraHai="135" doraHaiUra="123" who="1" fromWho="0" sc="207,-13,387,23,274,0,122,0" owari="194,-21.0,410,52.0,274,7.0,122,-38.0" />
</Scene>
</mjloggm>