<mjloggm ver="2.3"><GO type="169" lobby="0"/><UN n0="%E5%A4%AA%E3%81%8F%E3%81%AA%E3%81%84%E3%81%8A" n1="%E3%82%AD%E3%83%A5%E3%82%A2%E3%82%A8%E3%83%BC%E3%82%B9" n2="%73%69%6C%65%6E%2E" n3="%E3%82%A2%E3%82%AB%E3%82%AE%EF%BC%A0%E5%B7%9D%E6%9D%91%E8%BB%8D%E5%9B%A3" dan="19,17,16,16" rate="2305.01,2167.50,2150.63,2123.97" sx="F,F,M,M"/><TAIKYOKU oya="0"/>

<Scene>
<INIT seed="0,0,0,1,3,99" ten="250,250,250,250" oya="0" hai0="71,16,41,128,3,51,47,105,113,83,60,123,64" hai1="33,58,70,117,57,45,103,91,77,8,39,27,29" hai2="85,89,5,1,34,63,49,104,20,32,30,48,26" hai3="108,68,9,44,125,106,0,7,62,23,50,107,38"/><T40/><D3/><U114/><E70/><V66/><F104/><W121/><G108/><T109/><D113/><U110/><E117/><V112/><F112/><W86/><G125/><T93/><D105/><U129/><E77/><V46/><F48/><W102/><G121/><T43/><D123/><U24/><E129/><V87/><F1/><W12/><G38/><T88/><D128/><U18/><E103/><V74/><F74/><W17/><G102/><T59/><D109/><U135/><E135/><V56/><F5/><W120/><G120/><T13/><D83/><U4/><E91/><V35/><REACH who="2" step="1"/><F89/><REACH who="2" ten="250,250,240,250" step="2"/><W76/><G107/><T81/><D81/><U54/><E4/><V73/><F73/><W124/><G50/><T65/><D71/><U127/><E114/><V78/><F78/><W69/><G69/><T95/><D64/><U36/><E110/><V132/><F132/><W53/><G68/><T67/><D67/><U2/><E2/><V96/><F96/><W133/><G106/><T42/><REACH who="0" step="1"/><D88/><REACH who="0" ten="240,250,240,250" step="2"/><U80/><E80/><V119/><F119/><W10/><G133/><T14/><D14/><U100/><E127/><V75/><F75/><W115/><G124/><T131/><D131/><U55/><E27/><V37/><F37/><W134/><G115/><T6/><D6/><U97/><E24/><V98/><F98/><W118/><G134/><T52/><D52/><AGARI ba="0,2" hai="20,26,30,32,34,35,46,49,52,56,63,66,85,87" machi="52" ten="40,2600,0" yaku="1,1,54,1,53,0" doraHai="99" doraHaiUra="15" who="2" fromWho="0" sc="240,-26,250,0,240,46,250,0" />
</Scene>
<Scene>
<INIT seed="1,0,0,4,0,26" ten="214,250,286,250" oya="1" hai0="77,95,11,122,62,41,86,84,2,96,35,15,112" hai1="46,113,32,104,115,61,56,105,47,5,24,89,100" hai2="93,64,128,125,109,121,51,9,91,44,94,20,79" hai3="52,13,71,28,49,53,50,106,90,6,30,117,54"/><U124/><E124/><V18/><F121/><W23/><G106/><T57/><D2/><U114/><E5/><V68/><F125/><W132/><G71/><T39/><D112/><U27/><E27/><V10/><F109/><W97/><G132/><T129/><D35/><U22/><E32/><V135/><F135/><W123/><G123/><T78/><D122/><U127/><E127/><V31/><F79/><N who="0" m="30218" /><D41/><U75/><E75/><V134/><F128/><W120/><G117/><T83/><D39/><U81/><E100/><V63/><F94/><N who="3" m="56535" /><G120/><T21/><D21/><U59/><E104/><V37/><F31/><N who="3" m="11819" /><G23/><T102/><D83/><U17/><E105/><V40/><F37/><W108/><G108/><T65/><D129/><U55/><E81/><V131/><F134/><W4/><G4/><AGARI ba="0,0" hai="4,11,15,57,62,65,84,86,95,96,102" m="30218" machi="4" ten="30,1000,0" yaku="8,1" doraHai="26" who="0" fromWho="3" sc="214,10,250,0,286,0,250,-10" />
</Scene>
<Scene>
<INIT seed="2,0,0,0,5,38" ten="224,250,286,240" oya="2" hai0="120,102,37,32,95,63,49,36,29,84,76,83,4" hai1="5,9,80,8,34,53,109,135,81,54,51,39,121" hai2="7,74,88,101,130,113,98,86,16,14,117,104,50" hai3="112,28,89,72,61,55,110,134,87,41,96,90,57"/><V118/><F113/><W44/><G72/><T42/><D120/><U25/><E39/><V20/><F130/><W31/><G112/><T65/><D32/><U33/><E109/><V119/><F74/><W2/><G2/><T11/><D29/><U47/><E135/><V64/><F64/><W106/><G110/><T56/><D102/><U30/><E121/><V73/><F73/><W27/><G134/><T128/><D95/><U60/><E33/><V100/><F100/><W122/><G122/><T66/><D66/><U82/><E9/><V131/><F131/><W93/><G27/><T92/><D92/><U75/><E60/><V67/><F67/><W52/><G55/><T127/><D127/><U108/><E108/><V125/><F125/><W68/><G68/><T77/><D77/><U48/><E75/><V21/><F50/><N who="3" m="26895" /><G106/><T13/><REACH who="0" step="1"/><D128/><REACH who="0" ten="214,250,286,240" step="2"/><U10/><REACH who="1" step="1"/><E5/><REACH who="1" ten="214,240,286,240" step="2"/><V133/><F7/><W78/><G78/><T103/><D103/><U17/><E17/><V94/><REACH who="2" step="1"/><F133/><REACH who="2" ten="214,240,276,240" step="2"/><W99/><G99/><T85/><D85/><U12/><E12/><V35/><F35/><W15/><G15/><T116/><D116/><U0/><E0/><V19/><F19/><W70/><G70/><T79/><D79/><U6/><E6/><V3/><F3/><W114/><G114/><T71/><D71/><U124/><E124/><V97/><F97/><W132/><G132/><T62/><D62/><U40/><E40/><V18/><F18/><W22/><G31/><T45/><AGARI ba="0,3" hai="4,11,13,36,37,42,45,49,56,63,65,76,83,84" machi="45" ten="30,12000,2" yaku="1,1,0,1,25,2,52,1,53,1" doraHai="38" doraHaiUra="58" who="0" fromWho="0" sc="214,150,240,-30,276,-60,240,-30" />
</Scene>
<Scene>
<INIT seed="3,0,0,5,2,53" ten="364,210,216,210" oya="3" hai0="23,52,2,108,13,107,93,70,33,72,60,50,129" hai1="55,38,15,75,28,102,48,58,132,5,97,80,51" hai2="49,29,69,1,34,134,6,78,16,120,63,114,10" hai3="124,74,76,39,113,41,81,73,7,57,100,47,91"/><W27/><G113/><T14/><D2/><U125/><E38/><V71/><F114/><W131/><G124/><T92/><D33/><U22/><E132/><V17/><F134/><W42/><G131/><T115/><D107/><U88/><E125/><V96/><F49/><W30/><G41/><T130/><D72/><U128/><E128/><N who="0" m="49257" /><D108/><U36/><E36/><V19/><F78/><W45/><G45/><N who="0" m="27727" /><D115/><U65/><E75/><V25/><F120/><W122/><G122/><T89/><D23/><U111/><E111/><V66/><REACH who="2" step="1"/><F96/><REACH who="2" ten="364,210,206,210" step="2"/><W43/><G39/><T54/><D93/><U24/><E51/><V67/><F67/><W37/><G37/><T56/><D70/><AGARI ba="0,1" hai="1,6,10,16,17,19,25,29,34,63,66,69,70,71" machi="70" ten="40,2600,0" yaku="1,1,54,1,53,0" doraHai="53" doraHaiUra="9" who="2" fromWho="0" sc="364,-26,210,0,206,36,210,0" />
</Scene>
<Scene>
<INIT seed="4,0,0,2,1,43" ten="338,210,242,210" oya="0" hai0="13,61,63,86,30,39,97,110,124,3,27,95,48" hai1="103,125,56,18,52,78,23,53,89,75,17,127,102" hai2="91,12,112,90,99,29,44,70,6,10,22,67,0" hai3="105,55,119,69,123,114,111,25,109,73,106,11,58"/><T37/><D3/><U45/><E75/><V65/><F112/><W66/><G73/><T50/><D124/><N who="1" m="47691" /><E78/><V16/><F70/><W79/><G79/><T57/><D86/><U31/><E89/><V24/><F44/><W21/><G119/><T100/><D110/><U116/><E116/><V5/><F5/><W19/><G114/><T120/><D61/><N who="1" m="35975" /><E31/><V51/><F51/><W46/><G123/><T84/><D84/><U47/><E18/><V34/><F90/><W115/><G115/><T132/><D120/><U85/><E85/><V71/><F71/><W41/><G109/><T59/><D132/><U35/><E35/><V88/><F91/><W74/><G74/><T38/><D13/><N who="1" m="9647" /><E53/><V42/><F42/><W117/><G11/><T118/><D118/><U126/><N who="1" m="47699" /><U32/><DORA hai="82" /><E32/><V64/><F67/><W92/><G117/><T108/><D108/><U94/><E103/><V76/><F76/><W131/><G111/><T33/><REACH who="0" step="1"/><D57/><REACH who="0" ten="328,210,242,210" step="2"/><U8/><E8/><V104/><F88/><W26/><G69/><T83/><D83/><U113/><E113/><V40/><F40/><W134/><G41/><T36/><N who="0" m="9216" /><DORA hai="107" /><T98/><D98/><AGARI ba="0,1" hai="45,47,94,98,102" m="9647,35975,47699" machi="98" ten="40,8000,1" yaku="18,1,52,2,54,1" doraHai="43,82,107" who="1" fromWho="0" sc="328,-80,210,90,242,0,210,0" />
</Scene>
<Scene>
<INIT seed="5,0,0,0,0,113" ten="248,300,242,210" oya="1" hai0="15,88,11,84,78,87,0,110,90,59,54,112,75" hai1="126,86,76,58,7,94,29,69,79,134,27,34,8" hai2="70,116,4,57,80,68,14,82,111,129,32,92,108" hai3="100,16,6,99,2,132,13,91,47,52,38,74,39"/><U60/><E69/><V17/><F4/><W21/><G74/><T81/><D0/><U22/><E126/><V56/><F92/><W25/><G132/><T43/><D110/><U118/><E118/><V18/><F14/><W45/><G2/><T114/><D43/><U89/><E34/><V77/><F32/><W12/><G91/><T71/><D71/><U133/><E60/><V46/><F46/><W10/><G13/><T96/><D96/><U23/><E23/><V97/><F97/><W61/><G47/><T24/><D24/><U131/><E58/><V106/><F77/><W128/><G128/><T135/><D75/><U109/><E131/><V103/><F103/><W48/><REACH who="3" step="1"/><G61/><REACH who="3" ten="248,300,242,200" step="2"/><T73/><D73/><U107/><E89/><V102/><F129/><W101/><G101/><T40/><D135/><U125/><E133/><V51/><F102/><W26/><G26/><T98/><D98/><U41/><E134/><V130/><F130/><W65/><G65/><T19/><D40/><U53/><E41/><V28/><F108/><W127/><G127/><T95/><REACH who="0" step="1"/><D90/><REACH who="0" ten="238,300,242,200" step="2"/><N who="1" m="53591" /><E125/><V93/><F111/><W5/><G5/><T67/><D67/><U120/><E7/><V55/><F55/><W37/><G37/><T122/><D122/><U124/><E53/><V50/><F50/><AGARI ba="0,2" hai="11,15,19,50,54,59,78,81,84,87,88,95,112,114" machi="50" ten="40,5200,0" yaku="1,1,54,1,53,1" doraHai="113" doraHaiUra="85" who="0" fromWho="2" sc="238,72,300,0,242,-52,200,0" />
</Scene>
<Scene>
<INIT seed="6,0,0,0,3,63" ten="310,300,190,200" oya="2" hai0="73,32,78,62,110,111,4,21,112,42,104,25,28" hai1="55,95,48,27,66,20,18,108,92,123,51,117,96" hai2="98,8,22,128,79,127,26,49,131,23,81,88,72" hai3="97,101,33,52,113,71,45,122,10,14,3,58,16"/><V87/><F127/><W68/><G122/><T6/><D42/><U12/><E108/><V132/><F132/><W134/><G134/><T133/><D133/><U60/><E123/><V105/><F49/><W38/><G33/><T31/><D78/><U2/><E2/><V30/><F8/><W65/><G3/><T44/><D73/><U15/><E51/><V86/><F22/><W35/><G35/><T70/><D44/><N who="1" m="28039" /><E95/><V102/><REACH who="2" step="1"/><F87/><REACH who="2" ten="310,300,180,200" step="2"/><W99/><G113/><T36/><D21/><U13/><E20/><V67/><F67/><W80/><G65/><N who="0" m="41271" /><D112/><U29/><E66/><V17/><F17/><W93/><G80/><AGARI ba="0,1" hai="23,26,30,72,79,80,81,86,88,98,102,105,128,131" machi="80" ten="40,3900,0" yaku="1,1,54,1,53,0" doraHai="63" doraHaiUra="90" who="2" fromWho="3" sc="310,0,300,0,180,49,200,-39" />
</Scene>
<Scene>
<INIT seed="6,1,0,2,3,135" ten="310,300,229,161" oya="2" hai0="66,15,57,25,96,20,75,89,50,82,131,47,73" hai1="114,97,60,85,107,123,51,70,24,128,88,17,99" hai2="111,121,79,105,42,5,38,34,124,36,4,77,110" hai3="28,69,115,109,74,16,7,11,3,55,117,58,52"/><V90/><F42/><W10/><G109/><T132/><D132/><U65/><E114/><V87/><F87/><W68/><G117/><T112/><D112/><U130/><E123/><V101/><F121/><W46/><G115/><T125/><D125/><U56/><E24/><V37/><F101/><W119/><G74/><T108/><D108/><N who="2" m="41514" /><F90/><W84/><G28/><T62/><D15/><U14/><E51/><V9/><F9/><W134/><G134/><T44/><D96/><N who="1" m="36939" /><E70/><V116/><F116/><W12/><G119/><T31/><D73/><U113/><E113/><V72/><F72/><W64/><G84/><T22/><D75/><U127/><E127/><V133/><F133/><W53/><REACH who="3" step="1"/><G46/><REACH who="3" ten="310,300,229,151" step="2"/><T80/><D47/><U1/><E85/><V33/><F124/><W13/><G13/><T21/><D44/><U71/><E14/><V93/><F105/><W78/><G78/><N who="2" m="29705" /><F93/><W126/><G126/><T118/><D118/><U100/><E107/><V120/><F120/><W54/><N who="3" m="13312" /><DORA hai="41" /><W2/><G2/><T122/><D122/><U92/><E1/><V67/><F67/><W48/><G48/><T76/><D50/><U27/><E65/><V61/><F61/><AGARI ba="1,1" hai="3,7,10,11,12,16,58,61,64,68,69" m="13312" machi="61" ten="50,8000,1" yaku="1,1,54,2,53,1" doraHai="135,41" doraHaiUra="59,98" who="3" fromWho="2" sc="310,0,300,0,229,-83,151,93" />
</Scene>
<Scene>
<INIT seed="7,0,0,4,2,135" ten="310,300,146,244" oya="3" hai0="86,79,127,78,116,133,10,72,64,9,51,88,53" hai1="31,119,106,29,41,102,35,13,90,85,26,11,126" hai2="63,56,105,23,66,59,80,40,132,70,44,52,100" hai3="22,3,38,20,107,48,54,93,98,87,131,18,109"/><W112/><G38/><T122/><D127/><U14/><E126/><V130/><F23/><W110/><G3/><T125/><D116/><U108/><E108/><N who="3" m="41578" /><G131/><T123/><D125/><U55/><E41/><V7/><F7/><W32/><G32/><T114/><D133/><U65/><E65/><V4/><F80/><W2/><G112/><T92/><D114/><U50/><E106/><V99/><F99/><W21/><G2/><T60/><D123/><U97/><E35/><V30/><F100/><N who="3" m="62871" /><G48/><T124/><D122/><U62/><E50/><N who="2" m="30743" /><F30/><W117/><G54/><T121/><D121/><U0/><E55/><N who="2" m="34303" /><F105/><W58/><G58/><N who="0" m="36887" /><D72/><U81/><E0/><V45/><F4/><W8/><G117/><T101/><D101/><U104/><E102/><V46/><F130/><W84/><G93/><T89/><D124/><U16/><E119/><V36/><F132/><W113/><G113/><T71/><D9/><U129/><E104/><V27/><F27/><W33/><G33/><T118/><D10/><U37/><E11/><V77/><F77/><W39/><G39/><T69/><D79/><U94/><E37/><V76/><F76/><W120/><G120/><T83/><D118/><U5/><E129/><V12/><F12/><AGARI ba="0,0" hai="8,12,18,20,21,22,84,87" m="62871,41578" machi="12" ten="30,1500,0" yaku="10,1" doraHai="135" who="3" fromWho="2" sc="310,0,300,0,146,-15,244,15" />
</Scene>
<Scene>
<INIT seed="7,1,0,5,1,62" ten="310,300,131,259" oya="3" hai0="12,74,48,6,37,42,9,0,113,124,36,22,39" hai1="130,26,1,115,14,38,35,47,51,116,122,34,83" hai2="73,40,63,118,128,125,114,79,59,31,56,32,58" hai3="120,49,112,84,71,18,126,4,20,131,2,133,101"/><W85/><G120/><T41/><D74/><U80/><E38/><V11/><F11/><W91/><G71/><T134/><D134/><U66/><E1/><V45/><F31/><W86/><G133/><T5/><D5/><U15/><E35/><V7/><F79/><W27/><G112/><T78/><D78/><U72/><E72/><V68/><F7/><W53/><G131/><T110/><D110/><U60/><E34/><V127/><F32/><W88/><G126/><N who="2" m="48137" /><F73/><W98/><G2/><T54/><D124/><U96/><E130/><V33/><F33/><W102/><G4/><T46/><REACH who="0" step="1"/><D113/><REACH who="0" ten="300,300,131,259" step="2"/><U29/><E115/><V13/><F13/><N who="1" m="4617" /><E116/><V90/><F90/><N who="3" m="34347" /><G98/><T24/><D24/><U108/><E122/><V129/><F114/><W106/><G106/><T76/><D76/><U64/><E108/><V77/><F77/><W81/><G81/><N who="1" m="31306" /><E96/><V132/><F132/><W104/><G104/><T105/><D105/><U75/><E75/><V50/><F118/><W61/><G61/><T70/><D70/><U93/><E60/><V67/><AGARI ba="1,1" hai="40,45,50,56,58,59,63,67,68,128,129" m="48137" machi="67" ten="40,8000,1" yaku="18,1,34,2,52,1" doraHai="62" who="2" fromWho="2" sc="300,-21,300,-21,131,93,259,-41" />
</Scene>
<Scene>
<INIT seed="8,0,0,5,5,42" ten="279,279,224,218" oya="0" hai0="103,21,33,127,31,47,40,93,71,74,78,133,114" hai1="98,97,120,69,30,29,39,134,116,86,41,6,112" hai2="16,1,122,46,0,89,25,83,18,60,9,45,76" hai3="105,108,90,117,37,80,96,113,52,20,85,111,118"/><T65/><D114/><U5/><E69/><V56/><F122/><W128/><G37/><T11/><D33/><U95/><E120/><V84/><F0/><W72/><G20/><T59/><D71/><U22/><E134/><V63/><F63/><W99/><G113/><T53/><D65/><U43/><E116/><N who="3" m="44650" /><G128/><T36/><D133/><U66/><E66/><N who="2" m="39175" /><F1/><W130/><G130/><T50/><D127/><U23/><E86/><N who="2" m="48487" /><F25/><W79/><G52/><T12/><D74/><U104/><E39/><V106/><F106/><W101/><G99/><N who="0" m="59887" /><D36/><U58/><E104/><V68/><F68/><W7/><G7/><N who="0" m="3199" /><D78/><U55/><E112/><V17/><F9/><W100/><G100/><T77/><D77/><U14/><E97/><V135/><F135/><W107/><G107/><T61/><D21/><U8/><E23/><V38/><F38/><W115/><G115/><T94/><D31/><U129/><E30/><V10/><F10/><W131/><G131/><T15/><D15/><U3/><E22/><V81/><AGARI ba="0,0" hai="16,17,18,45,46,81,84,89" m="48487,39175" machi="81" ten="30,7900,0" yaku="8,1,52,2,54,1" doraHai="42" who="2" fromWho="2" sc="279,-39,279,-20,224,79,218,-20" owari="240,-16.0,259,6.0,303,40.0,198,-30.0" />
</Scene>
</mjloggm>