<mjloggm ver="2.3"><GO type="169" lobby="0"/><UN n0="%E3%83%AD%E3%83%83%E3%83%86%E9%9B%80%E7%90%83" n1="%E5%A4%AA%E3%81%8F%E3%81%AA%E3%81%84%E3%81%8A" n2="%E3%81%B2%E3%81%90%E3%81%A1" n3="%E3%81%AD%E3%81%98%E3%81%97%E3%81%8D" dan="18,19,17,16" rate="2214.36,2303.02,2237.78,2091.26" sx="M,F,M,M"/><TAIKYOKU oya="0"/>

<Scene>
<INIT seed="0,0,0,5,1,122" ten="250,250,250,250" oya="0" hai0="82,0,18,52,63,17,133,48,116,80,83,61,99" hai1="4,41,101,60,96,118,62,5,115,86,103,104,127" hai2="112,78,32,88,50,84,66,51,81,19,77,75,71" hai3="79,113,93,125,73,68,31,57,23,117,132,114,36"/><T131/><D116/><U100/><E118/><V34/><F112/><W135/><G23/><T44/><D0/><U33/><E33/><V111/><F77/><W90/><G31/><T58/><D133/><U121/><E121/><V134/><F134/><N who="3" m="51243" /><G57/><T129/><D63/><U24/><E115/><V30/><F71/><W67/><G36/><T56/><D56/><U54/><E41/><V27/><F66/><W91/><G91/><T97/><D131/><U123/><E123/><V6/><F6/><W12/><G125/><T109/><D109/><U87/><E127/><V22/><F111/><W64/><G117/><T55/><REACH who="0" step="1"/><D129/><REACH who="0" ten="240,250,250,250" step="2"/><U65/><E62/><V120/><F120/><W130/><G130/><T108/><D108/><U98/><E60/><V46/><F46/><W72/><G114/><T25/><D25/><U69/><E24/><V13/><REACH who="2" step="1"/><F34/><REACH who="2" ten="240,250,240,250" step="2"/><W106/><G113/><T7/><D7/><U76/><E4/><V8/><F8/><W105/><G68/><T3/><D3/><U1/><E5/><V70/><F70/><W47/><G64/><T21/><D21/><U49/><E1/><V45/><F45/><W124/><G67/><T74/><D74/><U37/><E65/><V26/><F26/><W38/><G47/><T89/><D89/><U28/><E69/><V29/><F29/><W126/><G90/><T15/><D15/><U95/><E28/><V20/><F20/><W102/><G12/><T53/><D53/><U14/><E54/><V16/><F16/><AGARI ba="0,2" hai="16,17,18,44,48,52,55,58,61,80,82,83,97,99" machi="16" ten="40,12000,1" yaku="1,1,8,1,54,2,53,1" doraHai="122" doraHaiUra="40" who="0" fromWho="2" sc="240,140,250,0,240,-120,250,0" />
</Scene>
<Scene>
<INIT seed="0,1,0,0,0,97" ten="380,250,120,250" oya="0" hai0="35,15,88,12,109,52,45,122,124,78,1,94,105" hai1="71,82,116,56,29,13,16,0,23,33,10,92,62" hai2="7,84,28,120,108,36,48,51,114,9,27,93,112" hai3="89,133,77,130,118,65,80,38,43,101,85,20,128"/><T59/><D122/><U41/><E116/><V126/><F120/><W54/><G118/><T30/><D1/><U60/><E41/><V32/><F36/><W26/><G133/><T21/><D105/><U61/><E71/><V129/><F108/><W3/><G3/><T98/><D109/><U14/><E82/><V81/><F126/><W103/><G65/><T111/><D111/><U72/><E72/><V44/><F129/><N who="3" m="49771" /><G54/><T83/><D124/><U119/><E119/><V39/><F39/><W19/><G89/><T134/><D35/><U104/><E104/><V50/><F93/><W24/><G24/><N who="0" m="16655" /><D45/><AGARI ba="1,0" hai="19,20,26,38,43,45,77,80,85,101,103" m="49771" machi="45" ten="30,3900,0" yaku="19,1,52,2" doraHai="97" who="3" fromWho="0" sc="380,-42,250,0,120,0,250,42" />
</Scene>
<Scene>
<INIT seed="1,0,0,5,2,38" ten="338,250,120,292" oya="1" hai0="48,52,11,125,110,87,131,104,75,109,92,90,78" hai1="94,22,26,106,135,50,6,119,51,49,3,84,35" hai2="127,4,32,85,102,17,29,117,41,64,62,107,54" hai3="133,132,129,134,114,98,121,18,63,67,123,108,37"/><U95/><E106/><V39/><F117/><W76/><G108/><N who="0" m="41579" /><D104/><U24/><E119/><V70/><F127/><W56/><G114/><T66/><D125/><U42/><E135/><V23/><F4/><W61/><G76/><T81/><D131/><U74/><E74/><V2/><F2/><W47/><G129/><T105/><D105/><U89/><E35/><V83/><F54/><N who="3" m="33943" /><G18/><T120/><D66/><U5/><E3/><V72/><F72/><W91/><G91/><T115/><D11/><U0/><E0/><V68/><F68/><N who="3" m="42111" /><G98/><T15/><D15/><U130/><E130/><V53/><F53/><W34/><G34/><T65/><D65/><U60/><E60/><V9/><F9/><W7/><G7/><N who="1" m="2570" /><E95/><V8/><F8/><W128/><G128/><T93/><D115/><U36/><E36/><V55/><F32/><W33/><G33/><T14/><D93/><U103/><E103/><V77/><F102/><W25/><G25/><N who="1" m="9834" /><E22/><V28/><F107/><W19/><G19/><T30/><D14/><U82/><E94/><V45/><REACH who="2" step="1"/><F55/><REACH who="2" ten="338,250,110,292" step="2"/><W126/><G126/><T97/><D75/><U116/><E116/><V27/><AGARI ba="0,1" hai="17,23,27,28,29,39,41,45,62,64,70,77,83,85" machi="27" ten="20,12000,2" yaku="1,1,2,1,0,1,7,1,52,1,53,1" doraHai="38" doraHaiUra="79" who="2" fromWho="2" sc="338,-30,250,-60,110,130,292,-30" />
</Scene>
<Scene>
<INIT seed="2,0,0,0,2,60" ten="308,190,240,262" oya="2" hai0="41,109,72,74,1,16,125,40,128,7,36,77,82" hai1="10,79,80,112,67,34,39,49,127,86,116,6,83" hai2="18,111,133,106,59,29,65,101,90,69,23,105,115" hai3="110,8,33,56,71,17,48,38,44,42,13,12,131"/><V114/><F69/><W126/><G110/><T25/><D109/><U11/><E39/><V75/><F75/><W4/><G71/><T54/><D128/><U129/><E112/><V121/><F29/><W43/><G131/><T57/><D125/><U85/><E129/><V14/><F121/><W97/><G33/><T0/><D74/><U9/><E116/><V68/><F111/><W130/><G130/><T62/><D7/><U5/><E34/><V84/><F68/><W21/><G126/><T104/><D104/><U96/><E127/><V120/><F120/><W73/><G73/><T95/><D95/><U98/><E49/><V3/><F3/><W50/><G38/><T135/><D135/><U124/><E124/><V66/><F133/><W32/><G32/><T24/><D24/><U100/><E67/><V55/><F114/><W52/><REACH who="3" step="1"/><G97/><REACH who="3" ten="308,190,240,252" step="2"/><N who="1" m="37482" /><E100/><V93/><F115/><W92/><G92/><T94/><D94/><U46/><E46/><V27/><F101/><W103/><G103/><T64/><D36/><U20/><E20/><N who="2" m="11351" /><F106/><W81/><G81/><T99/><D82/><U118/><E118/><V53/><F105/><W15/><G15/><T123/><D72/><U22/><E22/><V76/><F23/><W70/><G70/><T117/><D117/><U91/><AGARI ba="0,1" hai="5,6,9,10,11,79,80,83,85,86,91" m="37482" machi="91" ten="30,1100,0" yaku="8,1" doraHai="60" who="1" fromWho="1" sc="308,-3,190,21,240,-5,252,-3" />
</Scene>
<Scene>
<INIT seed="3,0,0,5,0,123" ten="305,211,235,249" oya="3" hai0="89,126,95,6,82,64,69,66,41,131,3,88,60" hai1="8,52,100,115,92,90,25,55,125,22,77,15,119" hai2="19,79,135,113,50,20,124,44,68,96,87,42,5" hai3="30,38,40,118,94,110,10,51,111,117,71,21,14"/><W116/><G38/><T98/><D131/><U107/><E115/><V130/><F113/><W39/><G39/><T108/><D126/><U1/><E1/><V112/><F68/><W47/><G71/><T45/><D66/><U75/><E125/><V104/><F135/><W76/><G76/><T18/><D108/><N who="3" m="41513" /><G94/><T43/><D43/><U93/><E107/><V34/><F96/><W106/><G106/><T12/><D82/><U4/><E119/><V24/><F87/><W27/><G116/><T81/><D81/><U28/><E75/><V73/><F73/><W83/><G83/><T109/><D109/><U13/><E77/><V97/><F97/><W86/><G86/><T29/><D98/><N who="1" m="59463" /><E13/><V128/><F79/><W121/><G121/><T23/><D95/><U134/><E134/><V129/><F104/><W63/><G63/><T2/><D2/><U36/><E36/><V91/><F91/><W62/><G62/><T54/><D89/><U120/><E120/><V9/><F112/><W103/><G103/><T46/><D88/><U57/><E57/><V122/><F122/><W17/><AGARI ba="0,0" hai="10,14,17,21,27,30,40,47,51,117,118" m="41513" machi="17" ten="30,12000,1" yaku="14,1,10,1,52,3" doraHai="123" who="3" fromWho="3" sc="305,-40,211,-40,235,-40,249,120" />
</Scene>
<Scene>
<INIT seed="3,1,0,3,4,75" ten="265,171,195,369" oya="3" hai0="36,131,111,40,86,47,80,59,49,35,104,85,67" hai1="133,127,15,18,122,9,92,105,113,101,98,2,77" hai2="25,93,114,24,41,33,10,43,21,28,84,1,27" hai3="117,7,103,60,5,73,91,119,23,112,22,135,118"/><W62/><G112/><T31/><D104/><U63/><E113/><V61/><F114/><W96/><G135/><T30/><D111/><U76/><E122/><V124/><F124/><W94/><G73/><T65/><D131/><U74/><E127/><V55/><F1/><W78/><G78/><N who="1" m="30314" /><E2/><V123/><F123/><W134/><G134/><T16/><D35/><U121/><E105/><V125/><F10/><W126/><G126/><T130/><D130/><U32/><E32/><V102/><F125/><W120/><G120/><T50/><D86/><U52/><E74/><V58/><F84/><W89/><G96/><T37/><D37/><U57/><E133/><V29/><REACH who="2" step="1"/><F25/><REACH who="2" ten="265,171,185,369" step="2"/><W12/><G119/><T87/><D85/><U45/><E121/><V11/><F11/><W109/><G118/><T4/><D87/><U88/><E45/><V48/><F48/><W95/><G117/><T116/><D49/><U81/><E81/><V46/><F46/><W8/><G109/><T110/><D50/><U51/><E51/><V26/><F26/><W20/><G8/><T70/><D47/><U99/><E99/><AGARI ba="1,1" hai="21,24,27,28,29,33,41,43,55,58,61,93,99,102" machi="99" ten="40,2600,0" yaku="1,1,53,1" doraHai="75" doraHaiUra="56" who="2" fromWho="1" sc="265,0,171,-29,185,39,369,0" />
</Scene>
<Scene>
<INIT seed="4,0,0,0,2,127" ten="265,142,224,369" oya="0" hai0="11,79,115,87,24,69,42,21,18,78,65,97,130" hai1="41,120,55,52,89,68,111,57,88,35,86,38,104" hai2="94,135,100,31,129,96,29,114,98,28,62,73,131" hai3="19,74,44,8,76,102,117,105,37,39,125,25,126"/><T12/><D130/><N who="2" m="49674" /><F114/><W49/><G117/><T16/><D115/><U7/><E111/><V101/><F135/><W70/><G70/><T3/><D3/><U82/><E68/><V50/><F73/><W132/><G132/><T108/><D108/><U103/><E120/><V72/><F72/><W93/><G105/><T63/><D42/><U112/><E35/><V60/><F50/><W116/><G116/><T58/><D87/><U92/><E112/><V81/><F81/><N who="3" m="45207" /><G93/><AGARI ba="0,0" hai="28,29,31,60,62,93,94,96,98,100,101" m="49674" machi="93" ten="30,7700,0" yaku="19,1,52,3" doraHai="127" who="2" fromWho="3" sc="265,0,142,0,224,77,369,-77" />
</Scene>
<Scene>
<INIT seed="5,0,0,0,1,17" ten="265,142,301,292" oya="1" hai0="115,22,10,128,114,70,14,93,37,1,104,57,86" hai1="94,102,66,125,3,28,41,116,113,34,107,31,92" hai2="103,111,2,67,75,40,98,126,109,119,62,32,5" hai3="11,106,108,135,68,127,64,26,97,99,19,56,121"/><U29/><E116/><V129/><F119/><W87/><G108/><T0/><D70/><U101/><E34/><V24/><F40/><W112/><G68/><T15/><D104/><U130/><E3/><V51/><F51/><W85/><G112/><N who="0" m="43051" /><D37/><U81/><E113/><V89/><F89/><W36/><G85/><T132/><D132/><U105/><E41/><V76/><F126/><W6/><G56/><T39/><D39/><U58/><E125/><V13/><F13/><W71/><G19/><N who="0" m="10623" /><D128/><U18/><E130/><V54/><F129/><W80/><G97/><T117/><D117/><U82/><E18/><V60/><F98/><W35/><G36/><T9/><D9/><U49/><E49/><V45/><F62/><W12/><G135/><T122/><D122/><U47/><E58/><V78/><F60/><W48/><G48/><T96/><D86/><U27/><E27/><V23/><F24/><W16/><G26/><T55/><D55/><U21/><E29/><V4/><F54/><W46/><G71/><T131/><D57/><U69/><E69/><V42/><F42/><W91/><G121/><T134/><D134/><U25/><E25/><V123/><F123/><W90/><G127/><T72/><D72/><U73/><E73/><V7/><F75/><W52/><G52/><T77/><D77/><U53/><E53/><V118/><F76/><W120/><G120/><T44/><D44/><U84/><E84/><V50/><F45/><W124/><G87/><T74/><D74/><U100/><E47/><V30/><F118/><W63/><G46/><T33/><D131/><RYUUKYOKU ba="0,0" sc="265,0,142,0,301,0,292,0" />
</Scene>
<Scene>
<INIT seed="6,1,0,0,2,3" ten="265,142,301,292" oya="2" hai0="106,71,110,111,29,102,135,101,41,88,34,7,126" hai1="20,32,2,133,38,121,118,51,27,65,47,125,28" hai2="94,98,17,103,97,89,24,16,4,113,46,91,13" hai3="114,73,36,23,82,45,68,70,99,12,1,85,105"/><V119/><F119/><W40/><G1/><T90/><D71/><U60/><E118/><V100/><F113/><W61/><G73/><T130/><D41/><U54/><E133/><V128/><F128/><W25/><G114/><T53/><D130/><U86/><E125/><V107/><F46/><W11/><G61/><T78/><D126/><U48/><E121/><V129/><F129/><W58/><G58/><T87/><D78/><U5/><E86/><V72/><F72/><W93/><G105/><T37/><D37/><U59/><E20/><V69/><F69/><W92/><G82/><T80/><D135/><U6/><E2/><V120/><F120/><W115/><G85/><T57/><D90/><U109/><E109/><V33/><F33/><W43/><G92/><T64/><D64/><U95/><E38/><V83/><F24/><W18/><G40/><T127/><D127/><U44/><REACH who="1" step="1"/><E95/><REACH who="1" ten="265,132,301,292" step="2"/><V124/><F124/><W67/><G115/><T31/><D111/><U30/><E30/><V131/><F131/><W8/><G93/><T123/><D110/><U84/><E84/><V39/><F39/><W10/><G36/><T42/><D123/><U77/><E77/><V49/><F94/><W81/><G23/><T50/><D31/><U122/><E122/><V112/><F112/><W66/><G81/><T75/><D29/><U35/><E35/><V74/><F83/><W104/><G68/><T96/><D34/><U117/><E117/><V0/><F74/><W56/><G70/><T132/><D132/><U62/><E62/><V55/><F0/><W14/><G104/><RYUUKYOKU ba="1,1" sc="265,-10,132,30,301,-10,292,-10" hai1="5,6,27,28,32,44,47,48,51,54,59,60,65" />
</Scene>
<Scene>
<INIT seed="7,2,1,3,5,42" ten="255,162,291,282" oya="3" hai0="115,79,93,73,24,25,68,13,6,51,91,92,133" hai1="86,30,36,95,41,53,102,18,19,107,106,5,44" hai2="37,108,112,104,88,114,96,99,57,40,80,121,117" hai3="58,116,39,118,60,100,4,71,43,74,33,9,23"/><W120/><G33/><T34/><D68/><U130/><E130/><V62/><F108/><W46/><G120/><T38/><D38/><U64/><E64/><N who="2" m="38991" /><F117/><W87/><G71/><T98/><D133/><U126/><E126/><V70/><F70/><W127/><G127/><T135/><D135/><U15/><E30/><V50/><F37/><W28/><G74/><T61/><D61/><U54/><E5/><V48/><F121/><W66/><G100/><T134/><D134/><U47/><E19/><V10/><F10/><W84/><G84/><T97/><D115/><N who="2" m="44074" /><F40/><W1/><G87/><T123/><D123/><U27/><E27/><V122/><F122/><W45/><G45/><T26/><D34/><U128/><E128/><V124/><F124/><W110/><G110/><T52/><D79/><U129/><E129/><V90/><F80/><W76/><G76/><T69/><D73/><U75/><E75/><V101/><F88/><W3/><G3/><T125/><D69/><U89/><E102/><V21/><F21/><W29/><G23/><T11/><D125/><U0/><E0/><V131/><F131/><W119/><AGARI ba="2,1" hai="1,4,9,28,29,39,43,46,58,60,66,116,118,119" machi="119" ten="30,3000,0" yaku="0,1,52,1" doraHai="42" who="3" fromWho="3" sc="255,-12,162,-12,291,-12,282,46" owari="243,-16.0,150,-35.0,279,8.0,328,43.0" />
</Scene>
</mjloggm>