<mjloggm ver="2.3"><GO type="169" lobby="0"/><UN n0="%E5%8D%97%E5%9B%BD%E9%9B%80" n1="%E3%82%AC%E3%83%9F%E3%82%B4%E3%83%B3" n2="%E5%A4%AA%E3%81%8F%E3%81%AA%E3%81%84%E3%81%8A" n3="%E3%82%89%E3%81%8F%E3%81%A0%EF%BC%90%EF%BC%91%EF%BC%90%EF%BC%99" dan="16,17,19,17" rate="2060.25,2183.65,2286.16,2176.38" sx="M,M,F,M"/><TAIKYOKU oya="0"/>

<Scene>
<INIT seed="0,0,0,5,1,109" ten="250,250,250,250" oya="0" hai0="16,69,9,72,54,43,10,89,67,35,95,0,58" hai1="120,90,34,125,11,79,45,110,101,27,52,77,7" hai2="122,80,22,124,76,21,86,113,55,65,98,59,29" hai3="12,127,20,71,117,26,14,33,129,62,23,3,42"/><T18/><D72/><U57/><E125/><V118/><F122/><W96/><G3/><T93/><D35/><U44/><E120/><V73/><F124/><W41/><G127/><T63/><D43/><U123/><E123/><V47/><F118/><W128/><G117/><T108/><D108/><U39/><E110/><V64/><F113/><W81/><G81/><T100/><D100/><U17/><E90/><V87/><F98/><W49/><G96/><T50/><D93/><U107/><E101/><V36/><F36/><W84/><G84/><T32/><D32/><U91/><E91/><V25/><F47/><W112/><G49/><T106/><D106/><U19/><E107/><V31/><F73/><W78/><G33/><T1/><D10/><U135/><E135/><V111/><F111/><W85/><G85/><T56/><D69/><U99/><E99/><V133/><F133/><W116/><G116/><T5/><REACH who="0" step="1"/><D0/><REACH who="0" ten="240,250,250,250" step="2"/><U82/><E11/><V119/><F119/><W30/><G71/><T24/><D24/><U92/><E27/><N who="2" m="16623" /><F87/><AGARI ba="0,1" hai="1,5,9,16,18,50,54,56,58,63,67,87,89,95" machi="87" ten="30,11600,0" yaku="1,1,7,1,54,1,53,1" doraHai="109" doraHaiUra="60" who="0" fromWho="2" sc="240,126,250,0,250,-116,250,0" />
</Scene>
<Scene>
<INIT seed="0,1,0,2,1,98" ten="366,250,134,250" oya="0" hai0="70,2,120,16,5,15,26,65,85,11,62,96,68" hai1="126,101,109,74,127,71,84,128,114,17,64,93,3" hai2="100,52,123,10,122,112,135,94,116,43,53,59,19" hai3="106,88,111,69,105,81,8,108,35,107,90,60,51"/><T18/><D120/><U118/><E3/><V45/><F112/><W61/><G35/><T132/><D132/><U28/><E118/><V29/><F135/><W121/><G121/><T54/><D70/><U49/><E74/><V32/><F116/><W66/><G8/><T38/><D38/><U14/><E28/><V34/><F10/><W47/><G61/><T37/><D37/><U103/><E114/><V39/><F19/><W57/><G57/><T25/><D54/><U1/><E1/><V73/><F73/><W89/><REACH who="3" step="1"/><G81/><REACH who="3" ten="366,250,134,240" step="2"/><T95/><D2/><U27/><E71/><V23/><F34/><W31/><G31/><T21/><D5/><U24/><E109/><V91/><F32/><W67/><G67/><T72/><D11/><N who="1" m="6367" /><E64/><V134/><F134/><W4/><G4/><T78/><D18/><U131/><E27/><V75/><F123/><W129/><G129/><N who="1" m="49738" /><E24/><V110/><F122/><W36/><G36/><T119/><D119/><U80/><E49/><V77/><F110/><W40/><AGARI ba="1,1" hai="40,47,51,60,66,69,88,89,90,105,106,107,108,111" machi="40" ten="40,5200,0" yaku="1,1,0,1,54,1,53,0" doraHai="98" doraHaiUra="79" who="3" fromWho="3" sc="366,-27,250,-14,134,-14,240,65" />
</Scene>
<Scene>
<INIT seed="1,0,0,1,2,90" ten="339,236,120,305" oya="1" hai0="5,16,70,132,82,123,4,40,115,61,46,48,128" hai1="51,29,27,111,106,2,84,63,26,118,113,85,129" hai2="38,22,59,100,77,131,133,69,31,28,52,72,104" hai3="92,7,42,88,135,39,108,12,97,21,67,37,25"/><U30/><E113/><V9/><F69/><W119/><G108/><T78/><D115/><U36/><E106/><V8/><F38/><W73/><G73/><T1/><D132/><U117/><E2/><V94/><F104/><W65/><G119/><T95/><D128/><U125/><E36/><V98/><F133/><W60/><G135/><T127/><D127/><U87/><E129/><V126/><F131/><W81/><G81/><T122/><D1/><U120/><E120/><V15/><F126/><W93/><G42/><T34/><D34/><U0/><E0/><V14/><F72/><W44/><G44/><T23/><D95/><U83/><E125/><V101/><F77/><W76/><G76/><T19/><D19/><U79/><E111/><V96/><F22/><W6/><G39/><T102/><D102/><U41/><E63/><V18/><F98/><N who="3" m="57607" /><G37/><T35/><D35/><U91/><E87/><V109/><F100/><N who="3" m="60463" /><G60/><T3/><D3/><U134/><E134/><V49/><REACH who="2" step="1"/><F109/><REACH who="2" ten="339,236,110,305" step="2"/><W47/><G47/><T114/><D114/><U24/><E118/><V58/><F58/><W13/><G6/><AGARI ba="0,1" hai="6,8,9,14,15,18,28,31,49,52,59,94,96,101" machi="6" ten="30,12000,2" yaku="1,1,7,1,8,1,52,1,54,1,53,2" doraHai="90" doraHaiUra="11" who="2" fromWho="3" sc="339,0,236,0,110,130,305,-120" />
</Scene>
<Scene>
<INIT seed="2,0,0,2,0,97" ten="339,236,240,185" oya="2" hai0="3,27,25,131,75,18,65,103,5,47,41,12,135" hai1="23,98,73,88,86,63,24,17,15,79,78,84,59" hai2="107,53,126,16,37,21,102,66,80,50,30,74,125" hai3="31,90,132,64,124,109,35,9,1,94,114,54,72"/><V93/><F37/><W122/><G72/><T8/><D135/><U48/><E73/><V116/><F116/><W108/><G114/><T4/><D75/><U113/><E113/><V6/><F6/><N who="3" m="1231" /><G64/><T128/><D65/><U112/><E112/><V45/><F107/><W89/><G89/><T13/><D103/><U120/><E120/><V71/><F30/><W58/><G122/><T68/><D68/><U20/><E48/><V0/><F0/><W69/><G69/><T95/><D95/><U91/><E98/><N who="2" m="59727" /><F66/><W115/><G115/><T101/><D101/><U55/><E86/><V11/><F71/><W39/><G39/><T44/><D41/><U61/><E61/><V46/><F11/><W56/><G132/><T28/><D3/><U51/><E63/><V22/><F45/><W133/><G133/><T49/><D8/><U43/><E43/><V96/><F96/><N who="3" m="57431" /><G56/><T29/><D49/><U36/><E36/><V7/><F7/><W52/><G124/><N who="2" m="47721" /><F16/><AGARI ba="0,0" hai="4,5,12,13,16,18,25,27,28,29,44,47,128,131" machi="16" ten="25,3200,0" yaku="22,2,54,1" doraHai="97" who="0" fromWho="2" sc="339,32,236,0,240,-32,185,0" />
</Scene>
<Scene>
<INIT seed="3,0,0,0,0,11" ten="371,236,208,185" oya="3" hai0="60,37,5,87,4,94,41,49,19,66,51,63,12" hai1="6,100,113,1,69,65,76,50,79,7,20,127,26" hai2="70,61,3,122,55,13,133,109,93,18,103,29,84" hai3="17,36,8,92,16,45,35,25,54,89,58,22,24"/><W73/><G73/><T134/><D37/><U90/><E113/><V30/><F3/><W56/><G35/><T81/><D94/><U102/><E127/><V42/><F109/><W99/><G36/><T39/><D39/><U21/><E65/><V107/><F107/><W72/><G72/><T126/><D134/><U88/><E50/><N who="0" m="18953" /><D41/><U82/><E82/><V125/><F42/><W71/><G71/><T121/><D121/><U46/><E26/><V105/><F105/><W43/><G43/><T91/><D126/><U40/><E40/><V80/><F125/><W95/><G45/><T97/><D97/><U15/><E46/><V106/><F106/><W117/><G117/><T10/><D66/><U116/><E1/><V108/><F108/><W85/><G54/><T32/><D32/><U14/><E69/><V52/><F133/><W31/><G31/><N who="2" m="11785" /><F70/><W119/><G119/><AGARI ba="0,0" hai="6,7,14,15,20,21,76,79,88,90,100,102,116,119" machi="119" ten="25,8000,1" yaku="22,2,52,2,54,1" doraHai="11" who="1" fromWho="3" sc="371,0,236,80,208,0,185,-80" />
</Scene>
<Scene>
<INIT seed="4,0,0,4,3,57" ten="371,316,208,105" oya="0" hai0="9,88,47,19,20,82,41,80,90,75,76,114,25" hai1="110,117,94,121,107,100,84,98,111,45,13,119,38" hai2="18,64,133,92,109,42,35,56,96,11,97,78,85" hai3="79,50,122,91,51,37,131,53,115,86,74,8,83"/><T102/><D114/><U73/><E13/><N who="2" m="7487" /><F35/><W108/><G37/><T33/><D33/><U27/><E27/><V60/><F109/><N who="1" m="41481" /><E45/><V66/><F133/><W128/><G108/><T7/><D102/><U135/><E38/><V93/><F42/><W116/><G115/><T44/><D82/><U10/><E10/><V30/><F30/><W126/><G116/><T5/><D47/><U127/><E121/><V17/><F17/><W118/><G118/><T14/><REACH who="0" step="1"/><D5/><REACH who="0" ten="361,316,208,105" step="2"/><U106/><E119/><V63/><F93/><W0/><G122/><T89/><D89/><U4/><E117/><V29/><F92/><W129/><G126/><T99/><D99/><U54/><E4/><V72/><F96/><W28/><G129/><T71/><D71/><U130/><E127/><V59/><F97/><W24/><G131/><T15/><D15/><U23/><E98/><V104/><F104/><W6/><G128/><T124/><D124/><U52/><E100/><V3/><F78/><W1/><G1/><T36/><AGARI ba="0,1" hai="7,9,14,19,20,25,36,41,44,75,76,80,88,90" machi="36" ten="20,12000,1" yaku="1,1,0,1,7,1,54,1,53,1" doraHai="57" doraHaiUra="43" who="0" fromWho="0" sc="361,130,316,-40,208,-40,105,-40" />
</Scene>
<Scene>
<INIT seed="4,1,0,3,2,122" ten="491,276,168,65" oya="0" hai0="50,4,69,89,110,130,25,49,64,82,13,65,67" hai1="47,1,79,45,97,116,102,131,118,61,75,7,41" hai2="6,9,11,10,103,0,14,132,111,48,42,2,32" hai3="94,101,33,51,60,54,56,34,104,112,16,98,117"/><T20/><D69/><U5/><E131/><V78/><F103/><W40/><G117/><T129/><D110/><U85/><E47/><V52/><F32/><W108/><G112/><T53/><D4/><U19/><E19/><V44/><F132/><W133/><G133/><T91/><D13/><U126/><E85/><V68/><F68/><W86/><G108/><T81/><D129/><U37/><E61/><V43/><F111/><W18/><G34/><T31/><D130/><U125/><E79/><V127/><F127/><N who="1" m="48649" /><E75/><V105/><F105/><W26/><G33/><T23/><D23/><U30/><E30/><V29/><F29/><W38/><G38/><T73/><D73/><U22/><E22/><V128/><F128/><W93/><G26/><T66/><D66/><U58/><E58/><V8/><REACH who="2" step="1"/><F78/><REACH who="2" ten="491,276,158,65" step="2"/><W100/><G104/><T124/><D124/><U95/><E118/><V123/><F123/><W39/><G101/><T59/><D31/><U109/><E116/><V74/><F74/><W57/><G39/><T80/><D59/><U77/><E77/><V55/><F55/><N who="3" m="33855" /><G40/><AGARI ba="1,1" hai="0,2,6,8,9,10,11,14,40,42,43,44,48,52" machi="40" ten="40,2600,0" yaku="1,1,54,1,53,0" doraHai="122" doraHaiUra="76" who="2" fromWho="3" sc="491,0,276,0,158,39,65,-29" />
</Scene>
<Scene>
<INIT seed="5,0,0,3,0,35" ten="491,276,197,36" oya="1" hai0="41,7,14,68,42,123,89,26,12,32,107,46,54" hai1="49,11,6,60,86,70,87,100,113,135,55,13,120" hai2="131,3,30,81,132,4,101,80,96,79,15,118,56" hai3="44,72,40,103,47,129,126,10,94,92,31,50,2"/><U111/><E120/><V93/><F118/><W38/><G129/><T85/><D107/><U29/><E113/><V63/><F131/><W66/><G126/><T34/><D68/><U105/><E135/><V109/><F109/><W16/><G72/><T74/><D74/><U36/><E36/><V112/><F132/><W121/><G121/><T19/><D34/><U125/><E125/><V71/><F71/><W61/><G31/><T134/><D134/><U43/><E29/><V122/><F122/><W58/><G103/><T88/><D89/><U127/><E127/><V110/><F110/><W99/><G99/><T102/><D102/><U77/><E43/><V22/><F112/><W37/><G37/><T39/><D32/><U124/><E111/><V62/><F3/><W97/><G97/><T64/><D64/><U130/><E130/><V57/><F4/><W21/><G10/><N who="0" m="4191" /><D26/><U117/><E117/><V84/><F80/><W95/><G2/><T73/><D73/><U0/><E0/><V106/><F106/><W59/><G59/><N who="2" m="22601" /><F15/><W128/><G128/><T98/><D98/><U75/><E124/><V115/><F115/><W69/><G47/><T78/><D39/><U17/><E6/><V5/><F5/><W18/><REACH who="3" step="1"/><G21/><REACH who="3" ten="491,276,197,26" step="2"/><T9/><D123/><U133/><E100/><V65/><F65/><W28/><G28/><T82/><D9/><U83/><E133/><V76/><F30/><W67/><G67/><T119/><D119/><U8/><E8/><V1/><F1/><W20/><G20/><T104/><D46/><N who="1" m="28087" /><E105/><V114/><F114/><W53/><AGARI ba="0,1" hai="16,18,38,40,44,50,53,58,61,66,69,92,94,95" machi="53" ten="30,12000,2" yaku="1,1,5,1,0,1,24,2,54,1,53,0" doraHai="35" doraHaiUra="108" who="3" fromWho="3" sc="491,-30,276,-60,197,-30,26,130" />
</Scene>
<Scene>
<INIT seed="6,0,0,3,2,116" ten="461,216,167,156" oya="2" hai0="121,26,7,105,14,53,112,37,4,46,86,60,23" hai1="3,92,58,99,57,61,30,125,66,104,19,106,98" hai2="15,128,129,34,83,38,32,113,82,33,22,109,29" hai3="131,40,87,1,126,68,25,91,28,52,62,90,51"/><V118/><F38/><W8/><G131/><N who="2" m="50249" /><F118/><W45/><G126/><T135/><D105/><U133/><E125/><V124/><F124/><W18/><G87/><T110/><D110/><U31/><E133/><V27/><F109/><W41/><G41/><T120/><D135/><U95/><E3/><V21/><F113/><W10/><G10/><T44/><D112/><U71/><E71/><V42/><F42/><W9/><G9/><T76/><D37/><U115/><E115/><V2/><F2/><W132/><G132/><T72/><D72/><U56/><E106/><V78/><F78/><W134/><G134/><T64/><D14/><U63/><E104/><V85/><F85/><W89/><G68/><T36/><D36/><U35/><E35/><N who="2" m="8963" /><V67/><DORA hai="96" /><F67/><W11/><G1/><T24/><D86/><U88/><E58/><V79/><F79/><W48/><G62/><T0/><D0/><U123/><E123/><V59/><F59/><N who="3" m="33159" /><G28/><T47/><D76/><U100/><E19/><AGARI ba="0,0" hai="15,19,21,22,27,29,82,83" m="8963,50249" machi="19" ten="50,2400,0" yaku="19,1" doraHai="116,96" who="2" fromWho="1" sc="461,0,216,-24,167,24,156,0" />
</Scene>
<Scene>
<INIT seed="6,1,0,2,1,106" ten="461,192,191,156" oya="2" hai0="86,105,128,83,64,42,131,108,17,54,115,35,62" hai1="101,88,134,5,29,18,119,82,55,123,25,27,8" hai2="59,70,26,116,76,107,72,118,84,4,3,69,103" hai3="97,47,94,28,95,46,130,121,132,126,7,127,43"/><V75/><F59/><W90/><G121/><T111/><D105/><U114/><E119/><N who="2" m="45611" /><F84/><W2/><G130/><N who="0" m="49707" /><D115/><U92/><E123/><V31/><F76/><W80/><G132/><T99/><D99/><U22/><E114/><V85/><F85/><W58/><G28/><T109/><D35/><U13/><E134/><V122/><F122/><W65/><G46/><T71/><D42/><U61/><E101/><V34/><F103/><W135/><G135/><T66/><D17/><U113/><E113/><V120/><F107/><W78/><G94/><T11/><D11/><U57/><E82/><V48/><F48/><W1/><G58/><N who="0" m="35159" /><D71/><N who="2" m="27146" /><F120/><W50/><G65/><T30/><D30/><U112/><E112/><V63/><F63/><W23/><G23/><T87/><D87/><N who="1" m="52255" /><E27/><V39/><F39/><W38/><G50/><T36/><D36/><U129/><E129/><V74/><F4/><AGARI ba="1,0" hai="4,5,8,13,18,22,25,29,55,57,61" m="52255" machi="4" ten="30,2000,0" yaku="8,1,54,1" doraHai="106" who="1" fromWho="2" sc="461,0,192,23,191,-23,156,0" />
</Scene>
<Scene>
<INIT seed="7,0,0,2,0,43" ten="461,215,168,156" oya="3" hai0="45,129,115,96,0,2,49,89,70,53,11,90,110" hai1="4,72,83,41,9,130,25,87,117,38,39,22,113" hai2="50,65,76,106,93,122,61,101,59,73,103,28,77" hai3="54,21,112,92,7,66,121,42,52,102,35,120,26"/><W10/><G35/><T44/><D110/><U86/><E113/><V24/><F106/><W74/><G74/><T27/><D70/><U105/><E105/><V124/><F124/><W14/><G112/><T123/><D123/><U40/><E40/><V127/><F127/><W78/><G78/><N who="2" m="30313" /><F73/><W84/><G66/><T82/><D129/><U125/><E87/><V95/><F122/><W119/><G119/><T23/><D2/><U116/><E72/><V104/><F104/><W46/><G121/><T13/><D0/><N who="1" m="135" /><E41/><V71/><F71/><W88/><G102/><N who="2" m="38921" /><F50/><N who="3" m="26967" /><G120/><T69/><D45/><U63/><E130/><V107/><F107/><W126/><G126/><T114/><D69/><U18/><E63/><V1/><F1/><W3/><G3/><T30/><D96/><U47/><E47/><V75/><F75/><W51/><G51/><T48/><D49/><U128/><E128/><V91/><F91/><W68/><G68/><T12/><D90/><N who="1" m="51551" /><E125/><V131/><F131/><W108/><G108/><T98/><D98/><U62/><E62/><V132/><F61/><W20/><G20/><T135/><D135/><U58/><E58/><V67/><F132/><W85/><G84/><N who="0" m="50327" /><D13/><U37/><E37/><V133/><F133/><W55/><G55/><T5/><D114/><U16/><E39/><V79/><F79/><W64/><G64/><N who="2" m="24649" /><F59/><W97/><G97/><T134/><D134/><U94/><E38/><V57/><F57/><W109/><G109/><T118/><D115/><U32/><E32/><V99/><F99/><W60/><G60/><T56/><D118/><N who="1" m="45675" /><E94/><V19/><F95/><RYUUKYOKU ba="0,0" sc="461,10,215,10,168,-30,156,10" hai0="5,11,12,23,27,30,44,48,53,56" hai1="16,18,22,25" hai3="7,10,14,21,26,52,54,85,88,92" />
</Scene>
<Scene>
<INIT seed="7,1,0,3,2,101" ten="471,225,138,166" oya="3" hai0="11,78,106,127,38,120,66,100,30,36,67,22,20" hai1="129,105,80,133,109,88,24,94,97,31,61,83,93" hai2="39,21,84,69,87,73,123,132,72,32,6,130,55" hai3="0,5,52,76,96,112,62,29,99,44,98,107,91"/><W63/><G112/><T71/><D120/><U113/><E109/><V86/><F32/><W79/><G107/><T45/><D78/><N who="3" m="29737" /><G0/><T4/><D127/><U48/><E105/><V8/><F39/><W50/><G5/><T126/><D126/><U118/><E113/><V102/><F69/><W37/><G37/><T135/><D135/><U3/><E3/><V2/><F132/><W54/><G29/><T59/><D71/><U12/><E133/><V75/><F123/><W43/><G91/><T128/><D128/><U25/><E129/><V34/><F34/><W90/><G90/><T47/><D38/><U23/><E25/><V42/><F130/><W40/><G54/><T122/><D122/><U33/><E118/><V17/><F42/><AGARI ba="1,0" hai="40,42,43,44,50,52,62,63,96,98,99" m="29737" machi="42" ten="30,2900,0" yaku="8,1,54,1" doraHai="101" who="3" fromWho="2" sc="471,0,225,0,138,-32,166,32" />
</Scene>
<Scene>
<INIT seed="7,2,0,1,1,3" ten="471,225,106,198" oya="3" hai0="28,74,73,49,105,6,91,93,116,107,22,34,29" hai1="99,54,53,131,25,97,39,0,114,43,33,48,117" hai2="94,7,100,41,61,92,27,2,52,127,66,128,57" hai3="8,90,104,37,40,35,62,123,134,78,101,72,135"/><W125/><G123/><T129/><D116/><U59/><E0/><V130/><F41/><W12/><G35/><T36/><D36/><U44/><E25/><V63/><F127/><W133/><G125/><T20/><D129/><U68/><E97/><V76/><F76/><W124/><G124/><T14/><D73/><U113/><E99/><V60/><F27/><W87/><G101/><T46/><D74/><U120/><E33/><V45/><F45/><N who="3" m="23695" /><G104/><T1/><D34/><U9/><E39/><V106/><F106/><W42/><G42/><N who="0" m="24791" /><D1/><U16/><E43/><V4/><F2/><W102/><G102/><T11/><D105/><U111/><E44/><V119/><F119/><W26/><G26/><T21/><D107/><U5/><E68/><V121/><F121/><W71/><G78/><T15/><D15/><U18/><E54/><V32/><F32/><W95/><G72/><T103/><D103/><U64/><E53/><V10/><F10/><W118/><G118/><T115/><D115/><U85/><E9/><V112/><F112/><W70/><G62/><N who="2" m="24169" /><F66/><W81/><G81/><T38/><D38/><U47/><E64/><V80/><F80/><W23/><G23/><T67/><D67/><U77/><E117/><V122/><F122/><W98/><G98/><AGARI ba="2,0" hai="6,11,14,20,21,22,28,29,91,93,98" m="24791" machi="98" ten="30,2000,0" yaku="8,1,52,1" doraHai="3" who="0" fromWho="3" sc="471,26,225,0,106,0,198,-26" owari="497,59.0,225,3.0,106,-39.0,172,-23.0" />
</Scene>
</mjloggm>