<mjloggm ver="2.3"><GO type="169" lobby="0"/><UN n0="%E4%B8%96%E3%82%92%E7%9B%B4%E3%81%99%E8%80%85" n1="%E3%81%99%E3%81%BF%E3%82%84%E3%81%AB" n2="%E3%83%AA%E3%83%AA%E3%82%A2%E3%83%BC%E3%83%8C" n3="%E5%A4%AA%E3%81%8F%E3%81%AA%E3%81%84%E3%81%8A" dan="16,17,18,19" rate="2041.52,2202.92,2228.18,2285.98" sx="M,M,F,F"/><TAIKYOKU oya="0"/>

<Scene>
<INIT seed="0,0,0,2,5,63" ten="250,250,250,250" oya="0" hai0="100,61,35,22,62,67,86,96,107,116,66,70,134" hai1="77,44,30,49,7,128,9,133,26,95,75,121,117" hai2="4,12,6,82,131,56,73,113,71,110,15,8,79" hai3="42,135,88,132,33,90,115,65,104,120,103,111,52"/><T94/><D35/><U48/><E117/><V130/><F71/><W99/><G115/><T19/><D116/><U57/><E121/><V97/><F113/><W109/><G33/><T129/><D129/><N who="2" m="49162" /><F110/><N who="3" m="41995" /><G42/><T47/><D47/><U45/><E128/><V106/><F56/><W80/><G120/><T51/><D51/><U23/><E133/><N who="3" m="51274" /><G65/><T17/><D134/><U3/><E75/><V72/><F72/><W119/><G119/><T25/><D86/><U50/><E77/><V53/><F53/><W85/><G52/><T36/><D36/><U20/><E57/><V54/><F54/><W39/><G39/><T37/><D37/><U127/><E45/><V1/><F6/><W87/><G87/><T55/><D55/><U68/><E44/><V122/><F122/><W118/><G118/><T123/><D123/><U105/><E68/><V92/><F106/><W108/><G108/><T64/><D70/><U101/><E105/><V93/><F93/><W34/><G34/><T32/><D32/><U114/><E114/><V21/><F21/><W10/><G10/><T41/><D41/><U74/><E23/><V40/><F40/><W11/><G11/><T5/><D5/><U60/><E74/><V58/><F58/><W69/><G69/><T38/><D38/><U28/><E50/><V46/><F46/><W98/><G98/><N who="0" m="61847" /><D19/><U2/><E49/><V89/><AGARI ba="0,0" hai="1,4,8,12,15,73,79,82,89,92,97" m="49162" machi="89" ten="30,1100,0" yaku="19,1" doraHai="63" who="2" fromWho="2" sc="250,-5,250,-3,250,11,250,-3" />
</Scene>
<Scene>
<INIT seed="1,0,0,0,1,5" ten="245,247,261,247" oya="1" hai0="32,22,125,10,91,58,6,131,88,117,53,135,55" hai1="80,19,133,49,109,18,119,95,116,87,42,111,103" hai2="89,106,2,75,39,86,67,92,93,71,23,0,13" hai3="77,34,41,81,60,110,11,96,66,84,69,102,8"/><U94/><E133/><V64/><F106/><W118/><G110/><N who="1" m="41994" /><E42/><V68/><F39/><W1/><G1/><T126/><D32/><U21/><E49/><V76/><F75/><W51/><G118/><N who="1" m="45098" /><E103/><V29/><F76/><W99/><G34/><T44/><D117/><U123/><E123/><V45/><F45/><W35/><G35/><T28/><D135/><U79/><E19/><V40/><F40/><W17/><G17/><T83/><D44/><U37/><E37/><V85/><F89/><W25/><G41/><T38/><D38/><U82/><E82/><V121/><F29/><W47/><G51/><T15/><D83/><U105/><E105/><V14/><F23/><W127/><G47/><T112/><D126/><U122/><E122/><AGARI ba="0,0" hai="0,2,13,14,64,67,68,71,85,86,92,93,121,122" machi="122" ten="25,1600,0" yaku="22,2" doraHai="5" who="2" fromWho="1" sc="245,0,247,-16,261,16,247,0" />
</Scene>
<Scene>
<INIT seed="2,0,0,1,1,101" ten="245,231,277,247" oya="2" hai0="26,94,15,113,22,53,16,9,14,102,100,49,27" hai1="48,4,109,106,75,52,54,61,122,97,42,5,37" hai2="123,62,118,128,114,130,81,120,30,71,83,88,91" hai3="112,126,110,50,34,135,73,131,68,57,55,105,40"/><V7/><F7/><W0/><G57/><T32/><D113/><U2/><E75/><V19/><F19/><W69/><G50/><T28/><D94/><U99/><E109/><V107/><F30/><W133/><G55/><T39/><D39/><U111/><E111/><V82/><F71/><W59/><G59/><T29/><REACH who="0" step="1"/><D15/><REACH who="0" ten="235,231,277,247" step="2"/><U129/><E37/><V115/><F118/><W125/><G135/><T60/><D60/><U78/><E61/><V66/><F62/><W63/><G63/><T108/><D108/><U93/><E93/><V116/><F116/><W132/><G133/><T95/><D95/><U119/><E119/><V74/><F66/><W17/><G132/><T76/><D76/><U13/><E78/><V124/><F82/><W21/><G110/><T58/><AGARI ba="0,1" hai="9,14,16,22,26,27,28,29,32,49,53,58,100,102" machi="58" ten="20,5200,0" yaku="1,1,0,1,7,1,54,1,53,0" doraHai="101" doraHaiUra="117" who="0" fromWho="0" sc="235,62,231,-13,277,-26,247,-13" />
</Scene>
<Scene>
<INIT seed="3,0,0,5,1,61" ten="297,218,251,234" oya="3" hai0="74,71,21,2,78,17,134,114,35,112,70,11,16" hai1="110,48,49,117,14,19,47,13,87,133,130,9,100" hai2="62,89,51,38,20,1,128,63,84,91,123,99,42" hai3="52,66,102,125,132,93,131,34,39,124,106,18,94"/><W25/><G39/><T88/><D35/><U68/><E110/><V58/><F1/><W36/><G36/><T126/><D78/><U6/><E130/><V101/><F128/><W107/><G131/><T31/><D74/><U53/><E133/><V40/><F123/><W43/><G43/><T12/><D2/><U86/><E117/><V122/><F122/><W46/><G132/><T33/><D134/><U64/><E100/><V37/><F51/><N who="3" m="28791" /><G18/><T10/><D126/><N who="3" m="48745" /><G102/><T3/><D17/><U73/><E73/><V5/><F101/><W121/><G121/><T81/><D114/><U113/><E113/><V111/><F111/><W92/><G66/><T104/><D112/><U97/><E64/><V69/><F42/><W108/><G108/><T24/><D104/><U57/><E68/><V67/><F40/><W27/><G27/><T41/><D41/><N who="1" m="24687" /><E97/><V22/><F99/><W23/><G23/><AGARI ba="0,0" hai="6,9,13,14,19,23,49,53,57,86,87" m="24687" machi="23" ten="30,1000,0" yaku="8,1" doraHai="61" who="1" fromWho="3" sc="297,0,218,10,251,0,234,-10" />
</Scene>
<Scene>
<INIT seed="4,0,0,2,0,23" ten="297,228,251,224" oya="0" hai0="109,40,71,79,70,99,81,15,63,135,96,13,35" hai1="33,1,90,124,108,100,134,59,20,116,73,106,49" hai2="52,48,66,102,113,55,60,80,42,7,5,53,57" hai3="123,19,46,130,61,83,6,3,9,0,26,97,117"/><T103/><D135/><U39/><RYUUKYOKU type="yao9" ba="0,0" sc="297,0,228,0,251,0,224,0" hai1="1,20,33,39,49,59,73,90,100,106,108,116,124,134" />
</Scene>
<Scene>
<INIT seed="4,1,0,4,4,35" ten="297,228,251,224" oya="0" hai0="69,130,50,39,111,75,3,18,97,83,81,108,126" hai1="85,55,105,23,4,121,51,47,106,133,27,72,94" hai2="117,59,7,26,52,135,78,99,28,37,12,8,1" hai3="66,92,127,56,103,77,110,15,64,6,91,102,70"/><T112/><D39/><U118/><E72/><V13/><F37/><W96/><G70/><T22/><D69/><U67/><E118/><V9/><F117/><W116/><G116/><T93/><D50/><U49/><E121/><V16/><F135/><W76/><G110/><N who="0" m="42027" /><D22/><U107/><E133/><V88/><F78/><N who="3" m="30315" /><G127/><T104/><D18/><U42/><E67/><N who="3" m="25642" /><G56/><T131/><D126/><U120/><E120/><V57/><F1/><W36/><G36/><T24/><D24/><U73/><E73/><V43/><F43/><W84/><G84/><T90/><D3/><U34/><E34/><V80/><F52/><W86/><G86/><T40/><D40/><U122/><E122/><V14/><F14/><W65/><G65/><T25/><D25/><U61/><E27/><V10/><F10/><AGARI ba="1,0" hai="6,10,15,91,92,96,102,103" m="25642,30315" machi="10" ten="30,1000,0" yaku="8,1" doraHai="35" who="3" fromWho="2" sc="297,0,228,0,251,-13,224,13" />
</Scene>
<Scene>
<INIT seed="5,0,0,0,0,18" ten="297,228,238,237" oya="1" hai0="67,129,77,101,14,82,134,10,99,65,116,11,105" hai1="26,72,111,9,24,92,49,87,98,74,0,52,95" hai2="63,15,91,53,38,64,36,132,58,61,127,108,66" hai3="90,104,6,120,44,54,13,69,41,75,83,32,118"/><U123/><E123/><V33/><F33/><W112/><G69/><T8/><D116/><U125/><E125/><V93/><F127/><W20/><G32/><T3/><D129/><U55/><E55/><V29/><F108/><W110/><G104/><T12/><D134/><U106/><E106/><V46/><F29/><W19/><G110/><T42/><D3/><U80/><E74/><V79/><F79/><W7/><G120/><T60/><D42/><U102/><E72/><V122/><F122/><W94/><G112/><T113/><D113/><U37/><E37/><N who="2" m="14443" /><F15/><W5/><G118/><T21/><D21/><U89/><E111/><V84/><F84/><W88/><G54/><T25/><D25/><U107/><E107/><V40/><F93/><W4/><G4/><T30/><D30/><U86/><E9/><V85/><F85/><N who="3" m="50239" /><G75/><T34/><D34/><U73/><E73/><V71/><F91/><W128/><G128/><T130/><D130/><U57/><E0/><V56/><F132/><W22/><G19/><T59/><D67/><U133/><E133/><V124/><F124/><W28/><G13/><T76/><D14/><U126/><REACH who="1" step="1"/><E126/><REACH who="1" ten="297,218,238,237" step="2"/><V96/><F53/><W131/><G131/><T109/><D109/><U16/><E16/><V35/><F71/><W39/><G28/><T2/><D2/><U47/><E47/><V70/><F70/><W51/><G39/><T43/><D105/><U103/><E103/><V121/><F121/><W1/><G1/><T97/><D101/><U27/><E27/><V68/><F68/><W117/><G117/><T100/><D100/><RYUUKYOKU ba="0,1" sc="297,-15,218,15,238,-15,237,15" hai1="24,26,49,52,57,80,86,87,89,92,95,98,102" hai3="5,6,7,20,22,41,44,51,90,94" />
</Scene>
<Scene>
<INIT seed="5,1,1,2,0,87" ten="282,233,223,252" oya="1" hai0="95,49,124,115,125,97,13,118,3,117,69,83,47" hai1="89,10,43,98,122,8,23,28,77,2,21,52,99" hai2="92,85,6,24,12,38,70,55,121,103,107,57,15" hai3="39,54,110,27,71,9,131,14,112,132,104,105,60"/><U51/><E122/><V0/><F121/><W84/><G110/><T17/><D83/><U82/><E43/><V123/><F123/><W113/><G39/><T119/><D69/><U78/><E2/><V75/><F75/><W59/><G131/><T65/><D65/><U46/><E99/><V61/><F38/><W134/><G71/><T76/><D76/><U94/><E23/><V66/><F107/><N who="3" m="41035" /><G27/><T62/><D62/><U101/><E101/><V44/><F44/><W58/><G58/><T96/><D3/><U4/><E4/><V126/><F126/><N who="0" m="48746" /><D115/><N who="3" m="44105" /><G84/><T19/><D13/><U53/><E53/><V74/><F74/><W48/><G60/><T16/><D95/><U45/><E45/><V129/><F129/><W130/><G130/><T41/><AGARI ba="1,1" hai="16,17,19,41,47,49,96,97,117,118,119" m="48746" machi="41" ten="40,2700,0" yaku="18,1,54,1" doraHai="87" who="0" fromWho="0" sc="282,40,233,-14,223,-8,252,-8" />
</Scene>
<Scene>
<INIT seed="6,0,0,4,5,135" ten="322,219,215,244" oya="2" hai0="120,123,32,109,91,83,13,133,38,98,51,18,20" hai1="126,110,128,39,56,14,12,106,27,104,44,64,97" hai2="7,70,68,69,55,31,121,50,52,62,84,34,40" hai3="29,79,72,78,11,46,43,116,80,76,45,100,112"/><V132/><F132/><W85/><G116/><T17/><D38/><U101/><E110/><V125/><F121/><W10/><G29/><T67/><D32/><U42/><E106/><V131/><F131/><W114/><G100/><T99/><D133/><U102/><E102/><V90/><F7/><W33/><G33/><T73/><D109/><U77/><E128/><V89/><F125/><W1/><G46/><T57/><D73/><U60/><E126/><V119/><F119/><W9/><G1/><T88/><D67/><U107/><E107/><V105/><F105/><W71/><G71/><T134/><D57/><U6/><E6/><V86/><F40/><W24/><G24/><T81/><D51/><U82/><REACH who="1" step="1"/><E27/><REACH who="1" ten="322,209,215,244" step="2"/><V26/><F62/><W127/><G127/><T3/><D134/><U124/><E124/><V8/><F8/><W5/><G5/><T63/><D63/><U30/><E30/><V58/><REACH who="2" step="1"/><F55/><REACH who="2" ten="322,209,205,244" step="2"/><W96/><G9/><T94/><D123/><U48/><E48/><V36/><F36/><W93/><G10/><T0/><D120/><U108/><E108/><V117/><F117/><W16/><G11/><T75/><D0/><U130/><E130/><V113/><F113/><W118/><G118/><T19/><D3/><U74/><AGARI ba="0,2" hai="12,14,39,42,44,56,60,64,74,77,82,97,101,104" machi="74" ten="20,2700,0" yaku="1,1,0,1,7,1,53,0" doraHai="135" doraHaiUra="2" who="1" fromWho="1" sc="322,-7,209,47,205,-13,244,-7" />
</Scene>
<Scene>
<INIT seed="7,0,0,2,1,0" ten="315,256,192,237" oya="3" hai0="2,78,8,92,124,84,103,42,53,108,3,19,86" hai1="55,60,62,87,70,26,111,67,95,80,43,121,102" hai2="52,27,37,10,119,76,68,51,12,21,122,74,105" hai3="110,123,107,36,132,91,24,61,133,47,5,100,112"/><W31/><G123/><T134/><D108/><U4/><E121/><V93/><F105/><W71/><G110/><T59/><D42/><U9/><E111/><V14/><F122/><W129/><G112/><T18/><D134/><N who="3" m="51817" /><G129/><T82/><D124/><U135/><E135/><V22/><F119/><W66/><G91/><T117/><D117/><U89/><E43/><V63/><F37/><W116/><G116/><T48/><D3/><U57/><E26/><V127/><F127/><W125/><G125/><T83/><D2/><U50/><E62/><V35/><F35/><N who="3" m="20967" /><G47/><T115/><D115/><U30/><E30/><V97/><F74/><W96/><G36/><T64/><D64/><U88/><E102/><V98/><F76/><W109/><G109/><T65/><D65/><U33/><E33/><V130/><F130/><W45/><G45/><T49/><D103/><U25/><E25/><V75/><F75/><W44/><G44/><T120/><D120/><U104/><E104/><V28/><F68/><N who="3" m="42063" /><G5/><T77/><D77/><U69/><E69/><AGARI ba="0,0" hai="69,71,96,100,107" m="42063,20967,51817" machi="69" ten="30,5800,0" yaku="25,1,20,1,23,1" doraHai="0" who="3" fromWho="1" sc="315,0,256,-58,192,0,237,58" />
</Scene>
<Scene>
<INIT seed="7,1,0,4,4,18" ten="315,198,192,295" oya="3" hai0="117,34,48,80,40,71,55,130,59,53,127,68,16" hai1="31,79,64,133,107,56,72,12,99,52,66,85,83" hai2="108,57,10,104,1,5,111,26,112,101,132,94,43" hai3="70,77,86,88,17,28,21,91,98,7,45,119,76"/><W11/><G70/><N who="0" m="26667" /><D16/><U89/><E133/><V33/><F132/><W84/><G28/><T8/><D8/><U118/><E118/><V123/><F123/><W124/><G124/><T109/><D80/><U87/><E31/><N who="2" m="19703" /><F94/><N who="3" m="56647" /><G119/><T60/><D34/><U44/><E44/><V47/><F57/><W46/><G11/><T39/><D117/><U32/><E32/><V106/><F112/><W38/><G7/><T23/><D23/><U27/><E27/><V42/><F42/><W113/><G113/><T75/><D75/><U74/><E74/><V115/><F115/><W121/><G121/><T131/><D127/><U96/><E72/><V36/><F101/><W30/><G30/><T58/><D109/><AGARI ba="1,0" hai="1,5,10,36,43,47,104,106,108,109,111" m="19703" machi="109" ten="30,1000,0" yaku="23,1" doraHai="18" who="2" fromWho="0" sc="315,-13,198,0,192,13,295,0" owari="302,39.0,198,-30.0,205,-19.0,295,10.0" />
</Scene>
</mjloggm>