<mjloggm ver="2.3"><GO type="169" lobby="0"/><UN n0="%E3%82%83%E3%82%87%E3%81%83" n1="%E5%A4%AA%E3%81%8F%E3%81%AA%E3%81%84%E3%81%8A" n2="%64%64%6D%75" n3="%73%61%69%72%61%73%75" dan="16,19,16,17" rate="2016.01,2283.90,2095.57,2195.85" sx="M,F,M,M"/><TAIKYOKU oya="0"/>

<Scene>
<INIT seed="0,0,0,1,3,59" ten="250,250,250,250" oya="0" hai0="101,79,99,45,81,70,88,122,83,22,51,127,93" hai1="94,80,9,120,131,130,98,15,53,91,97,6,118" hai2="16,125,104,117,25,96,110,109,135,27,77,128,133" hai3="3,132,134,8,46,84,17,30,47,50,32,29,38"/><T1/><D122/><U0/><E120/><V121/><F77/><W34/><G38/><T5/><D70/><U105/><E118/><V43/><F121/><W18/><G84/><T85/><D127/><U60/><E80/><V82/><F82/><W116/><G50/><T57/><D57/><N who="1" m="34863" /><E0/><V21/><F43/><W40/><G40/><T86/><D22/><U64/><E64/><V100/><F117/><W55/><G55/><T58/><D58/><U103/><E105/><V37/><F37/><W112/><G112/><T87/><D1/><U41/><E41/><V124/><F27/><W28/><G47/><T72/><D5/><U20/><E20/><V108/><F128/><N who="1" m="49193" /><E98/><V92/><REACH who="2" step="1"/><F104/><REACH who="2" ten="250,250,240,250" step="2"/><W114/><G116/><T13/><REACH who="0" step="1"/><D13/><REACH who="0" ten="240,250,240,250" step="2"/><U12/><E15/><V69/><F69/><W78/><G3/><T89/><D89/><AGARI ba="0,2" hai="6,9,12,89,91,94,97,103" m="49193,34863" machi="89" ten="30,2000,0" yaku="19,1,52,1" doraHai="59" who="1" fromWho="0" sc="240,-20,250,40,240,0,250,0" />
</Scene>
<Scene>
<INIT seed="1,0,0,3,0,87" ten="220,290,240,250" oya="1" hai0="94,83,47,135,113,104,116,12,70,118,21,109,110" hai1="45,119,134,40,74,82,62,16,9,120,5,7,97" hai2="6,130,95,17,4,68,91,76,121,99,3,73,29" hai3="56,19,22,48,66,114,69,100,8,65,77,20,103"/><U57/><E119/><V90/><F121/><W51/><G114/><T11/><D113/><U131/><E120/><V54/><F29/><W34/><G34/><T124/><D104/><U101/><E131/><V79/><F130/><W108/><G69/><T2/><D2/><U125/><E125/><V15/><F3/><W112/><G77/><N who="2" m="29769" /><F68/><W107/><G107/><T72/><D72/><U117/><E117/><V111/><F111/><W18/><G108/><T42/><D70/><U58/><E82/><V123/><F73/><W27/><G8/><T89/><D83/><U13/><E74/><V129/><F129/><W80/><G80/><T26/><D124/><U41/><E134/><V28/><F28/><W37/><G37/><T25/><D135/><U24/><E24/><V44/><F123/><W81/><G81/><T78/><D25/><U61/><E57/><V53/><F44/><W49/><G112/><T75/><D75/><U14/><E45/><V39/><F39/><W128/><G128/><T23/><D78/><U59/><E101/><N who="3" m="38986" /><G56/><T31/><D110/><U122/><E122/><V98/><F4/><W102/><N who="3" m="38994" /><W132/><DORA hai="0" /><G132/><T55/><D109/><U86/><E5/><V63/><F6/><W67/><G27/><T92/><D26/><U30/><E58/><V50/><F95/><W96/><G96/><N who="2" m="36905" /><F63/><W71/><G71/><T127/><D31/><U88/><E30/><V10/><F50/><W106/><G106/><T64/><D118/><U85/><E61/><V46/><F46/><W33/><G33/><T60/><D116/><U38/><E62/><RYUUKYOKU ba="0,0" sc="220,-15,290,-15,240,15,250,15" hai2="10,15,17,53,54,90,91" hai3="18,19,20,22,48,49,51,65,66,67" />
</Scene>
<Scene>
<INIT seed="2,1,0,0,4,123" ten="205,275,255,265" oya="2" hai0="22,85,18,81,31,66,46,132,23,10,87,108,101" hai1="86,121,109,39,127,118,54,111,75,35,70,5,47" hai2="77,110,130,33,82,48,102,68,8,50,112,25,28" hai3="9,135,12,76,113,21,20,7,2,71,0,93,6"/><V104/><F112/><W120/><G71/><T3/><D101/><U117/><E75/><V59/><F68/><W4/><G76/><T27/><D66/><U11/><E35/><V42/><F130/><W13/><G93/><T122/><D122/><U94/><E121/><V41/><F8/><N who="3" m="4127" /><G120/><T106/><D106/><U129/><E70/><V131/><F131/><W38/><G38/><T43/><D132/><U116/><E129/><V37/><F37/><W124/><G124/><T105/><D105/><U78/><E127/><V15/><F15/><N who="3" m="5543" /><G135/><T65/><D65/><U95/><E78/><V73/><F102/><W56/><G56/><T58/><D58/><U103/><E86/><V62/><F104/><W83/><G83/><T89/><D85/><U74/><E74/><V14/><F42/><W26/><G113/><T98/><D98/><U99/><E95/><V119/><F41/><W36/><G36/><T115/><D115/><U91/><E103/><V45/><F45/><W134/><G134/><T72/><D72/><U128/><E128/><V60/><F59/><W55/><G55/><T30/><D46/><U57/><E39/><V1/><F82/><W67/><G67/><T34/><D43/><U63/><REACH who="1" step="1"/><E47/><REACH who="1" ten="205,265,255,265" step="2"/><V84/><F77/><W44/><G44/><T100/><D100/><U64/><E64/><V97/><F73/><W24/><G6/><T80/><D87/><U53/><E53/><V51/><F84/><W133/><G133/><T61/><D81/><U16/><E16/><V125/><F125/><W19/><G20/><N who="0" m="15719" /><D80/><U90/><E90/><V49/><F33/><RYUUKYOKU ba="1,1" sc="205,-15,265,15,255,-15,265,15" hai1="5,11,54,57,63,91,94,99,109,111,116,117,118" hai3="0,2,13,19,21,24,26" />
</Scene>
<Scene>
<INIT seed="3,2,1,1,1,67" ten="190,280,240,280" oya="3" hai0="57,22,95,126,34,85,105,29,52,6,14,9,130" hai1="49,89,109,108,127,10,77,17,51,4,99,0,62" hai2="71,104,114,35,107,44,36,122,2,50,129,112,42" hai3="90,55,133,118,111,54,128,3,123,115,98,120,116"/><W87/><G3/><T66/><D105/><N who="2" m="40522" /><F50/><W119/><G98/><T19/><D130/><U7/><E127/><V92/><F92/><W124/><G124/><T73/><D73/><U117/><E117/><V101/><F101/><W75/><G128/><T37/><D37/><U69/><E77/><V63/><F129/><W56/><G133/><T24/><D66/><N who="1" m="41175" /><E7/><V23/><F23/><W94/><G75/><T134/><D134/><U113/><E113/><V53/><F53/><W91/><G115/><T131/><D131/><U11/><E89/><V16/><F16/><W102/><G102/><T43/><D43/><U30/><E30/><V32/><F2/><W88/><G111/><N who="1" m="42570" /><E99/><V59/><F122/><W110/><G110/><T40/><D40/><U76/><E76/><V74/><F74/><W1/><G1/><N who="0" m="207" /><D126/><U39/><E39/><V106/><F106/><W25/><G91/><N who="0" m="53743" /><D57/><U125/><E125/><V21/><F59/><W68/><G68/><T135/><D135/><U103/><E103/><V84/><F112/><W132/><G132/><T60/><D60/><U41/><E41/><V97/><F63/><N who="3" m="36247" /><G55/><AGARI ba="2,1" hai="14,19,22,24,29,34,52,55" m="53743,207" machi="55" ten="30,2000,0" yaku="24,1,54,1" doraHai="67" who="0" fromWho="3" sc="190,36,280,0,240,0,280,-26" />
</Scene>
<Scene>
<INIT seed="4,0,0,0,5,23" ten="226,280,240,254" oya="0" hai0="34,73,26,50,21,59,97,77,83,107,118,124,128" hai1="76,72,114,116,68,3,48,125,92,47,101,31,14" hai2="10,69,109,106,36,62,113,42,32,100,103,45,111" hai3="0,95,38,84,15,75,25,18,5,110,88,57,96"/><T122/><D118/><U117/><E3/><V82/><F103/><W41/><G110/><T89/><D122/><U7/><E68/><V81/><F10/><W24/><G75/><T94/><D34/><U33/><E125/><V127/><F127/><W93/><G0/><T17/><D124/><U90/><E101/><V22/><F22/><N who="3" m="11615" /><G38/><T56/><D128/><U12/><E76/><V60/><F113/><W30/><G30/><T98/><D107/><U11/><E72/><V53/><F60/><W20/><G20/><T2/><D2/><U71/><E71/><V123/><F123/><W120/><G120/><T105/><D105/><U54/><E14/><V74/><F74/><W52/><G41/><T35/><D35/><U63/><E63/><V70/><F32/><W134/><G134/><T39/><D39/><U126/><E126/><V132/><F132/><W9/><G9/><T133/><D133/><U130/><E130/><V86/><F70/><W4/><G4/><T49/><REACH who="0" step="1"/><D98/><REACH who="0" ten="216,280,240,254" step="2"/><U64/><E114/><V28/><F36/><W40/><G5/><T13/><D13/><U44/><E117/><V104/><F106/><W1/><G1/><T135/><D135/><U37/><E116/><V79/><F104/><W61/><G40/><T27/><D27/><U102/><E37/><V65/><F111/><W80/><G95/><T121/><D121/><U58/><E33/><V51/><F109/><W112/><G112/><T115/><D115/><U46/><E7/><V87/><F82/><W85/><G96/><T129/><D129/><U131/><E131/><V108/><F108/><RYUUKYOKU ba="0,1" sc="216,15,280,-15,240,-15,254,15" hai0="17,21,26,49,50,56,59,73,77,83,89,94,97" hai3="24,25,52,57,61,80,84,85,88,93" />
</Scene>
<Scene>
<INIT seed="4,1,1,5,4,100" ten="231,265,225,269" oya="0" hai0="57,46,72,2,123,130,41,109,52,74,49,22,135" hai1="117,77,20,99,129,80,43,88,90,116,104,1,112" hai2="107,98,33,133,82,73,113,63,118,126,105,79,67" hai3="61,119,66,13,42,12,24,35,17,122,15,16,10"/><T14/><D123/><U59/><E1/><V18/><F113/><W68/><G119/><N who="1" m="45642" /><E20/><V60/><F118/><W93/><G122/><T75/><D2/><U91/><E59/><V131/><F60/><W111/><G111/><T69/><D69/><U8/><E8/><V70/><F126/><W127/><G127/><T128/><D135/><U28/><E28/><V65/><F65/><W124/><G124/><T38/><REACH who="0" step="1"/><D109/><REACH who="0" ten="221,265,225,269" step="2"/><U54/><E112/><V30/><F133/><W106/><G68/><T50/><D50/><U71/><E71/><V97/><F131/><W53/><G61/><T29/><D29/><U87/><E43/><V19/><F30/><W76/><G42/><T27/><D27/><U84/><E54/><V85/><F70/><W110/><G24/><T32/><D32/><U64/><E64/><V0/><F33/><W44/><G35/><T134/><D134/><U48/><E48/><V103/><F0/><W23/><G66/><T89/><D89/><U115/><E115/><V37/><F67/><W78/><G110/><T3/><D3/><U92/><E129/><V95/><F37/><W9/><G53/><T58/><D58/><U102/><AGARI ba="1,2" hai="77,80,84,87,88,90,91,92,99,102,104" m="45642" machi="102" ten="30,7900,0" yaku="34,2,52,1,54,1" doraHai="100" who="1" fromWho="1" sc="221,-40,265,102,225,-21,269,-21" />
</Scene>
<Scene>
<INIT seed="5,0,0,1,1,83" ten="181,367,204,248" oya="1" hai0="73,120,79,85,20,110,26,14,46,55,45,3,38" hai1="92,125,53,28,12,4,64,119,69,40,22,117,66" hai2="67,128,37,6,70,80,25,1,113,115,2,101,104" hai3="54,134,86,126,122,123,130,109,100,84,16,32,50"/><U116/><E125/><V77/><F37/><W135/><G109/><T23/><D110/><U121/><E121/><V96/><F128/><W82/><G32/><T78/><D3/><U21/><E40/><V9/><F25/><W47/><G100/><T24/><D73/><U58/><E69/><V56/><F56/><W124/><G130/><T95/><D120/><N who="3" m="46121" /><G16/><T18/><D14/><U39/><E39/><V34/><F34/><W13/><G13/><T61/><D38/><U63/><E92/><V41/><F41/><W42/><G42/><T118/><D118/><U106/><E106/><V0/><F113/><W31/><G31/><T88/><D46/><U99/><E99/><V71/><F115/><W111/><G111/><T52/><D61/><U59/><E28/><V133/><F133/><N who="3" m="50699" /><G82/><T76/><D45/><U72/><E21/><V112/><F112/><W35/><G35/><T8/><D8/><U29/><E29/><AGARI ba="0,0" hai="18,20,23,24,26,29,52,55,76,78,79,85,88,95" machi="29" ten="40,8000,1" yaku="8,1,52,1,54,2" doraHai="83" who="0" fromWho="1" sc="181,80,367,-80,204,0,248,0" />
</Scene>
<Scene>
<INIT seed="6,0,0,5,0,22" ten="261,287,204,248" oya="2" hai0="81,54,34,101,31,5,6,39,125,91,55,3,78" hai1="44,99,56,80,43,97,19,49,129,118,23,73,7" hai2="20,114,104,115,116,64,17,21,94,24,113,88,130" hai3="112,15,86,93,119,51,27,135,37,25,111,85,47"/><V16/><F116/><W122/><G111/><T40/><D101/><U38/><E118/><V74/><F130/><W9/><G122/><T87/><D125/><U131/><E7/><V50/><F104/><W68/><G68/><T95/><D31/><U109/><E109/><V108/><F108/><W58/><G119/><T53/><D34/><U84/><E73/><V46/><F64/><W83/><G37/><T100/><D100/><U30/><E30/><N who="2" m="17671" /><F74/><W28/><G28/><T59/><D3/><U98/><E56/><V132/><F21/><W14/><G58/><T18/><D18/><U2/><E2/><V71/><F132/><W75/><G112/><T102/><D102/><U52/><E38/><V96/><F71/><W82/><G93/><T120/><D120/><U42/><E131/><V63/><F63/><W69/><G75/><T33/><D33/><U10/><E10/><V134/><F134/><W8/><G135/><T1/><D1/><U133/><E129/><V105/><F105/><W79/><G69/><T35/><D35/><U126/><E126/><V123/><F123/><W106/><G106/><T121/><D121/><U128/><E128/><V29/><F29/><W12/><G9/><T103/><D59/><U110/><E110/><V77/><F77/><N who="3" m="46287" /><G8/><T26/><D78/><N who="1" m="46103" /><E133/><V92/><F92/><W4/><G4/><T60/><D39/><U117/><E117/><V62/><F62/><W124/><G124/><T45/><D6/><U36/><E36/><V70/><F70/><W11/><G11/><T127/><D127/><U89/><E89/><V32/><F32/><RYUUKYOKU ba="0,0" sc="261,-30,287,10,204,10,248,10" hai1="19,23,42,43,44,49,52,97,98,99" hai2="16,17,46,50,88,94,96,113,114,115" hai3="12,14,15,25,27,47,51,79,83,86" />
</Scene>
<Scene>
<INIT seed="6,1,0,2,4,106" ten="231,297,214,258" oya="2" hai0="17,126,115,51,98,28,72,33,66,11,55,79,24" hai1="101,20,32,100,132,91,63,95,68,37,26,129,14" hai2="83,99,9,73,116,123,86,2,56,82,62,117,128" hai3="6,50,45,3,133,47,76,78,124,60,135,94,58"/><V18/><F123/><W70/><G124/><T7/><D66/><U39/><E32/><V5/><F128/><W103/><G70/><T13/><D126/><U65/><E129/><V131/><F131/><W112/><G112/><T16/><D115/><U19/><E132/><N who="3" m="50762" /><G6/><T74/><D98/><U34/><E101/><V57/><F57/><W64/><G3/><T121/><D121/><U92/><E92/><V84/><F99/><N who="3" m="59895" /><G45/><T85/><D85/><U22/><E34/><V108/><F108/><W44/><G47/><T109/><D109/><U67/><E67/><V89/><F73/><W110/><G110/><T118/><D118/><U90/><E90/><V15/><F84/><W122/><G122/><T29/><D29/><U87/><E100/><V93/><F117/><W41/><AGARI ba="1,0" hai="41,44,50,58,60,64,76,78" m="59895,50762" machi="41" ten="30,1100,0" yaku="20,1" doraHai="106" who="3" fromWho="3" sc="231,-4,297,-4,214,-6,258,14" />
</Scene>
<Scene>
<INIT seed="7,0,0,5,0,40" ten="227,293,208,272" oya="3" hai0="31,29,64,38,104,6,120,76,25,117,118,20,80" hai1="34,110,4,85,96,83,46,62,57,71,93,26,103" hai2="12,123,128,66,9,14,107,78,69,27,122,51,35" hai3="1,17,130,77,133,21,124,126,61,56,5,81,127"/><W75/><G133/><T67/><D120/><N who="2" m="46122" /><F107/><W121/><G130/><T32/><D104/><U24/><E71/><V99/><F99/><W36/><G121/><T37/><D6/><U95/><E110/><V0/><F78/><W44/><G1/><T86/><D67/><N who="1" m="39375" /><E34/><V113/><F51/><W58/><G5/><T102/><D102/><U114/><E114/><V33/><F66/><W89/><G89/><T3/><D3/><U111/><E111/><V54/><F54/><W28/><G28/><T116/><REACH who="0" step="1"/><D64/><REACH who="0" ten="217,293,208,272" step="2"/><U105/><E105/><V10/><F69/><W18/><G127/><T132/><D132/><U60/><E4/><N who="2" m="3111" /><F0/><W39/><G126/><T41/><D41/><U43/><E43/><V45/><F113/><W87/><G124/><T11/><D11/><U65/><E65/><V63/><F10/><W88/><G61/><T23/><D23/><U30/><E103/><V134/><F63/><W70/><G70/><T74/><D74/><U125/><E60/><V52/><F134/><W73/><G73/><T131/><D131/><U55/><E125/><V7/><F128/><W106/><G106/><T22/><D22/><U92/><E55/><V135/><F135/><W90/><G21/><T109/><D109/><U129/><E129/><V42/><F42/><N who="3" m="22599" /><G75/><T91/><D91/><U79/><E79/><V8/><F35/><W112/><G112/><T49/><D49/><U15/><E96/><V100/><F33/><W68/><G68/><T2/><D2/><U108/><E108/><V94/><F7/><W72/><G72/><T47/><D47/><U50/><E46/><RYUUKYOKU ba="0,1" sc="217,30,293,-10,208,-10,272,-10" hai0="20,25,29,31,32,37,38,76,80,86,116,117,118" />
</Scene>
<Scene>
<INIT seed="8,1,1,1,3,63" ten="247,283,198,262" oya="0" hai0="71,117,9,111,86,105,42,3,89,79,56,67,132" hai1="70,104,102,88,128,118,52,7,126,13,87,22,38" hai2="97,74,65,100,131,103,1,114,73,72,122,135,2" hai3="66,113,24,61,80,28,120,18,48,108,34,85,12"/><T19/><D105/><U95/><E70/><V123/><F114/><W11/><G108/><T121/><D121/><N who="2" m="46090" /><F97/><W90/><G120/><T134/><D71/><U0/><E118/><V110/><F110/><W133/><G133/><N who="0" m="51307" /><D111/><U8/><E126/><V77/><F77/><W76/><G113/><T10/><D42/><U26/><E128/><V44/><F44/><W50/><REACH who="3" step="1"/><G76/><REACH who="3" ten="247,283,198,252" step="2"/><T94/><D79/><U23/><E38/><V32/><F135/><W96/><G96/><T21/><D117/><U119/><E119/><V5/><F131/><W116/><G116/><T4/><D10/><U69/><E8/><V39/><F39/><W84/><G84/><T36/><D36/><U62/><E87/><V81/><F81/><W16/><G16/><T30/><D30/><U109/><E109/><V27/><F5/><W49/><G49/><T124/><D124/><U107/><E7/><V60/><F72/><W127/><G127/><T130/><D130/><U15/><E104/><V17/><F74/><W14/><G14/><T91/><D19/><U35/><E107/><V40/><F73/><W75/><G75/><T37/><D37/><U101/><E13/><V64/><F17/><W46/><G46/><T92/><D86/><U33/><E15/><V45/><F45/><W41/><G41/><T112/><D112/><U55/><E0/><V59/><F40/><W99/><G99/><T68/><D3/><U98/><E98/><V78/><F1/><W20/><G20/><T29/><D21/><U53/><E22/><V93/><F2/><W83/><G83/><T47/><D4/><RYUUKYOKU ba="1,2" sc="247,-10,283,-10,198,-10,252,30" hai3="11,12,18,24,28,34,48,50,61,66,80,85,90" />
</Scene>
<Scene>
<INIT seed="9,2,2,3,4,130" ten="237,273,188,282" oya="1" hai0="111,36,58,48,124,120,126,65,33,116,76,35,40" hai1="43,57,84,87,78,10,94,55,71,28,16,38,98" hai2="112,93,110,108,113,123,97,105,7,27,19,9,30" hai3="74,72,62,70,2,132,119,23,31,44,32,34,14"/><U20/><E71/><V61/><F123/><W17/><G44/><N who="0" m="23559" /><D111/><U66/><E66/><V1/><F105/><W0/><G132/><T83/><D116/><U82/><E38/><V101/><F61/><W52/><G119/><T75/><D120/><U5/><E28/><V121/><F19/><W100/><G34/><T45/><D58/><U11/><E84/><V60/><F60/><W73/><G100/><T131/><D65/><U90/><E43/><V37/><F37/><W6/><G6/><T29/><D29/><U77/><E77/><V89/><F121/><W129/><G129/><T63/><D63/><N who="1" m="36287" /><E5/><V24/><F24/><AGARI ba="2,2" hai="10,11,16,20,24,78,82,87,90,94,98" m="36287" machi="24" ten="30,5800,0" yaku="25,1,8,1,54,1" doraHai="130" who="1" fromWho="2" sc="237,0,273,84,188,-64,282,0" owari="237,-16.0,357,46.0,124,-38.0,282,8.0" />
</Scene>
</mjloggm>