<mjloggm ver="2.3"><GO type="169" lobby="0"/><UN n0="%E5%89%8D%E6%88%AF%33%30%E5%88%86" n1="%E5%A4%AA%E3%81%8F%E3%81%AA%E3%81%84%E3%81%8A" n2="%E2%98%85%E7%8E%89%E9%9F%BF%E2%98%85" n3="%E5%B9%B3%E4%BA%95%E9%8A%80%E4%BA%8C" dan="17,18,17,17" rate="2252.47,2285.67,2178.03,2179.04" sx="M,M,F,F"/><TAIKYOKU oya="0"/>

<Scene>
<INIT seed="0,0,0,5,5,61" ten="250,250,250,250" oya="0" hai0="37,31,96,106,77,117,133,60,13,23,86,24,12" hai1="55,41,89,72,16,7,39,92,81,54,29,90,126" hai2="9,52,17,45,104,85,87,4,120,80,105,14,38" hai3="47,102,59,0,91,32,57,64,51,20,22,74,103"/><T43/><D117/><U33/><E7/><V132/><F120/><W109/><G32/><T49/><D37/><U8/><E33/><V88/><F132/><W26/><G74/><T129/><D129/><U97/><E29/><V34/><F34/><W100/><G0/><T98/><D133/><U35/><E35/><V67/><F67/><W11/><G109/><T112/><D112/><U50/><E126/><V73/><F73/><W36/><G36/><T30/><D30/><U107/><E107/><V65/><F65/><W21/><G11/><T40/><D60/><U113/><E113/><V79/><F4/><W125/><G125/><T116/><D106/><U2/><E39/><V93/><REACH who="2" step="1"/><F38/><REACH who="2" ten="250,250,240,250" step="2"/><W15/><G64/><T44/><D116/><U122/><E72/><V84/><F84/><W53/><G26/><T127/><D127/><U76/><E122/><V70/><F70/><W123/><G123/><T18/><D96/><U114/><E97/><V135/><F135/><W25/><G25/><T111/><D98/><U108/><E114/><V128/><F128/><W134/><G134/><T71/><D71/><U99/><E99/><V58/><F58/><W119/><G119/><T75/><D75/><U66/><E66/><V56/><F56/><W62/><G57/><T131/><D131/><U63/><E108/><V46/><F46/><W101/><G59/><T110/><D111/><U42/><E63/><V82/><F82/><W68/><G68/><T83/><D110/><U10/><E81/><V78/><F78/><W1/><N who="3" m="25600" /><DORA hai="124" /><W130/><G130/><T121/><D121/><RYUUKYOKU ba="0,1" sc="250,-10,250,-10,240,30,250,-10" hai2="9,14,17,45,52,79,80,85,87,88,93,104,105" />
</Scene>
<Scene>
<INIT seed="1,1,1,4,4,22" ten="240,240,270,240" oya="1" hai0="102,13,69,59,100,118,95,87,41,28,101,67,88" hai1="12,33,19,128,82,16,104,119,30,72,66,49,65" hai2="90,80,75,37,120,107,27,68,91,130,89,39,40" hai3="124,125,73,63,105,131,114,3,76,115,99,42,93"/><U10/><E119/><V83/><F68/><W0/><G42/><T6/><D69/><U52/><E104/><V110/><F120/><W17/><G17/><T11/><D118/><U38/><E38/><V58/><F107/><W14/><G14/><T50/><D28/><U121/><E121/><V77/><F110/><W20/><G20/><T5/><D5/><U97/><E128/><V56/><F130/><W9/><G63/><N who="0" m="38399" /><D50/><U106/><E72/><V79/><F27/><W108/><G9/><T54/><D41/><U34/><E82/><V35/><F35/><W57/><G57/><T25/><D54/><U36/><E36/><V84/><F40/><W60/><G60/><T53/><D53/><U129/><E129/><V103/><F103/><N who="3" m="62719" /><G0/><T55/><D55/><U132/><E132/><V44/><F44/><W64/><G3/><T43/><D43/><U31/><E19/><V133/><F133/><W134/><G64/><T70/><D70/><U96/><E34/><V21/><F21/><W26/><G131/><T86/><D86/><U94/><E97/><V15/><F58/><W1/><G73/><T18/><D6/><U123/><E123/><V92/><F56/><W126/><G126/><T48/><D48/><U127/><E127/><V109/><F39/><W78/><G134/><T29/><D29/><N who="1" m="10763" /><E33/><V116/><F37/><W62/><G125/><T117/><D117/><U98/><E106/><V74/><F116/><W4/><G4/><T112/><D25/><U81/><E65/><V61/><F74/><W111/><G111/><T113/><D18/><U122/><E16/><RYUUKYOKU ba="1,1" sc="240,30,240,-10,270,-10,240,-10" hai0="11,13,87,88,95,100,101,102,112,113" />
</Scene>
<Scene>
<INIT seed="2,2,1,3,0,96" ten="270,230,260,230" oya="2" hai0="48,68,31,2,121,7,24,11,134,82,66,20,17" hai1="34,101,39,26,62,77,45,111,41,8,132,72,59" hai2="35,85,73,42,10,79,61,44,100,25,6,86,47" hai3="94,53,109,120,0,57,122,50,133,126,12,83,69"/><V71/><F73/><W30/><G0/><T23/><D121/><U81/><E111/><V113/><F113/><W84/><G109/><T135/><D48/><U103/><E132/><N who="0" m="50729" /><D82/><U128/><E128/><V124/><F124/><W5/><G133/><T110/><D66/><U87/><E87/><V88/><F79/><W40/><G69/><T91/><D91/><U29/><REACH who="1" step="1"/><E8/><REACH who="1" ten="270,220,260,230" step="2"/><V33/><F85/><W129/><G84/><T1/><D110/><U75/><E75/><V92/><F10/><W105/><G129/><T9/><D68/><U98/><E98/><V107/><F71/><W127/><G127/><T118/><D9/><U104/><E104/><V76/><F107/><W22/><G105/><T99/><D99/><U67/><AGARI ba="2,2" hai="26,29,34,39,41,45,59,62,67,72,77,81,101,103" machi="67" ten="20,8000,1" yaku="1,1,0,1,7,1,52,2,53,0" doraHai="96" doraHaiUra="16" who="1" fromWho="1" sc="270,-22,220,106,260,-42,230,-22" />
</Scene>
<Scene>
<INIT seed="3,0,0,4,2,43" ten="248,326,218,208" oya="3" hai0="95,128,84,58,79,124,135,55,121,88,96,73,5" hai1="86,7,107,112,21,28,27,69,46,91,116,4,59" hai2="66,34,134,56,38,41,60,47,12,8,72,74,114" hai3="42,36,127,118,40,70,81,67,31,3,82,98,90"/><W108/><G118/><T94/><D121/><U15/><E69/><V26/><F134/><W133/><G133/><T22/><D135/><U78/><E112/><V35/><F114/><W17/><G3/><T20/><D124/><U13/><E107/><V76/><F76/><W113/><G113/><T53/><D128/><U131/><E131/><V16/><REACH who="2" step="1"/><F26/><REACH who="2" ten="248,326,208,208" step="2"/><W109/><G127/><T119/><D79/><U99/><E78/><V2/><F2/><W32/><G108/><T57/><D73/><AGARI ba="0,1" hai="8,12,16,34,35,38,41,47,56,60,66,72,73,74" machi="73" ten="40,5200,0" yaku="1,1,52,1,54,1,53,0" doraHai="43" doraHaiUra="44" who="2" fromWho="0" sc="248,-52,326,0,208,62,208,0" />
</Scene>
<Scene>
<INIT seed="4,0,0,0,3,24" ten="196,326,270,208" oya="0" hai0="6,59,4,131,98,11,38,45,20,58,103,1,51" hai1="16,15,22,61,105,74,44,122,111,70,73,3,27" hai2="114,50,54,39,95,55,40,62,129,81,92,86,71" hai3="91,79,56,48,104,78,96,88,42,66,26,57,67"/><T35/><D35/><U132/><E111/><V19/><F114/><W93/><G104/><T109/><D38/><U134/><E3/><V60/><F129/><W2/><G2/><T117/><D117/><U121/><E105/><V124/><F124/><W10/><G10/><T8/><D131/><U119/><E119/><V29/><F39/><W31/><G91/><T108/><D20/><N who="1" m="11295" /><E44/><N who="2" m="25863" /><F71/><W33/><G57/><T30/><D30/><N who="1" m="17783" /><E70/><V63/><F29/><W12/><G12/><T75/><D75/><N who="1" m="28683" /><E61/><V100/><F19/><W83/><G78/><T25/><D25/><U99/><E99/><N who="2" m="59495" /><F95/><W110/><G110/><N who="0" m="42603" /><D8/><U97/><E97/><V115/><F115/><W77/><G77/><AGARI ba="0,0" hai="54,55,60,62,63,77,81,86" m="59495,25863" machi="77" ten="30,1000,0" yaku="8,1" doraHai="24" who="2" fromWho="3" sc="196,0,326,0,270,10,208,-10" />
</Scene>
<Scene>
<INIT seed="5,0,0,1,1,43" ten="196,326,280,198" oya="1" hai0="25,107,111,17,4,85,42,19,6,128,10,46,68" hai1="93,69,67,84,52,126,63,31,125,24,110,45,115" hai2="99,104,86,55,95,7,73,60,71,32,119,14,5" hai3="78,11,56,65,127,9,28,49,47,74,123,13,54"/><U50/><E115/><V106/><F73/><W103/><G123/><T57/><D68/><U130/><E130/><V26/><F119/><W2/><G2/><T132/><D107/><U101/><E110/><V58/><F71/><W81/><G127/><T100/><D111/><U112/><E112/><V34/><F86/><W113/><G113/><T22/><D128/><U118/><E118/><V23/><F34/><W1/><G1/><T114/><D132/><U64/><E64/><V48/><F32/><W88/><G103/><T91/><D100/><U40/><E84/><V102/><F14/><W30/><G11/><T39/><D57/><U12/><E12/><V3/><F3/><W41/><G88/><T134/><D134/><U36/><E93/><V108/><F108/><W109/><G65/><T75/><D75/><U121/><E101/><V92/><F92/><W44/><G109/><T89/><D89/><U70/><E70/><V83/><F83/><W97/><G97/><T82/><D114/><U27/><E121/><V133/><F133/><W38/><REACH who="3" step="1"/><G56/><REACH who="3" ten="196,326,280,188" step="2"/><T21/><D10/><U51/><E126/><V18/><F104/><W80/><G80/><T62/><REACH who="0" step="1"/><D62/><REACH who="0" ten="186,326,280,188" step="2"/><U53/><E125/><V15/><F106/><W29/><G29/><T94/><D94/><U87/><E31/><N who="2" m="17887" /><F60/><W33/><G33/><T117/><D117/><U66/><E63/><V79/><F79/><W16/><AGARI ba="0,2" hai="9,13,16,28,30,38,41,44,47,49,54,74,78,81" machi="16" ten="20,12000,2" yaku="1,1,0,1,7,1,52,2,54,1,53,0" doraHai="43" doraHaiUra="98" who="3" fromWho="3" sc="186,-30,326,-60,280,-30,188,140" />
</Scene>
<Scene>
<INIT seed="6,0,0,0,0,4" ten="156,266,250,328" oya="2" hai0="32,105,101,67,66,24,115,86,132,56,96,109,5" hai1="130,110,65,88,79,48,69,19,68,87,84,131,39" hai2="74,2,129,21,118,111,82,38,55,33,18,23,71" hai3="36,125,133,62,103,47,113,119,28,76,94,95,6"/><V7/><F118/><W41/><G119/><T60/><D109/><U26/><E39/><V73/><F111/><W31/><G133/><T116/><D132/><U64/><E110/><V50/><F33/><W117/><G117/><T11/><D116/><U106/><E106/><V102/><F71/><W61/><G94/><T51/><D115/><U127/><E127/><V30/><F129/><N who="1" m="49161" /><E48/><V49/><F38/><W114/><G76/><T89/><D51/><U104/><E104/><V14/><F102/><W8/><G125/><T78/><D78/><U112/><E112/><V16/><F30/><W99/><G113/><T29/><D66/><N who="1" m="25707" /><E84/><V70/><F82/><W22/><G61/><T92/><D105/><U13/><E26/><V46/><F70/><W9/><G62/><T85/><REACH who="0" step="1"/><D101/><REACH who="0" ten="146,266,250,328" step="2"/><U1/><E79/><V35/><F50/><N who="3" m="26991" /><G103/><T58/><D58/><U12/><E69/><V40/><F40/><W3/><G114/><T54/><D54/><U81/><E68/><V52/><F55/><W43/><G43/><T15/><AGARI ba="0,1" hai="5,11,15,24,29,32,56,60,67,85,86,89,92,96" machi="15" ten="20,8000,1" yaku="1,1,0,1,7,1,52,1,53,1" doraHai="4" doraHaiUra="27" who="0" fromWho="0" sc="146,90,266,-20,250,-40,328,-20" />
</Scene>
<Scene>
<INIT seed="7,0,0,0,2,22" ten="236,246,210,308" oya="3" hai0="53,104,120,37,88,16,107,52,109,28,123,51,65" hai1="14,12,87,55,105,75,115,86,110,46,25,101,30" hai2="49,85,114,108,84,2,38,93,92,26,19,18,20" hai3="35,76,97,127,122,106,128,99,71,135,67,17,3"/><W82/><G122/><T7/><D37/><U131/><E75/><V100/><F114/><W94/><G3/><T62/><D109/><U64/><E110/><V41/><F108/><W83/><G35/><T78/><D104/><U47/><E64/><V72/><F72/><W42/><G42/><T90/><D107/><U50/><E115/><V61/><F38/><W6/><G6/><T132/><D120/><U23/><E131/><V4/><F2/><W44/><G44/><N who="1" m="16938" /><E105/><V96/><F4/><W117/><G82/><T79/><D7/><U33/><E101/><V11/><F41/><W24/><G83/><T29/><D132/><U68/><E68/><V133/><F133/><W116/><G67/><T45/><D53/><U98/><E98/><N who="2" m="59463" /><F49/><W32/><G99/><T95/><D90/><U103/><E33/><V34/><F34/><W113/><G97/><N who="0" m="57575" /><D123/><U54/><E103/><N who="2" m="60815" /><F61/><W77/><G32/><T81/><D81/><U91/><E91/><V89/><F89/><W112/><G71/><T15/><D78/><U69/><E69/><V31/><F11/><W1/><G77/><T74/><D79/><U5/><E5/><V102/><F102/><W119/><G76/><T80/><D80/><U118/><E118/><V58/><F58/><W73/><G73/><T13/><D74/><U40/><E40/><V70/><F70/><W48/><G113/><T129/><D129/><U126/><E50/><V111/><F111/><W124/><G112/><T121/><D121/><U56/><E86/><AGARI ba="0,0" hai="18,19,20,26,31,84,85,86" m="60815,59463" machi="86" ten="30,2000,0" yaku="8,1,52,1" doraHai="22" who="2" fromWho="1" sc="236,0,246,-20,210,20,308,0" owari="236,4.0,226,-27.0,230,-17.0,308,40.0" />
</Scene>
</mjloggm>