<mjloggm ver="2.3"><GO type="169" lobby="0"/><UN n0="%6D%61%63%6A%72" n1="%E5%A4%AA%E3%81%8F%E3%81%AA%E3%81%84%E3%81%8A" n2="%E3%82%84%E3%81%BE%E3%83%BC%E3%82%93" n3="%E3%83%89%E3%83%A9%EF%BC%91%EF%BC%92%EF%BC%90%EF%BC%85" dan="18,19,17,17" rate="2190.65,2324.28,2200.99,2196.57" sx="M,F,M,M"/><TAIKYOKU oya="0"/>

<Scene>
<INIT seed="0,0,0,0,3,121" ten="250,250,250,250" oya="0" hai0="133,124,14,74,23,37,51,93,0,107,4,91,7" hai1="85,96,6,11,50,129,61,90,88,130,72,89,15" hai2="126,104,115,123,77,103,134,56,99,49,110,2,43" hai3="29,40,116,26,8,1,98,17,97,81,16,101,9"/><T20/><D37/><U64/><E72/><V128/><F56/><W57/><G116/><T32/><D32/><U87/><E50/><V54/><F54/><W21/><G40/><T68/><D0/><U67/><E96/><V70/><F49/><W60/><G98/><T112/><D112/><U95/><E89/><V80/><F43/><W94/><G81/><T58/><D68/><U92/><REACH who="1" step="1"/><E67/><REACH who="1" ten="250,240,250,250" step="2"/><V47/><F99/><W25/><G1/><T100/><D74/><U83/><E83/><V31/><F80/><W118/><G118/><T71/><D100/><U82/><E82/><V45/><F103/><W105/><G105/><T125/><D107/><U3/><E3/><V35/><F2/><W44/><G44/><T113/><D91/><U30/><E30/><V108/><F45/><W78/><G78/><T76/><D76/><U13/><E13/><V86/><F47/><W132/><G29/><T34/><D93/><U65/><E65/><V39/><F77/><W59/><G94/><T73/><D73/><U69/><AGARI ba="0,1" hai="6,11,15,61,64,69,85,87,88,90,92,95,129,130" machi="69" ten="30,7900,0" yaku="1,1,0,1,9,1,54,1,53,0" doraHai="121" doraHaiUra="28" who="1" fromWho="1" sc="250,-39,240,89,250,-20,250,-20" />
</Scene>
<Scene>
<INIT seed="1,0,0,3,2,48" ten="211,329,230,230" oya="1" hai0="124,116,85,76,92,44,109,50,97,83,102,27,93" hai1="72,122,88,34,46,107,80,20,19,66,121,40,91" hai2="9,104,51,100,118,68,99,57,61,10,90,24,129" hai3="65,87,70,55,108,126,12,25,41,125,78,119,128"/><U37/><E34/><V77/><F118/><W131/><G119/><T2/><D116/><U26/><E107/><V11/><F129/><N who="3" m="49739" /><G108/><T106/><D2/><U120/><REACH who="1" step="1"/><E66/><REACH who="1" ten="211,319,230,230" step="2"/><V45/><F104/><W132/><G65/><T95/><D109/><U111/><E111/><V0/><F0/><W81/><G70/><T7/><D124/><U105/><E105/><V31/><F68/><W1/><G126/><T89/><D7/><U117/><E117/><V75/><F9/><W14/><G125/><T38/><D38/><U43/><E43/><V101/><F10/><W42/><G42/><T84/><D27/><U94/><E94/><V52/><F11/><W113/><G41/><AGARI ba="0,1" hai="41,44,50,76,83,84,85,89,92,93,95,97,102,106" machi="41" ten="30,1000,0" yaku="7,1" doraHai="48" who="0" fromWho="3" sc="211,20,319,0,230,0,230,-10" />
</Scene>
<Scene>
<INIT seed="2,0,0,2,3,48" ten="231,319,230,220" oya="2" hai0="11,132,34,58,72,66,107,103,23,127,19,134,99" hai1="2,43,65,110,90,69,73,61,55,104,60,40,35" hai2="1,9,115,85,45,84,68,49,57,92,29,114,82" hai3="71,30,76,67,96,106,79,64,25,102,129,118,116"/><V120/><F68/><W95/><G129/><T119/><D34/><U109/><E2/><V101/><F120/><W124/><G124/><T83/><D11/><U77/><E104/><V56/><F29/><W3/><G3/><T81/><D127/><U91/><E35/><V5/><F115/><W125/><G125/><T131/><D131/><U108/><E77/><V4/><F114/><W41/><G41/><N who="1" m="15946" /><E73/><V26/><F26/><W28/><G95/><T46/><D46/><U17/><E17/><V123/><F123/><W97/><G97/><T51/><D119/><U122/><E122/><V0/><F0/><W21/><G28/><T135/><D72/><U53/><E61/><V93/><F4/><W52/><G79/><T27/><REACH who="0" step="1"/><D66/><REACH who="0" ten="221,319,230,220" step="2"/><U78/><E78/><V87/><F9/><W63/><G76/><T75/><D75/><U88/><AGARI ba="0,1" hai="53,55,60,65,69,88,90,91,108,109,110" m="15946" machi="88" ten="40,8000,1" yaku="14,1,52,2,54,1" doraHai="48" who="1" fromWho="1" sc="221,-20,319,90,230,-40,220,-20" />
</Scene>
<Scene>
<INIT seed="3,0,0,2,2,21" ten="201,409,190,200" oya="3" hai0="134,39,5,61,80,113,8,6,58,135,118,103,24" hai1="109,15,82,57,127,73,65,86,0,11,104,119,132" hai2="107,18,101,4,33,46,55,59,88,96,14,84,38" hai3="102,69,2,100,19,85,97,74,16,93,60,120,51"/><W116/><G74/><T131/><D39/><U31/><E104/><V98/><F33/><W67/><G116/><T35/><D118/><U9/><E73/><V89/><F4/><W123/><G2/><T1/><D131/><U70/><E70/><V68/><F68/><W43/><G100/><T52/><D113/><U75/><E75/><V40/><F96/><W111/><G111/><T20/><D35/><U125/><E119/><V90/><F84/><W53/><G43/><T87/><D5/><U47/><E31/><V105/><F105/><W91/><G123/><T117/><D103/><U78/><E109/><V94/><F107/><W130/><G130/><T54/><D117/><U129/><E129/><V122/><F122/><W32/><G32/><T30/><REACH who="0" step="1"/><D54/><REACH who="0" ten="191,409,190,200" step="2"/><U92/><E127/><V62/><REACH who="2" step="1"/><F101/><REACH who="2" ten="191,409,180,200" step="2"/><W56/><REACH who="3" step="1"/><G120/><REACH who="3" ten="191,409,180,190" step="2"/><T110/><D110/><U126/><E125/><V128/><F128/><W36/><G36/><T7/><D7/><U3/><E126/><V12/><F12/><W45/><G45/><T72/><D72/><U112/><E47/><V76/><F76/><AGARI ba="0,3" hai="1,6,8,20,24,30,52,58,61,76,80,87,134,135" machi="76" ten="40,5200,0" yaku="1,1,52,1,54,1,53,0" doraHai="21" doraHaiUra="133" who="0" fromWho="2" sc="191,82,409,0,180,-52,190,0" />
</Scene>
<Scene>
<INIT seed="4,0,0,2,1,118" ten="273,409,128,190" oya="0" hai0="135,86,123,97,16,114,127,4,75,103,43,82,64" hai1="124,50,89,11,35,84,26,59,122,105,120,14,52" hai2="25,36,5,23,106,51,101,94,17,109,44,77,18" hai3="115,96,79,15,113,39,63,62,65,7,12,57,126"/><T117/><D117/><U3/><E105/><V10/><F109/><W8/><G39/><T40/><D75/><U72/><E72/><V69/><F69/><W81/><G126/><T90/><D127/><U9/><E124/><V102/><F36/><W99/><G15/><T32/><D32/><U42/><E42/><V132/><F132/><W134/><G134/><T27/><D135/><U80/><E3/><V67/><F67/><W48/><G48/><T125/><D125/><U33/><E9/><V38/><F38/><W47/><G47/><T37/><D114/><N who="3" m="43529" /><G63/><T66/><D123/><U78/><E78/><V85/><F106/><W116/><G116/><T61/><D4/><U131/><E131/><V53/><F18/><W73/><AGARI ba="0,0" hai="7,8,12,57,62,65,73,79,81,96,99" m="43529" machi="73" ten="30,1100,0" yaku="15,1" doraHai="118" who="3" fromWho="3" sc="273,-5,409,-3,128,-3,190,11" />
</Scene>
<Scene>
<INIT seed="5,0,0,0,5,67" ten="268,406,125,201" oya="1" hai0="98,2,53,69,75,13,23,49,31,76,37,124,42" hai1="90,24,78,38,129,82,83,1,135,45,10,17,117" hai2="80,106,5,62,61,97,28,95,0,81,55,22,130" hai3="74,21,8,32,27,43,92,127,20,72,36,87,113"/><U44/><E117/><V88/><F130/><W30/><G127/><T77/><D2/><U71/><E71/><V59/><F106/><W26/><G113/><T93/><D75/><U121/><E121/><V48/><F0/><W91/><G32/><T4/><D124/><U100/><E100/><V79/><F5/><W50/><G36/><T128/><D128/><U63/><E63/><V86/><REACH who="2" step="1"/><F81/><REACH who="2" ten="268,406,115,201" step="2"/><W107/><G107/><T70/><D4/><U115/><E83/><V94/><F94/><W85/><G92/><T118/><D118/><U99/><E82/><V47/><F47/><W131/><G131/><T101/><D77/><U110/><E45/><V3/><F3/><W41/><G74/><T73/><D76/><U126/><E44/><V116/><F116/><W58/><G72/><T66/><D73/><U40/><E1/><V132/><F132/><W104/><G104/><T108/><D93/><U25/><E135/><V133/><F133/><W123/><G123/><T16/><D108/><U125/><E129/><V39/><F39/><W46/><G46/><T34/><D37/><U51/><E38/><V119/><F119/><W96/><G43/><T89/><D42/><U109/><E109/><V56/><F56/><W19/><G41/><T6/><D6/><U102/><E110/><V29/><F29/><W114/><G58/><T18/><D31/><U120/><E40/><V9/><F9/><W134/><G8/><T65/><D69/><U33/><E10/><V105/><F105/><W57/><G134/><T122/><D70/><U7/><E7/><V64/><F64/><RYUUKYOKU ba="0,1" sc="268,-10,406,-10,115,30,201,-10" hai2="22,28,48,55,59,61,62,79,80,86,88,95,97" />
</Scene>
<Scene>
<INIT seed="6,1,1,3,5,53" ten="258,396,145,191" oya="2" hai0="78,25,32,55,0,93,117,31,9,135,83,86,64" hai1="130,88,134,36,33,122,81,132,5,114,129,48,3" hai2="57,94,85,110,131,80,10,40,113,91,29,126,49" hai3="65,4,62,41,107,63,17,87,96,16,71,97,56"/><V61/><F113/><W7/><G41/><T22/><D135/><N who="1" m="51755" /><E36/><V109/><F126/><W28/><G28/><T67/><D117/><U89/><E33/><V118/><F118/><W24/><G87/><T51/><D32/><U72/><E114/><V69/><F131/><W119/><G119/><T38/><D38/><U92/><E122/><V23/><F69/><W20/><G17/><T82/><D82/><U14/><E3/><V124/><F124/><W26/><G26/><T8/><D93/><U90/><E92/><V1/><F1/><W39/><G39/><T11/><D0/><U50/><E5/><V95/><F10/><W46/><G46/><AGARI ba="1,1" hai="8,9,11,22,25,31,46,51,55,64,67,78,83,86" machi="46" ten="40,1300,0" yaku="8,1" doraHai="53" who="0" fromWho="3" sc="258,26,396,0,145,0,191,-16" />
</Scene>
<Scene>
<INIT seed="7,0,0,5,3,88" ten="284,396,145,175" oya="3" hai0="109,15,4,19,21,103,53,58,28,65,37,102,76" hai1="132,61,24,91,67,49,78,108,116,123,54,128,60" hai2="1,41,9,30,79,130,29,23,115,82,31,6,99" hai3="42,87,16,73,55,72,110,12,129,2,118,71,44"/><W36/><G118/><T111/><D37/><U89/><E108/><V90/><F115/><W101/><G110/><T107/><D65/><U32/><E123/><V7/><F130/><W43/><G129/><T57/><D57/><U40/><E40/><V127/><F127/><W17/><G2/><T120/><D120/><U35/><E78/><V114/><F114/><W96/><G71/><T95/><D107/><U45/><E128/><V51/><F6/><W80/><G43/><T126/><D126/><U5/><E5/><V84/><F23/><W100/><G55/><T74/><D28/><U134/><E116/><V39/><F39/><W112/><G112/><T52/><D53/><U22/><E89/><V69/><F69/><W124/><G124/><T56/><D56/><N who="1" m="37255" /><E91/><V77/><F77/><W18/><G12/><T70/><D21/><U34/><E61/><V64/><F64/><W33/><G33/><T94/><D19/><U75/><E75/><V3/><F3/><W104/><REACH who="3" step="1"/><G101/><REACH who="3" ten="284,396,145,165" step="2"/><T10/><D15/><U86/><E34/><V98/><REACH who="2" step="1"/><F79/><AGARI ba="0,1" hai="16,17,18,36,42,44,72,73,79,80,87,96,100,104" machi="79" ten="40,7700,0" yaku="1,1,2,1,54,1,53,0" doraHai="88" doraHaiUra="125" who="3" fromWho="2" sc="284,0,396,0,145,-77,165,87" />
</Scene>
<Scene>
<INIT seed="7,1,0,5,2,67" ten="284,396,68,252" oya="3" hai0="75,116,124,68,11,47,63,94,61,3,90,33,89" hai1="20,106,73,84,104,79,91,45,86,21,2,38,53" hai2="26,83,82,7,56,36,120,16,80,103,85,125,64" hai3="24,29,119,49,41,34,114,19,39,44,74,54,40"/><W130/><G119/><T127/><D33/><U13/><E2/><V9/><F36/><W135/><G74/><T25/><D75/><U98/><E38/><V10/><F125/><N who="0" m="48202" /><D116/><U6/><E104/><V87/><F120/><W28/><G28/><T55/><D25/><U52/><E106/><V5/><F103/><W43/><G135/><T46/><D68/><U96/><E73/><V51/><F64/><W132/><G132/><T108/><D108/><U126/><E126/><V58/><F26/><W15/><G130/><T18/><D89/><U65/><E65/><V118/><F118/><W23/><REACH who="3" step="1"/><G114/><REACH who="3" ten="284,396,68,242" step="2"/><T134/><D134/><U99/><E79/><V57/><F51/><W78/><G78/><T60/><D55/><U131/><E131/><V14/><REACH who="2" step="1"/><F10/><REACH who="2" ten="284,396,58,242" step="2"/><W69/><G69/><T110/><D110/><U129/><E129/><V111/><F111/><W71/><G71/><T112/><D112/><U22/><E53/><V31/><F31/><W81/><G81/><T88/><D11/><N who="1" m="4343" /><E91/><V37/><F37/><AGARI ba="1,2" hai="15,19,23,24,29,34,37,39,40,41,43,44,49,54" machi="37" ten="40,3900,0" yaku="1,1,53,1" doraHai="67" doraHaiUra="42" who="3" fromWho="2" sc="284,0,396,0,58,-42,242,62" />
</Scene>
<Scene>
<INIT seed="7,2,0,4,5,95" ten="284,396,16,304" oya="3" hai0="29,93,26,11,55,113,37,15,61,74,10,49,57" hai1="130,22,98,69,110,18,108,2,78,16,63,80,85" hai2="52,0,64,67,1,62,13,132,71,112,46,127,9" hai3="45,75,114,76,124,53,36,90,101,68,102,104,38"/><W66/><G114/><T21/><D37/><U65/><E2/><V17/><F112/><W6/><G6/><T91/><D113/><U119/><E130/><V81/><F127/><W31/><G124/><T115/><D115/><U47/><E119/><V87/><F132/><W58/><G31/><T82/><D74/><U135/><E135/><V120/><F120/><W51/><G90/><T8/><D82/><U100/><E47/><V133/><F133/><W94/><G104/><T109/><D109/><U12/><E18/><V118/><F118/><W105/><G105/><AGARI ba="2,0" hai="12,16,22,63,65,69,78,80,85,98,100,105,108,110" machi="105" ten="30,3900,0" yaku="7,1,52,1,54,1" doraHai="95" who="1" fromWho="3" sc="284,0,396,45,16,0,304,-45" owari="284,8.0,441,54.0,16,-48.0,259,-14.0" />
</Scene>
</mjloggm>