<mjloggm ver="2.3"><GO type="169" lobby="0"/><UN n0="%61%61%61%66%78" n1="%E3%82%AB%E3%83%95%E3%82%A7%E3%83%AC%E3%82%AA" n2="%E3%83%9E%E3%83%A1%E3%83%9D%E3%82%B3" n3="%E5%A4%AA%E3%81%8F%E3%81%AA%E3%81%84%E3%81%8A" dan="16,16,16,19" rate="2050.70,2105.11,2059.68,2315.72" sx="F,M,M,F"/><TAIKYOKU oya="0"/>

<Scene>
<INIT seed="0,0,0,5,0,116" ten="250,250,250,250" oya="0" hai0="9,54,103,28,85,48,10,36,98,26,75,132,19" hai1="133,57,131,6,77,70,21,51,114,86,125,24,41" hai2="102,101,58,130,88,64,74,110,95,35,117,49,121" hai3="38,45,47,97,30,20,3,67,65,80,39,135,15"/><T56/><D75/><U112/><E70/><V120/><F74/><W1/><G97/><T127/><D36/><U13/><E131/><V55/><F35/><W14/><G20/><T16/><D132/><U17/><E133/><V113/><F113/><W23/><G23/><N who="0" m="15455" /><D127/><U0/><E125/><V108/><F130/><W90/><G135/><T42/><D42/><U66/><E0/><V109/><F64/><W60/><G30/><T2/><D2/><U83/><E66/><V25/><F25/><W11/><G80/><T115/><D115/><U100/><E100/><N who="2" m="38507" /><F117/><W118/><G118/><T79/><D98/><AGARI ba="0,0" hai="49,55,58,88,95,98,108,109,110,120,121" m="38507" machi="98" ten="30,7700,0" yaku="14,1,52,2,54,1" doraHai="116" who="2" fromWho="0" sc="250,-77,250,0,250,77,250,0" />
</Scene>
<Scene>
<INIT seed="1,0,0,3,0,72" ten="173,250,327,250" oya="1" hai0="126,101,56,65,104,13,89,90,28,102,120,117,112" hai1="11,67,34,52,127,83,113,73,124,26,87,47,38" hai2="50,42,108,80,71,21,20,68,44,109,8,10,33" hai3="118,111,4,64,25,1,86,100,53,27,132,40,92"/><U31/><E113/><V121/><F33/><W37/><G64/><T131/><D112/><U16/><E73/><V98/><F121/><W94/><G111/><N who="2" m="42569" /><F98/><W6/><G37/><T133/><D120/><U82/><E67/><V32/><F32/><W125/><G40/><T60/><D117/><U23/><E11/><N who="2" m="4139" /><F80/><W61/><G1/><T14/><D126/><N who="1" m="48171" /><E87/><V18/><F21/><W69/><G86/><T119/><D119/><U107/><E107/><V62/><F62/><W96/><G61/><T105/><D133/><U129/><E129/><V99/><F99/><W91/><G96/><T55/><D131/><U19/><E19/><V135/><F135/><W114/><G132/><T7/><D28/><U58/><E38/><V130/><F130/><W12/><G118/><T95/><D7/><U48/><E47/><V79/><F79/><W43/><G4/><T5/><D5/><U17/><E17/><V103/><F103/><W45/><G100/><N who="0" m="38507" /><D104/><U77/><E77/><V81/><F81/><W30/><G6/><T106/><D105/><U116/><E116/><V110/><F110/><W24/><G125/><T22/><D106/><U3/><E3/><V93/><F93/><W63/><G94/><T35/><D35/><U115/><E115/><V75/><F75/><W84/><G114/><T49/><D95/><U54/><E54/><V39/><F39/><N who="3" m="21759" /><G53/><T76/><D76/><U46/><E46/><V66/><F66/><N who="3" m="41183" /><G30/><T36/><D36/><U74/><E74/><V88/><F88/><N who="0" m="33898" /><D22/><U128/><E128/><V2/><F2/><W97/><G97/><T57/><AGARI ba="0,0" hai="13,14,49,55,56,57,60,65" m="33898,38507" machi="57" ten="30,4000,0" yaku="5,1,8,1,54,1" doraHai="72" who="0" fromWho="0" sc="173,40,250,-20,327,-10,250,-10" />
</Scene>
<Scene>
<INIT seed="2,0,0,0,5,21" ten="213,230,317,240" oya="2" hai0="133,121,18,7,95,94,104,35,2,117,61,49,47" hai1="23,28,59,9,56,0,62,76,123,77,100,101,103" hai2="115,97,25,131,57,32,129,52,11,110,46,96,72" hai3="114,99,30,3,85,81,60,53,17,33,90,93,54"/><V92/><F72/><W82/><G3/><T16/><D104/><U55/><E123/><V119/><F119/><W38/><G38/><T6/><D121/><U134/><E134/><V50/><F115/><W68/><G114/><T10/><D35/><U19/><E28/><N who="2" m="19471" /><F11/><W75/><G17/><T86/><D133/><U116/><E116/><V126/><F92/><W135/><G135/><T128/><D128/><N who="2" m="49226" /><F126/><W118/><G118/><T45/><D117/><U48/><E9/><V39/><F110/><W122/><G122/><T58/><D7/><U8/><E8/><V109/><F109/><W27/><G75/><T4/><D4/><U29/><E29/><V127/><F127/><W63/><G81/><T124/><D124/><U105/><E105/><V64/><F39/><W125/><G125/><T65/><D95/><U73/><E73/><V113/><F113/><W70/><G63/><AGARI ba="0,0" hai="46,50,52,57,63,64,96,97" m="49226,19471" machi="63" ten="30,5800,0" yaku="19,1,52,1,54,1" doraHai="21" who="2" fromWho="3" sc="213,0,230,0,317,58,240,-58" />
</Scene>
<Scene>
<INIT seed="2,1,0,2,0,19" ten="213,230,375,182" oya="2" hai0="4,72,16,10,82,98,105,60,84,13,121,7,99" hai1="49,90,78,75,36,116,76,42,118,100,69,86,45" hai2="135,29,53,59,58,30,109,8,73,5,89,62,51" hai3="117,87,25,17,134,115,112,122,70,57,12,1,14"/><V23/><F73/><W103/><G70/><T88/><D121/><U77/><E69/><V123/><F123/><W28/><G103/><T79/><D60/><U6/><E6/><V22/><F135/><W61/><G122/><T43/><D43/><U11/><E11/><V2/><F109/><W3/><G87/><T104/><D98/><U35/><E35/><V21/><REACH who="2" step="1"/><F89/><REACH who="2" ten="213,230,365,182" step="2"/><W41/><G134/><T34/><D88/><U66/><E75/><V44/><F44/><W129/><G115/><T126/><D72/><U107/><E90/><V95/><F95/><W102/><G112/><T94/><D94/><U56/><E45/><V119/><F119/><W92/><G117/><T128/><D105/><U40/><E107/><V81/><F81/><W67/><G92/><T24/><D104/><U85/><E116/><V31/><F31/><W15/><G28/><T130/><D130/><U124/><E118/><V20/><N who="2" m="5120" /><DORA hai="111" /><V33/><F33/><W9/><G129/><T91/><D34/><U50/><E77/><V133/><F133/><W68/><G102/><T113/><D91/><U80/><E100/><V131/><F131/><W65/><G25/><T0/><D128/><U64/><E80/><V38/><F38/><W55/><G17/><T97/><D113/><U132/><E132/><V74/><F74/><W110/><G110/><T26/><D24/><U96/><E78/><V83/><F83/><W37/><G37/><T71/><D26/><U108/><E76/><V46/><F46/><W120/><G120/><T47/><D47/><U52/><E108/><V48/><F48/><RYUUKYOKU ba="1,1" sc="213,-10,230,-10,365,30,182,-10" hai2="2,5,8,29,30,51,53,58,59,62" />
</Scene>
<Scene>
<INIT seed="2,2,1,0,2,67" ten="203,220,395,172" oya="2" hai0="30,48,51,108,13,107,14,93,87,82,122,46,35" hai1="26,105,103,127,45,102,31,63,15,94,23,1,11" hai2="83,76,61,42,40,57,38,106,17,55,77,29,5" hai3="41,78,72,81,58,84,91,79,24,32,131,96,121"/><V22/><F106/><W114/><G121/><T6/><D107/><U27/><E1/><V4/><F29/><W97/><G131/><T44/><D122/><U104/><E127/><V133/><F133/><W62/><G114/><T10/><D108/><U130/><E130/><V33/><F33/><W88/><G41/><N who="2" m="15977" /><F38/><W126/><G126/><T9/><D35/><U90/><E45/><N who="0" m="17513" /><D93/><U111/><E111/><V50/><F50/><W80/><G32/><T54/><D30/><U39/><E27/><N who="2" m="14799" /><F83/><W98/><REACH who="3" step="1"/><G24/><REACH who="3" ten="203,220,395,162" step="2"/><T65/><D54/><AGARI ba="2,2" hai="54,58,62,72,78,79,80,81,84,88,91,96,97,98" machi="54" ten="40,5200,0" yaku="1,1,2,1,54,1,53,0" doraHai="67" doraHaiUra="124" who="3" fromWho="0" sc="203,-58,220,0,395,0,162,78" />
</Scene>
<Scene>
<INIT seed="3,0,0,5,5,84" ten="145,220,395,240" oya="3" hai0="9,34,80,70,132,3,93,111,127,52,135,122,53" hai1="120,6,103,15,108,65,24,125,17,49,128,18,10" hai2="56,115,134,16,69,121,68,5,32,110,43,130,91" hai3="29,63,77,66,25,123,12,2,124,79,72,19,114"/><W105/><G114/><T129/><D70/><U13/><E120/><V55/><F115/><W51/><G123/><T11/><D122/><U30/><E103/><V83/><F32/><W38/><G38/><T89/><D34/><U46/><E108/><V100/><F121/><W98/><G2/><T96/><D111/><U4/><E125/><V112/><F112/><W92/><G124/><T85/><D127/><U54/><E65/><V107/><F5/><W26/><G105/><T31/><D31/><U8/><REACH who="1" step="1"/><E128/><REACH who="1" ten="145,210,395,240" step="2"/><V27/><F100/><W23/><G72/><T97/><D129/><U109/><E109/><V82/><F107/><W0/><G0/><T99/><D132/><U60/><E60/><V78/><F130/><W86/><G63/><T36/><D135/><U75/><E75/><V14/><F134/><W35/><G66/><T61/><D61/><U104/><E104/><V119/><F110/><W59/><G26/><T73/><D73/><U64/><E64/><V22/><F27/><W33/><G33/><AGARI ba="0,1" hai="4,6,8,10,13,15,17,18,24,30,33,46,49,54" machi="33" ten="30,7700,0" yaku="1,1,7,1,9,1,53,1" doraHai="84" doraHaiUra="44" who="1" fromWho="3" sc="145,0,210,87,395,0,240,-77" />
</Scene>
<Scene>
<INIT seed="4,0,0,0,0,9" ten="145,297,395,163" oya="0" hai0="99,108,124,53,71,39,57,70,49,65,107,26,80" hai1="131,97,120,113,84,10,59,62,68,116,96,58,50" hai2="122,30,133,76,110,115,75,67,74,32,34,29,66" hai3="95,92,100,69,24,121,101,132,86,109,45,135,119"/><T117/><D117/><U23/><E120/><V43/><F43/><W79/><G69/><T47/><D80/><U103/><E116/><V5/><F122/><W72/><G119/><T94/><D107/><U104/><E131/><V114/><F5/><W40/><G121/><T89/><D124/><U27/><E96/><V19/><F19/><W38/><G109/><T123/><D123/><U20/><E10/><V73/><F76/><W128/><G128/><T56/><D108/><U54/><E113/><N who="2" m="43019" /><F133/><N who="3" m="51275" /><G24/><T42/><REACH who="0" step="1"/><D26/><REACH who="0" ten="135,297,395,163" step="2"/><U91/><E27/><N who="2" m="18495" /><F110/><W93/><G72/><T130/><D130/><U85/><E104/><V105/><F105/><W87/><G87/><T78/><D78/><U125/><E85/><V111/><F111/><W3/><G3/><T18/><D18/><U7/><E84/><V126/><F126/><W55/><G79/><T134/><D134/><U14/><E125/><V17/><F17/><W106/><G86/><T77/><D77/><U12/><E97/><V0/><F0/><W118/><G118/><T46/><D46/><U16/><E16/><V1/><F1/><W36/><G106/><T8/><D8/><U98/><E98/><V88/><F30/><W83/><G83/><T52/><D52/><U25/><E54/><V127/><F127/><W61/><G45/><T60/><AGARI ba="0,1" hai="39,42,47,49,53,56,57,60,65,70,71,89,94,99" machi="60" ten="30,3000,0" yaku="1,1,0,1,53,0" doraHai="9" doraHaiUra="82" who="0" fromWho="0" sc="135,40,297,-10,395,-10,163,-10" />
</Scene>
<Scene>
<INIT seed="4,1,0,1,1,47" ten="175,287,385,153" oya="0" hai0="129,108,89,84,20,75,41,128,119,36,17,115,4" hai1="27,38,58,105,66,49,64,107,122,78,56,82,67" hai2="133,59,13,62,87,85,43,102,110,92,21,118,79" hai3="124,22,18,111,15,104,95,88,94,70,72,135,40"/><T35/><D75/><U55/><E38/><V5/><F110/><W32/><G111/><T37/><D119/><U93/><E93/><V33/><F33/><W48/><G104/><T126/><D108/><U44/><E27/><V116/><F43/><W19/><G70/><T100/><D35/><U117/><E122/><V123/><F123/><W1/><G72/><T68/><D68/><U103/><E117/><N who="2" m="45163" /><F79/><W71/><G71/><T61/><D115/><U97/><REACH who="1" step="1"/><E107/><REACH who="1" ten="175,277,385,153" step="2"/><V69/><F133/><W57/><G94/><N who="0" m="54567" /><D37/><U76/><E76/><V24/><F92/><W98/><G135/><T96/><D36/><U114/><E114/><V9/><F102/><W132/><G132/><T2/><D100/><U7/><E7/><V131/><F131/><W91/><G91/><T0/><D4/><U65/><N who="1" m="16384" /><DORA hai="3" /><U73/><AGARI ba="1,1" hai="44,49,55,56,58,73,78,82,97,103,105" m="16384" machi="73" ten="40,8000,1" yaku="1,1,4,1,0,1,52,1,53,1" doraHai="47,3" doraHaiUra="25,99" who="1" fromWho="1" sc="175,-41,277,93,385,-21,153,-21" />
</Scene>
<Scene>
<INIT seed="5,0,0,3,5,47" ten="134,370,364,132" oya="1" hai0="63,102,17,40,80,121,48,50,132,32,10,99,14" hai1="25,114,110,71,3,61,66,70,126,134,86,120,89" hai2="30,35,129,65,106,112,107,103,85,100,44,135,37" hai3="124,11,13,33,117,28,104,76,87,118,125,101,97"/><U133/><E120/><V2/><F2/><W8/><G28/><T41/><D32/><U130/><E114/><V84/><F65/><W60/><G33/><T127/><D132/><N who="1" m="50795" /><E126/><N who="3" m="48746" /><G60/><T51/><D127/><U49/><E130/><V73/><F73/><W93/><G8/><T22/><D121/><U88/><E3/><V69/><F135/><W91/><G13/><T77/><D63/><U75/><E75/><V109/><F30/><W115/><G11/><T58/><D58/><U43/><E89/><V72/><F72/><W78/><G115/><T29/><D80/><U94/><E25/><V131/><F35/><W38/><G38/><T21/><D77/><AGARI ba="0,0" hai="76,77,78,87,91,93,97,101,104,117,118" m="48746" machi="77" ten="30,3900,0" yaku="18,1,34,2" doraHai="47" who="3" fromWho="0" sc="134,-39,370,0,364,0,132,39" />
</Scene>
<Scene>
<INIT seed="6,0,0,3,2,2" ten="95,370,364,171" oya="2" hai0="68,84,126,1,118,22,23,130,128,12,76,106,120" hai1="91,43,45,123,36,134,119,75,5,62,115,56,90" hai2="16,104,135,74,46,49,83,72,107,58,57,132,11" hai3="26,55,4,3,14,50,121,70,108,96,65,59,78"/><V102/><F102/><W29/><G108/><T64/><D1/><U89/><E119/><V39/><F39/><W0/><G121/><T114/><D106/><N who="2" m="40490" /><F83/><W15/><G78/><T105/><D105/><U116/><E123/><V32/><F32/><W67/><G96/><T131/><D120/><U92/><E116/><V35/><F35/><W109/><G109/><T19/><D118/><U95/><E75/><N who="2" m="28715" /><F11/><W13/><G4/><T27/><D114/><U71/><E5/><V41/><F16/><W80/><G80/><T79/><D126/><U110/><E110/><V103/><F103/><W93/><G93/><T82/><D64/><U94/><E71/><V51/><F51/><W66/><REACH who="3" step="1"/><G70/><REACH who="3" ten="95,370,364,161" step="2"/><T7/><D68/><U44/><E94/><V60/><F60/><W31/><G31/><N who="0" m="17919" /><D76/><U77/><E77/><V100/><F100/><W24/><G24/><T112/><D112/><U48/><E115/><V30/><F30/><W113/><G113/><T86/><D86/><U111/><E111/><V33/><F33/><AGARI ba="0,1" hai="0,3,13,14,15,26,29,33,50,55,59,65,66,67" machi="33" ten="40,1300,0" yaku="1,1,53,0" doraHai="2" doraHaiUra="87" who="3" fromWho="2" sc="95,0,370,0,364,-13,161,23" />
</Scene>
<Scene>
<INIT seed="7,0,0,0,3,107" ten="95,370,351,184" oya="3" hai0="10,43,131,60,98,13,105,117,118,7,97,38,78" hai1="80,84,135,93,115,92,101,129,35,22,62,112,122" hai2="110,89,58,123,116,2,128,18,46,39,109,100,50" hai3="48,133,121,91,125,1,72,81,77,96,75,134,95"/><W74/><G1/><T79/><D131/><U14/><E122/><V132/><F116/><W57/><G121/><T24/><D43/><U26/><E129/><V44/><F128/><W19/><G125/><T90/><D38/><U104/><E135/><N who="3" m="51722" /><G19/><T0/><D117/><U21/><E35/><V17/><F132/><W56/><G48/><T31/><D118/><U4/><E104/><V59/><F123/><W12/><G12/><T41/><D41/><U126/><E126/><V68/><F2/><W8/><G8/><T25/><D0/><U111/><E111/><V16/><F39/><W86/><AGARI ba="0,0" hai="56,57,72,74,75,77,81,86,91,95,96" m="51722" machi="86" ten="40,12000,1" yaku="20,1,52,3" doraHai="107" who="3" fromWho="3" sc="95,-40,370,-40,351,-40,184,120" />
</Scene>
<Scene>
<INIT seed="7,1,0,2,5,118" ten="55,330,311,304" oya="3" hai0="25,103,95,94,132,110,73,41,88,119,65,113,115" hai1="106,19,134,5,82,3,64,47,99,74,125,49,28" hai2="32,90,7,135,69,39,66,68,81,11,6,1,42" hai3="76,60,63,36,44,93,54,87,102,121,114,129,117"/><W31/><G117/><T46/><D65/><U124/><E134/><V109/><F109/><W48/><G121/><T71/><D71/><U24/><E64/><V67/><F135/><W30/><G114/><T62/><D119/><U52/><E19/><V91/><F32/><W29/><G129/><T83/><D132/><U26/><E3/><V55/><F7/><W27/><G36/><T50/><D110/><U128/><E5/><V0/><F0/><W100/><G27/><T127/><D127/><N who="1" m="48715" /><E128/><V34/><F34/><W22/><G22/><T23/><D103/><N who="3" m="39465" /><G93/><T112/><D62/><N who="3" m="23593" /><G87/><T9/><D9/><U35/><E106/><V61/><F67/><W37/><G37/><T96/><D73/><U43/><E26/><V97/><F69/><W56/><G76/><T107/><D95/><U123/><E123/><V4/><F97/><W12/><G12/><T58/><D58/><U104/><E104/><V72/><F6/><W80/><G80/><T120/><D107/><U86/><E99/><V45/><F55/><W101/><N who="3" m="39473" /><W70/><DORA hai="79" /><G70/><T98/><D120/><U10/><E74/><V105/><F105/><W75/><G75/><T89/><D98/><U2/><E2/><V78/><AGARI ba="1,0" hai="1,4,11,39,42,45,61,66,68,72,78,81,90,91" machi="78" ten="30,7900,0" yaku="0,1,25,2,52,1" doraHai="118,79" who="2" fromWho="2" sc="55,-21,330,-21,311,82,304,-40" owari="34,-47.0,309,11.0,393,50.0,264,-14.0" />
</Scene>
</mjloggm>