<mjloggm ver="2.3"><GO type="169" lobby="0"/><UN n0="%65%69%6B%31" n1="%E2%80%A0%41%71%75%61%E2%80%A0" n2="%E5%A4%AA%E3%81%8F%E3%81%AA%E3%81%84%E3%81%8A" n3="%E3%81%97%E3%82%87%E3%81%BC%E3%82%93%EF%BD%8E" dan="17,16,17,16" rate="2146.36,2138.97,2233.84,2179.45" sx="M,M,M,F"/><TAIKYOKU oya="0"/>

<Scene>
<INIT seed="0,0,0,5,2,20" ten="250,250,250,250" oya="0" hai0="19,7,114,10,82,76,100,66,47,44,67,107,90" hai1="99,33,45,56,106,115,121,25,0,37,9,68,111" hai2="86,108,109,83,69,126,4,135,2,74,28,104,78" hai3="129,57,88,31,127,79,89,5,91,128,53,3,38"/><T105/><D114/><U73/><RYUUKYOKU type="yao9" ba="0,0" sc="250,0,250,0,250,0,250,0" hai1="0,9,25,33,37,45,56,68,73,99,106,111,115,121" />
</Scene>
<Scene>
<INIT seed="0,1,0,2,0,110" ten="250,250,250,250" oya="0" hai0="56,18,19,6,10,126,117,120,59,72,85,61,34" hai1="103,128,67,60,116,93,40,133,35,62,45,4,46" hai2="131,79,31,80,105,58,30,99,41,50,15,81,57" hai3="107,113,51,102,47,9,27,134,101,42,122,23,71"/><T123/><D72/><U32/><E116/><V74/><F131/><W13/><G71/><T75/><D75/><U127/><E128/><V17/><F80/><W1/><G134/><T28/><D117/><U77/><E77/><V2/><F2/><W8/><G122/><T26/><D126/><U100/><E127/><V3/><F3/><W48/><G113/><T70/><D70/><U64/><E4/><V115/><F115/><W98/><G1/><T121/><D85/><U65/><E133/><V83/><F83/><W124/><G124/><T129/><D129/><U76/><E76/><V104/><F41/><W69/><G69/><T111/><D111/><U29/><E29/><V114/><F114/><W90/><G51/><T78/><D78/><U0/><E0/><V118/><F118/><W130/><G130/><T73/><D73/><U63/><E93/><V66/><F66/><W119/><G119/><T43/><D43/><U82/><E82/><V14/><F50/><W20/><G8/><T55/><REACH who="0" step="1"/><D59/><REACH who="0" ten="240,250,250,250" step="2"/><U11/><E40/><V22/><F58/><W12/><G42/><T92/><D92/><U33/><REACH who="1" step="1"/><E11/><REACH who="1" ten="240,240,250,250" step="2"/><V84/><F74/><W86/><G9/><T21/><D21/><U37/><E37/><V7/><F22/><W88/><G20/><T125/><D125/><U132/><E132/><V91/><F79/><W16/><G23/><T39/><D39/><U49/><E49/><V52/><F81/><W109/><G48/><T87/><D87/><U24/><E24/><V108/><F84/><W89/><G86/><T106/><D106/><N who="2" m="41066" /><F108/><W112/><G109/><RYUUKYOKU ba="1,2" sc="240,15,240,15,250,-15,250,-15" hai0="6,10,18,19,26,28,34,55,56,61,120,121,123" hai1="32,33,35,45,46,60,62,63,64,65,67,100,103" />
</Scene>
<Scene>
<INIT seed="0,2,2,2,2,52" ten="255,255,235,235" oya="0" hai0="129,4,86,132,80,27,105,26,104,70,24,59,130" hai1="9,51,6,39,94,72,69,10,42,101,45,123,108" hai2="47,16,134,84,109,99,2,121,3,67,100,65,25" hai3="118,114,61,23,133,55,56,66,15,127,31,34,18"/><T32/><D70/><U98/><E123/><V126/><F121/><W79/><G118/><T124/><D32/><U19/><E69/><V102/><F109/><W85/><G114/><T112/><D112/><U44/><E108/><V113/><F113/><W76/><G133/><T36/><D36/><U13/><E72/><V131/><F134/><W64/><G127/><T7/><D132/><U11/><REACH who="1" step="1"/><E6/><REACH who="1" ten="255,245,235,235" step="2"/><V62/><F126/><W0/><G0/><T125/><D125/><U88/><E88/><V110/><F2/><W43/><G76/><N who="0" m="46343" /><D124/><U82/><E82/><V78/><F78/><W48/><G79/><T81/><D81/><U54/><AGARI ba="2,3" hai="9,10,11,13,19,39,42,44,45,51,54,94,98,101" machi="54" ten="20,5200,0" yaku="1,1,0,1,7,1,53,1" doraHai="52" doraHaiUra="38" who="1" fromWho="1" sc="255,-28,245,88,235,-15,235,-15" />
</Scene>
<Scene>
<INIT seed="1,0,0,0,3,25" ten="227,333,220,220" oya="1" hai0="110,11,66,122,36,65,67,2,20,135,16,116,133" hai1="4,86,34,37,124,58,33,10,126,79,40,72,1" hai2="119,28,87,104,59,94,131,5,103,54,7,102,8" hai3="52,115,99,44,127,111,17,29,100,68,38,71,98"/><U93/><E58/><V123/><F119/><W41/><G115/><T85/><D116/><U84/><E72/><V132/><F123/><W61/><G111/><T60/><D110/><U75/><E75/><V35/><F104/><W88/><G127/><N who="1" m="48682" /><E79/><V76/><F131/><W14/><G29/><T6/><D36/><U46/><E93/><V63/><F132/><N who="0" m="50762" /><D85/><AGARI ba="0,0" hai="1,4,10,33,34,37,40,46,84,85,86" m="48682" machi="85" ten="30,1500,0" yaku="18,1" doraHai="25" who="1" fromWho="0" sc="227,-15,333,15,220,0,220,0" />
</Scene>
<Scene>
<INIT seed="1,1,0,4,1,1" ten="212,348,220,220" oya="1" hai0="63,74,92,104,116,129,91,68,119,27,6,43,12" hai1="97,80,59,14,61,109,122,51,86,81,52,114,55" hai2="56,134,53,13,47,82,77,71,108,33,88,5,8" hai3="124,28,132,69,94,96,125,45,127,99,29,121,120"/><U4/><E114/><V50/><F108/><W17/><G69/><T19/><D104/><U72/><E122/><N who="3" m="47210" /><G132/><T66/><D129/><U54/><E109/><V57/><F134/><W23/><G45/><T32/><D74/><U46/><E72/><V95/><F33/><W3/><G3/><T9/><D43/><U131/><E131/><V100/><F100/><N who="3" m="60439" /><G99/><T106/><D106/><U90/><E97/><N who="2" m="57575" /><F71/><W70/><G70/><T22/><REACH who="0" step="1"/><D32/><REACH who="0" ten="202,348,220,220" step="2"/><U49/><E81/><V39/><F39/><W10/><G10/><T117/><D117/><U41/><E51/><V76/><F82/><W73/><G73/><T75/><D75/><U11/><AGARI ba="1,1" hai="4,11,14,41,46,49,52,54,55,59,61,80,86,90" machi="11" ten="30,11700,0" yaku="0,1,8,1,52,1,54,1" doraHai="1" who="1" fromWho="1" sc="202,-40,348,130,220,-40,220,-40" />
</Scene>
<Scene>
<INIT seed="1,2,0,2,1,120" ten="162,478,180,180" oya="1" hai0="5,59,91,78,80,34,95,104,48,127,13,129,33" hai1="111,42,109,99,79,87,29,90,134,54,14,82,124" hai2="135,15,125,23,118,7,88,128,12,114,72,24,69" hai3="22,40,81,101,55,57,64,77,130,115,11,49,31"/><U105/><E42/><V94/><F118/><W106/><G115/><T2/><D104/><U86/><E29/><V68/><F72/><W25/><G130/><T6/><D2/><U39/><E39/><V67/><F128/><W51/><G64/><T126/><D129/><U121/><E121/><V17/><F114/><W93/><G106/><T84/><D59/><U74/><E54/><V36/><F36/><W35/><G35/><N who="0" m="13323" /><D48/><U1/><E1/><V56/><F125/><N who="0" m="47626" /><D13/><U3/><E3/><V133/><F56/><W26/><G26/><T96/><AGARI ba="2,0" hai="5,6,78,80,84,91,95,96" m="47626,13323" machi="96" ten="30,1100,0" yaku="18,1" doraHai="120" who="0" fromWho="0" sc="162,17,478,-7,180,-5,180,-5" />
</Scene>
<Scene>
<INIT seed="2,0,0,3,0,74" ten="179,471,175,175" oya="2" hai0="0,105,112,43,13,66,56,98,122,55,130,14,96" hai1="58,95,38,90,106,21,10,125,68,84,26,132,118" hai2="126,8,115,25,97,89,116,127,60,53,40,49,30" hai3="4,16,93,20,17,101,121,134,80,22,27,46,73"/><V63/><F115/><W3/><G121/><T7/><D112/><U129/><E68/><V31/><F116/><W5/><G134/><T23/><D122/><U50/><E118/><V114/><F114/><W15/><G3/><T104/><D130/><U32/><E38/><V75/><F75/><W88/><G73/><T57/><D43/><U64/><E132/><V37/><F37/><W76/><G101/><T120/><D120/><U86/><E106/><V39/><F39/><W109/><G109/><T83/><D0/><U100/><E32/><V62/><F40/><W72/><REACH who="3" step="1"/><G46/><REACH who="3" ten="179,471,175,165" step="2"/><T113/><D113/><U54/><E100/><V103/><F103/><W2/><G2/><T69/><D105/><U87/><E129/><V123/><F123/><W12/><G12/><T128/><D104/><U108/><E108/><V33/><F127/><W52/><G52/><T59/><D55/><U47/><E125/><V61/><F126/><W34/><G34/><T71/><D128/><U117/><E117/><V85/><F33/><W110/><G110/><T11/><D14/><U45/><E47/><V94/><F53/><W119/><G119/><T99/><D66/><U29/><E64/><V78/><F25/><W9/><G9/><T28/><D11/><U102/><E102/><V107/><F8/><W42/><G42/><T92/><D13/><U81/><E10/><V124/><F124/><W67/><G67/><T133/><D133/><U35/><E35/><V91/><F107/><W1/><G1/><T51/><D7/><U48/><E45/><V131/><N who="2" m="15360" /><DORA hai="77" /><V70/><F131/><RYUUKYOKU ba="0,1" sc="179,-10,471,-10,175,-10,165,30" hai3="4,5,15,16,17,20,22,27,72,76,80,88,93" />
</Scene>
<Scene>
<INIT seed="3,1,1,2,4,101" ten="169,461,165,195" oya="3" hai0="75,103,51,96,45,4,40,93,7,128,22,102,32" hai1="117,61,72,106,76,36,14,16,129,0,112,82,48" hai2="115,15,116,54,59,43,79,20,56,130,37,87,26" hai3="105,57,68,71,18,44,84,86,90,113,108,42,66"/><W114/><G108/><T83/><D32/><U107/><E36/><V126/><F115/><W119/><G119/><T55/><D128/><U24/><E112/><V92/><F116/><W13/><G57/><T70/><D70/><U104/><E117/><V53/><F130/><W1/><G1/><T78/><D103/><U99/><E0/><V131/><F131/><W85/><G90/><T133/><D133/><U77/><E129/><V118/><F118/><W94/><G94/><T125/><D125/><U88/><E76/><V80/><F126/><W49/><G105/><T127/><D127/><U135/><E135/><V134/><F134/><W89/><G89/><T69/><D69/><U30/><E61/><V100/><F15/><W91/><G91/><T110/><D110/><U62/><E62/><V50/><F37/><W29/><G29/><T67/><D67/><U123/><E48/><V65/><F43/><W11/><REACH who="3" step="1"/><G68/><REACH who="3" ten="169,461,165,185" step="2"/><T124/><D124/><U122/><E88/><V34/><F59/><W95/><G95/><T41/><D93/><U52/><E107/><V97/><F56/><W35/><G35/><T121/><D102/><U25/><E106/><V60/><F34/><W47/><G47/><T111/><D111/><U3/><E104/><V27/><F92/><W73/><G73/><T39/><D75/><U23/><E72/><V46/><F100/><W81/><G81/><T5/><D83/><U63/><E82/><V8/><F80/><W132/><G132/><T74/><D74/><U21/><E3/><V28/><F28/><W2/><G2/><T12/><D45/><RYUUKYOKU ba="1,2" sc="169,-10,461,-10,165,-10,185,30" hai3="11,13,18,42,44,49,66,71,84,85,86,113,114" />
</Scene>
<Scene>
<INIT seed="3,2,2,0,2,121" ten="159,451,155,215" oya="3" hai0="11,8,104,28,85,112,61,0,49,64,118,39,46" hai1="34,74,65,32,15,1,120,100,135,73,114,89,88" hai2="47,134,108,123,45,106,42,116,97,2,119,95,122" hai3="109,129,131,82,113,87,6,4,52,56,21,38,72"/><W53/><G113/><T115/><D118/><N who="2" m="45098" /><F2/><W24/><G72/><T68/><D104/><U31/><E120/><N who="2" m="46123" /><F106/><W94/><G38/><T78/><D39/><U125/><E1/><V77/><F77/><W86/><G94/><T80/><D28/><U23/><E125/><V40/><F134/><W60/><G53/><T81/><D81/><U43/><E100/><N who="2" m="60479" /><F108/><W93/><G109/><T10/><REACH who="0" step="1"/><D0/><REACH who="0" ten="149,451,155,215" step="2"/><U5/><E31/><V84/><F84/><W58/><G87/><T14/><D14/><U7/><E15/><V37/><F37/><W57/><G93/><T92/><D92/><U63/><E74/><V126/><F126/><W33/><G86/><T54/><AGARI ba="2,3" hai="8,10,11,46,49,54,61,64,68,78,80,85,112,115" machi="54" ten="30,2000,0" yaku="1,1,0,1,53,0" doraHai="121" doraHaiUra="91" who="0" fromWho="0" sc="149,56,451,-7,155,-7,215,-12" />
</Scene>
<Scene>
<INIT seed="4,0,0,0,1,49" ten="205,444,148,203" oya="0" hai0="25,110,91,77,19,47,107,116,12,35,111,17,89" hai1="3,29,63,120,133,76,37,98,103,97,16,123,34" hai2="127,113,10,53,119,48,31,88,4,101,83,125,100" hai3="50,11,44,46,93,80,45,124,82,14,22,55,126"/><T71/><D116/><U54/><E3/><V112/><F31/><W52/><G22/><N who="0" m="13535" /><D35/><U68/><E37/><V27/><F27/><W40/><G93/><T122/><D122/><U59/><E76/><V115/><F119/><W41/><G45/><T104/><D71/><U74/><E74/><V102/><F83/><N who="3" m="31787" /><G126/><N who="2" m="48137" /><F88/><N who="0" m="33866" /><D47/><U6/><E68/><V60/><F60/><W42/><G124/><T132/><D77/><U56/><E63/><V0/><F101/><W26/><G26/><T84/><D84/><U69/><E103/><V36/><F36/><W23/><G23/><N who="0" m="11687" /><D132/><U73/><E69/><V58/><AGARI ba="0,0" hai="0,4,10,48,53,58,100,102,112,113,115" m="48137" machi="58" ten="40,5200,0" yaku="15,1,18,1,52,1" doraHai="49" who="2" fromWho="2" sc="205,-26,444,-13,148,52,203,-13" />
</Scene>
<Scene>
<INIT seed="5,0,0,4,1,97" ten="179,431,200,190" oya="1" hai0="123,121,62,76,16,0,57,13,100,115,113,20,48" hai1="58,86,15,130,40,33,37,105,46,120,72,61,50" hai2="7,98,11,65,32,79,103,114,31,14,133,64,78" hai3="119,12,59,69,122,88,112,74,85,77,18,9,44"/><U34/><E72/><V4/><F133/><W110/><G69/><T111/><D111/><U128/><E120/><N who="0" m="46153" /><D0/><U83/><E105/><V106/><F7/><W101/><G110/><T36/><D36/><U42/><E15/><V60/><F114/><N who="0" m="43530" /><D76/><N who="1" m="46439" /><E40/><V70/><F65/><W95/><G119/><T67/><D100/><U126/><E126/><V89/><F89/><W93/><G112/><T47/><D48/><U23/><E23/><V68/><F68/><W92/><G74/><T49/><D49/><U84/><E84/><V129/><F129/><N who="1" m="49769" /><E37/><V24/><AGARI ba="0,0" hai="4,11,14,24,31,32,60,64,70,78,79,98,103,106" machi="24" ten="30,7900,0" yaku="0,1,25,2,52,1" doraHai="97" who="2" fromWho="2" sc="179,-20,431,-39,200,79,190,-20" />
</Scene>
<Scene>
<INIT seed="6,0,0,2,3,75" ten="159,392,279,170" oya="2" hai0="112,82,76,96,95,100,21,61,68,29,110,115,39" hai1="116,20,43,103,53,121,134,86,34,1,92,89,94" hai2="88,59,50,91,67,113,6,47,37,12,117,125,5" hai3="33,78,126,106,55,98,90,102,81,128,107,57,105"/><V15/><F117/><W7/><G33/><T38/><D110/><U56/><E34/><V97/><F37/><W45/><G126/><T84/><D29/><U80/><E1/><V77/><F113/><N who="0" m="43594" /><D21/><U4/><E116/><V99/><F125/><W131/><G45/><T10/><D10/><U127/><E127/><V11/><F77/><W3/><G7/><T14/><D14/><U93/><E43/><V32/><F32/><W79/><G3/><T48/><D48/><U132/><E121/><V108/><F108/><W25/><G25/><T69/><D61/><U64/><E64/><V8/><F59/><W49/><G90/><N who="2" m="34345" /><F67/><W118/><G118/><T27/><D27/><U18/><E4/><V36/><F36/><AGARI ba="0,0" hai="36,38,39,68,69,76,82,84,95,96,100" m="43594" machi="36" ten="30,2000,0" yaku="15,1,52,1" doraHai="75" who="0" fromWho="2" sc="159,20,392,0,279,-20,170,0" />
</Scene>
<Scene>
<INIT seed="7,0,0,0,2,0" ten="179,392,259,170" oya="3" hai0="105,99,118,129,56,88,117,91,85,112,32,80,94" hai1="2,92,116,90,20,130,59,53,52,11,31,40,4" hai2="93,65,7,16,54,109,29,24,124,33,38,13,95" hai3="49,41,15,103,27,120,100,82,122,67,34,6,126"/><W104/><G126/><T12/><D32/><U71/><E71/><V135/><F109/><W134/><G134/><T111/><D111/><U50/><E130/><V57/><F38/><W79/><G67/><T48/><D129/><U76/><E76/><V69/><F124/><W113/><G113/><T78/><D112/><U60/><E40/><V21/><F135/><W18/><G104/><T106/><D12/><U63/><E116/><N who="0" m="44649" /><D48/><U70/><E70/><V108/><F108/><W51/><G120/><T77/><D56/><U46/><E20/><V55/><F55/><W47/><G122/><T17/><D17/><U28/><E63/><V9/><F69/><W125/><G125/><T22/><D22/><U36/><E36/><V39/><F39/><W43/><G34/><T3/><D3/><U101/><E101/><N who="3" m="38986" /><G27/><T66/><D66/><U1/><E2/><N who="2" m="247" /><F65/><W102/><N who="3" m="38994" /><W5/><DORA hai="37" /><G82/><N who="0" m="47319" /><D91/><U87/><AGARI ba="0,0" hai="1,4,11,28,31,46,50,52,53,59,60,87,90,92" machi="87" ten="20,5200,0" yaku="0,1,7,1,52,1,54,1" doraHai="0,37" who="1" fromWho="1" sc="179,-13,392,52,259,-13,170,-26" owari="166,-23.0,444,54.0,246,5.0,144,-36.0" />
</Scene>
</mjloggm>