<mjloggm ver="2.3"><GO type="169" lobby="0"/><UN n0="%70%69%2D%70%6F" n1="%E5%A4%AA%E3%81%8F%E3%81%AA%E3%81%84%E3%81%8A" n2="%E6%93%AC%E4%BC%BC%E9%80%A3%E5%AE%9D%E7%87%88%E7%BE%8E" n3="%65%72%61%6E%76%69%74%61" dan="18,18,17,16" rate="2216.96,2240.15,2176.20,2101.36" sx="M,F,M,M"/><TAIKYOKU oya="0"/>

<Scene>
<INIT seed="0,0,0,1,0,122" ten="250,250,250,250" oya="0" hai0="63,47,108,77,60,68,5,64,44,83,33,6,2" hai1="118,0,7,104,35,24,79,96,71,9,61,23,117" hai2="20,114,84,56,111,18,32,50,97,102,81,101,36" hai3="133,53,3,65,38,70,51,69,132,58,57,126,135"/><T31/><D63/><U100/><E23/><V107/><F36/><W21/><G3/><T1/><D6/><U34/><E79/><V26/><F114/><W16/><G38/><T120/><D120/><U4/><E4/><V41/><F32/><W28/><G28/><T15/><D15/><U75/><E75/><V103/><F111/><W43/><G21/><T123/><D123/><U29/><E34/><V130/><F130/><W14/><G14/><T92/><D92/><U39/><E39/><V40/><F107/><W11/><G16/><T17/><D17/><U72/><E72/><V112/><F97/><W37/><G11/><N who="0" m="2479" /><D47/><U94/><E94/><V22/><F112/><W125/><G43/><T74/><D44/><U90/><E90/><N who="2" m="51471" /><F20/><W59/><G37/><T46/><D46/><U10/><E10/><V129/><F129/><W27/><G27/><N who="0" m="18687" /><D2/><U12/><E12/><V76/><F76/><W30/><G30/><T98/><D98/><U55/><E55/><AGARI ba="0,0" hai="18,22,26,40,41,50,55,56,101,102,103" m="51471" machi="55" ten="30,1000,0" yaku="8,1" doraHai="122" who="2" fromWho="1" sc="250,0,250,-10,250,10,250,0" />
</Scene>
<Scene>
<INIT seed="1,0,0,5,1,74" ten="250,240,260,250" oya="1" hai0="29,65,93,44,111,15,96,73,25,82,43,108,95" hai1="109,78,7,47,112,64,3,0,125,32,98,107,34" hai2="53,63,12,31,9,113,81,120,87,30,36,20,75" hai3="101,60,14,104,23,38,68,117,49,86,130,66,124"/><U6/><E112/><V17/><F120/><W99/><G38/><T56/><D15/><U13/><E64/><V67/><F113/><W80/><G117/><T128/><D128/><U88/><E47/><V4/><F75/><W121/><G130/><T123/><D123/><U72/><E13/><V50/><F36/><W37/><G37/><N who="0" m="21615" /><D73/><U102/><E125/><V11/><F50/><W58/><G124/><T83/><D93/><U85/><E109/><N who="0" m="42057" /><D56/><U16/><E16/><V22/><F53/><W46/><G121/><T10/><D10/><U119/><E119/><V26/><F20/><W129/><G129/><T84/><D84/><U106/><E106/><V27/><F27/><W133/><G23/><N who="0" m="15551" /><D65/><U70/><E7/><V79/><REACH who="2" step="1"/><F11/><REACH who="2" ten="250,240,250,250" step="2"/><W57/><G49/><T105/><D105/><U48/><E48/><V28/><F28/><W77/><G46/><T116/><D116/><U33/><E34/><V41/><F41/><W5/><REACH who="3" step="1"/><G133/><REACH who="3" ten="250,240,250,240" step="2"/><T115/><D115/><U100/><E32/><V118/><F118/><W131/><G131/><T54/><D54/><U62/><E33/><V45/><F45/><W59/><G59/><AGARI ba="0,2" hai="4,9,12,17,22,26,30,31,59,63,67,79,81,87" machi="59" ten="30,8000,1" yaku="1,1,7,1,8,1,52,1,53,1" doraHai="74" doraHaiUra="21" who="2" fromWho="3" sc="250,0,240,0,250,100,240,-80" />
</Scene>
<Scene>
<INIT seed="2,0,0,5,3,59" ten="250,240,350,160" oya="2" hai0="62,57,22,90,35,24,0,77,4,123,86,21,87" hai1="103,69,11,85,25,37,47,97,119,108,7,107,71" hai2="70,109,133,12,112,73,8,114,126,129,94,50,106" hai3="61,100,42,27,93,78,95,81,75,68,116,15,82"/><V80/><F70/><W53/><G116/><T110/><D123/><U96/><E119/><V55/><F106/><W36/><G100/><T9/><D110/><U89/><E97/><V125/><F109/><W17/><G27/><T84/><D77/><U130/><E108/><V72/><F129/><W74/><G42/><T83/><D35/><U28/><E130/><V48/><F94/><W104/><G36/><T131/><D131/><U105/><E105/><V124/><F133/><W128/><G104/><T33/><D33/><U120/><E120/><V23/><F23/><W39/><G39/><T99/><D99/><U38/><E38/><V113/><F80/><W1/><G1/><T56/><D56/><U79/><E79/><V43/><F43/><W2/><G2/><T54/><REACH who="0" step="1"/><D22/><REACH who="0" ten="240,240,350,160" step="2"/><U49/><E71/><V3/><F113/><W18/><G128/><T66/><D66/><U34/><E69/><V51/><F112/><W46/><G68/><T20/><D20/><U67/><E67/><V44/><F114/><W91/><G75/><T29/><AGARI ba="0,1" hai="0,4,9,21,24,29,54,57,62,83,84,86,87,90" machi="29" ten="20,8000,1" yaku="1,1,0,1,7,1,52,1,53,1" doraHai="59" doraHaiUra="26" who="0" fromWho="0" sc="240,90,240,-20,350,-40,160,-20" />
</Scene>
<Scene>
<INIT seed="3,0,0,5,0,110" ten="330,220,310,140" oya="3" hai0="46,68,112,101,67,79,32,14,103,130,26,8,134" hai1="129,45,12,47,61,124,34,65,10,85,25,126,71" hai2="38,99,121,9,78,6,63,84,36,109,30,0,64" hai3="28,96,122,123,62,73,81,7,29,51,88,86,50"/><W117/><G117/><T1/><D1/><U44/><E129/><V11/><F109/><W105/><G7/><T97/><D134/><U135/><E135/><V60/><F121/><W72/><G62/><T2/><D2/><U69/><E69/><V120/><F120/><N who="3" m="46123" /><G50/><T5/><D79/><U102/><E85/><V21/><F63/><W118/><G51/><T98/><D46/><U40/><E40/><V104/><F11/><W131/><G28/><T48/><D48/><U108/><E108/><V113/><F21/><W55/><G55/><T127/><D67/><U66/><E66/><V49/><F30/><W92/><G29/><T15/><D26/><U33/><E102/><V82/><F49/><W75/><G118/><T20/><D20/><U128/><E128/><V19/><F19/><W18/><G18/><T90/><D32/><U59/><E71/><V93/><F38/><W16/><G16/><T13/><D68/><U31/><REACH who="1" step="1"/><E34/><REACH who="1" ten="330,210,310,140" step="2"/><V41/><F41/><W24/><G131/><T87/><D103/><U107/><E107/><V95/><F104/><W52/><G52/><T80/><D101/><U74/><E74/><V43/><F43/><W76/><G24/><T89/><D130/><U116/><E116/><V133/><F133/><W111/><G111/><T70/><D70/><U22/><E22/><V17/><F64/><W4/><G4/><AGARI ba="0,1" hai="4,10,12,25,31,33,44,45,47,59,61,65,124,126" machi="4" ten="40,1300,0" yaku="1,1,53,0" doraHai="110" doraHaiUra="100" who="1" fromWho="3" sc="330,0,210,23,310,0,140,-13" />
</Scene>
<Scene>
<INIT seed="4,0,0,5,1,77" ten="330,233,310,127" oya="0" hai0="75,117,29,19,106,126,70,48,25,101,23,79,88" hai1="105,31,34,127,28,113,14,112,60,103,56,67,100" hai2="59,2,82,92,22,16,26,5,131,107,91,115,10" hai3="49,135,69,109,68,35,3,7,134,61,9,93,0"/><T99/><D126/><U90/><E127/><V65/><F107/><W78/><G0/><T111/><D117/><U119/><E119/><V21/><F115/><N who="1" m="44105" /><E105/><V86/><F131/><W39/><G39/><T47/><D111/><U15/><E90/><V51/><F22/><W45/><G35/><T128/><D128/><U44/><E44/><V83/><REACH who="2" step="1"/><F51/><REACH who="2" ten="330,233,300,127" step="2"/><W94/><G109/><T27/><D48/><U36/><E36/><V132/><F132/><W121/><G135/><T41/><D23/><U85/><E34/><V114/><F114/><W104/><G104/><T120/><D106/><U30/><E31/><V110/><F110/><W124/><G134/><T72/><D29/><U52/><E30/><V4/><F4/><W102/><G124/><T62/><D19/><U57/><E28/><V125/><F125/><W66/><G121/><T122/><D122/><U89/><E100/><V17/><F17/><W54/><G102/><T38/><D101/><U87/><E103/><V8/><F8/><W133/><G133/><T81/><D120/><U6/><E6/><V116/><F116/><W129/><G129/><T64/><REACH who="0" step="1"/><D75/><REACH who="0" ten="320,233,300,127" step="2"/><U58/><E60/><AGARI ba="0,2" hai="2,5,10,16,21,26,59,60,65,82,83,86,91,92" machi="60" ten="40,8000,1" yaku="1,1,52,2,54,1,53,1" doraHai="77" doraHaiUra="80" who="2" fromWho="1" sc="320,0,233,-80,300,100,127,0" />
</Scene>
<Scene>
<INIT seed="5,0,0,0,5,79" ten="320,153,400,127" oya="1" hai0="36,38,117,11,94,78,28,30,61,119,113,62,32" hai1="57,3,65,135,127,18,26,73,63,23,82,34,60" hai2="133,7,0,108,31,40,87,49,83,118,37,121,130" hai3="120,115,56,68,5,14,69,16,4,53,107,2,54"/><U125/><E3/><V20/><F108/><W128/><G107/><T105/><D105/><U51/><E135/><V58/><F118/><W25/><G120/><T45/><D78/><N who="1" m="44367" /><E34/><V67/><F37/><W35/><G54/><T132/><D32/><U59/><E51/><V93/><F0/><W42/><G42/><T17/><D17/><U106/><E106/><V85/><F7/><W39/><G39/><T84/><D132/><U114/><E114/><V91/><F121/><W29/><G115/><T90/><D11/><U131/><E131/><V71/><F71/><W96/><G96/><T15/><D45/><U124/><E63/><N who="2" m="38391" /><F130/><W89/><G89/><T102/><D113/><U41/><E41/><V95/><F85/><W76/><G76/><T86/><D90/><U72/><E72/><V74/><F74/><W97/><G97/><T111/><D62/><U88/><E88/><V1/><F1/><W98/><G98/><T44/><D61/><U103/><E103/><V112/><F133/><W52/><G53/><T13/><D102/><U24/><E26/><N who="2" m="16839" /><F112/><W46/><G128/><T123/><D123/><U8/><E8/><V129/><F129/><W64/><G2/><T70/><D70/><AGARI ba="0,0" hai="18,23,24,57,59,60,65,70,124,125,127" m="44367" machi="70" ten="30,2900,0" yaku="18,1,52,1" doraHai="79" who="1" fromWho="0" sc="320,-29,153,29,400,0,127,0" />
</Scene>
<Scene>
<INIT seed="5,1,0,0,5,8" ten="291,182,400,127" oya="1" hai0="94,107,115,114,91,44,55,29,85,20,112,43,125" hai1="11,68,119,97,40,81,63,127,18,3,65,134,95" hai2="128,93,106,117,47,131,88,26,120,21,99,48,38" hai3="71,52,45,61,104,34,24,25,9,12,76,4,37"/><U51/><E119/><V5/><F117/><W16/><G104/><T89/><D107/><U7/><E127/><V118/><F118/><W36/><G76/><T109/><D109/><U72/><E134/><V116/><F116/><W70/><G25/><N who="0" m="16551" /><D125/><U90/><E18/><V33/><F120/><W57/><G34/><T103/><D55/><U64/><E64/><V133/><F33/><W1/><G24/><T129/><D129/><U35/><E35/><V2/><F38/><W110/><G110/><T58/><D58/><U124/><E124/><V46/><F106/><W69/><REACH who="3" step="1"/><G45/><REACH who="3" ten="291,182,400,117" step="2"/><T98/><D44/><U0/><E72/><V13/><F47/><W74/><G74/><T108/><D108/><U56/><E40/><V130/><F26/><W101/><G101/><T53/><D43/><U39/><E39/><V87/><F128/><W32/><G32/><T23/><D103/><U113/><E113/><V77/><F130/><W123/><G123/><T59/><D114/><U78/><E78/><V105/><F77/><W86/><G86/><T111/><D111/><U92/><E90/><V102/><F88/><W28/><G28/><T10/><D115/><U42/><E42/><V75/><F75/><W80/><G80/><T121/><D112/><U15/><E81/><V132/><F131/><W60/><G60/><N who="0" m="35951" /><D121/><U84/><E84/><V79/><F87/><W31/><G31/><T27/><D91/><N who="1" m="55455" /><E95/><V135/><F93/><W22/><AGARI ba="1,1" hai="1,4,9,12,16,22,36,37,52,57,61,69,70,71" machi="22" ten="30,12000,2" yaku="1,1,0,1,52,1,54,2,53,1" doraHai="8" doraHaiUra="19" who="3" fromWho="3" sc="291,-31,182,-61,400,-31,117,133" />
</Scene>
<Scene>
<INIT seed="6,0,0,3,2,18" ten="260,121,369,250" oya="2" hai0="113,103,31,117,17,130,91,102,121,61,92,51,11" hai1="20,77,56,32,79,21,75,8,124,14,12,99,44" hai2="85,55,42,35,72,89,114,28,64,4,2,128,60" hai3="66,24,53,30,58,106,9,118,49,46,119,29,52"/><V22/><F72/><W131/><G106/><T111/><D121/><U62/><E32/><V98/><F35/><W67/><G131/><T105/><D105/><U1/><E1/><V34/><F114/><W109/><G109/><T26/><D111/><U33/><E33/><V70/><F34/><W84/><G9/><T133/><D133/><U110/><E110/><V76/><F42/><W86/><G119/><T27/><D113/><U100/><E124/><V101/><F76/><W50/><G118/><T3/><D3/><U94/><E44/><V127/><F55/><W69/><G69/><T108/><D108/><U88/><E100/><V16/><F28/><W125/><G125/><T134/><D130/><U120/><E120/><V78/><F78/><N who="1" m="29705" /><E75/><V82/><F127/><W57/><G24/><T112/><D102/><U123/><E123/><V68/><F4/><W5/><G5/><T23/><D103/><U13/><E8/><V74/><F2/><W41/><G41/><T73/><D11/><U59/><E59/><V48/><F70/><W6/><G6/><T93/><D73/><U40/><E40/><V132/><F128/><W71/><G71/><T54/><D112/><U80/><E80/><V87/><F82/><W43/><G43/><T25/><D117/><U122/><E122/><V115/><F115/><W96/><G46/><T0/><D0/><U81/><E81/><V63/><F68/><W135/><G135/><T65/><D134/><U47/><E47/><V90/><F132/><W97/><AGARI ba="0,0" hai="29,30,49,50,52,53,57,58,66,67,84,86,96,97" machi="97" ten="25,8000,1" yaku="0,1,22,2,8,1,54,1" doraHai="18" who="3" fromWho="3" sc="260,-20,121,-20,369,-40,250,80" />
</Scene>
<Scene>
<INIT seed="7,0,0,5,0,132" ten="240,101,329,330" oya="3" hai0="113,134,121,46,21,114,104,16,67,5,33,97,78" hai1="60,34,23,111,54,66,64,70,25,57,118,129,105" hai2="73,26,55,24,45,98,107,32,69,92,41,43,110" hai3="48,91,81,126,76,2,116,133,18,51,50,15,62"/><W22/><G116/><T127/><D33/><U86/><E111/><V40/><F110/><W12/><G2/><T94/><D104/><U58/><E105/><V8/><F107/><W128/><G126/><T85/><D5/><U130/><E34/><V52/><F73/><W119/><G133/><T11/><D11/><U63/><E86/><V20/><F69/><W17/><G119/><T65/><D121/><U89/><E89/><N who="2" m="55567" /><F32/><W68/><G91/><N who="0" m="55519" /><D46/><U37/><E23/><V100/><F100/><W38/><G38/><T1/><D1/><U36/><E25/><N who="2" m="9835" /><F20/><W80/><G128/><T72/><D72/><U35/><E35/><V27/><N who="2" m="9843" /><V88/><DORA hai="74" /><F45/><W95/><G95/><T9/><D9/><U56/><E118/><V99/><F8/><W117/><G117/><T14/><D134/><U42/><E70/><V124/><F124/><W4/><G81/><N who="0" m="47287" /><D127/><U3/><E3/><V112/><F112/><AGARI ba="0,0" hai="14,16,21,65,67,112,113,114" m="47287,55519" machi="112" ten="30,7700,0" yaku="15,1,11,1,52,1,54,1" doraHai="132,74" who="0" fromWho="2" sc="240,77,101,0,329,-77,330,0" owari="317,12.0,101,-40.0,252,-15.0,330,43.0" />
</Scene>
</mjloggm>