<mjloggm ver="2.3"><GO type="169" lobby="0"/><UN n0="%E8%A5%BF%E5%9C%92%E5%AF%BA%E9%9D%96%E5%AD%90" n1="%E5%8D%97%E5%8D%97%E5%8D%97" n2="%7A%6B%75%72%74" n3="%E5%A4%AA%E3%81%8F%E3%81%AA%E3%81%84%E3%81%8A" dan="17,16,17,18" rate="2203.48,2160.01,2098.94,2244.96" sx="F,M,M,F"/><TAIKYOKU oya="0"/>

<Scene>
<INIT seed="0,0,0,0,2,51" ten="250,250,250,250" oya="0" hai0="58,46,79,41,68,16,40,52,133,14,71,97,129" hai1="69,75,49,90,95,128,99,1,84,120,63,76,35" hai2="113,33,8,78,67,56,135,125,32,28,124,53,57" hai3="83,80,81,54,11,18,37,70,119,118,111,13,23"/><T38/><D133/><U93/><E1/><V0/><F113/><W94/><G37/><T24/><D129/><U105/><E35/><V126/><F135/><W31/><G70/><T101/><D24/><U89/><E120/><V15/><F0/><W132/><G132/><T25/><D25/><U82/><E128/><V44/><F28/><W106/><G106/><T4/><D40/><U29/><E29/><V85/><F44/><W42/><G42/><T50/><D79/><U86/><E63/><N who="2" m="38383" /><F85/><N who="1" m="32873" /><E49/><N who="2" m="30767" /><F78/><W26/><G111/><T88/><D4/><AGARI ba="0,0" hai="4,8,15,32,33,124,125,126" m="30767,38383" machi="4" ten="30,2000,0" yaku="18,1,52,1" doraHai="51" who="2" fromWho="0" sc="250,-20,250,0,250,20,250,0" />
</Scene>
<Scene>
<INIT seed="1,0,0,5,3,116" ten="230,250,270,250" oya="1" hai0="75,119,17,8,92,131,63,25,43,59,37,48,15" hai1="85,93,81,125,120,13,78,28,42,0,18,127,133" hai2="97,107,117,109,68,60,71,121,10,51,112,57,24" hai3="67,84,36,114,32,91,2,86,19,27,31,94,65"/><U108/><E0/><V53/><F117/><W5/><G114/><T44/><D119/><U96/><E28/><V122/><F112/><W69/><G36/><T103/><D75/><U40/><E133/><V102/><F109/><W6/><G69/><T55/><D131/><U77/><E108/><V50/><F71/><W106/><G106/><T87/><D25/><U46/><E78/><V101/><F101/><W72/><G72/><T113/><D113/><U52/><E120/><V47/><F68/><W21/><G84/><T30/><D30/><U74/><E74/><V38/><F38/><W45/><G45/><T61/><REACH who="0" step="1"/><D87/><REACH who="0" ten="220,250,270,250" step="2"/><U4/><E125/><V105/><F24/><W111/><G111/><T83/><D83/><U73/><E73/><V123/><F107/><W128/><G128/><T20/><D20/><N who="1" m="11343" /><E127/><V26/><F26/><W16/><G21/><T66/><D66/><U95/><E85/><V104/><F104/><W126/><G126/><T22/><D22/><U90/><E81/><V12/><REACH who="2" step="1"/><F47/><REACH who="2" ten="220,250,260,250" step="2"/><W88/><G27/><T14/><D14/><U33/><E46/><V49/><F49/><W80/><G31/><T23/><D23/><U79/><E33/><V1/><F1/><W29/><G29/><T124/><D124/><U7/><E95/><V100/><F100/><W58/><G32/><T39/><D39/><U82/><E82/><V11/><F11/><W110/><G110/><T76/><D76/><U115/><E115/><V118/><F118/><W70/><G2/><T129/><D129/><U41/><E79/><V9/><F9/><W64/><G70/><RYUUKYOKU ba="0,2" sc="220,15,250,-15,260,15,250,-15" hai0="8,15,17,37,43,44,48,55,59,61,63,92,103" hai2="10,12,50,51,53,57,60,97,102,105,121,122,123" />
</Scene>
<Scene>
<INIT seed="2,1,2,1,1,2" ten="235,235,275,235" oya="2" hai0="22,19,10,42,26,132,31,6,91,95,133,108,55" hai1="27,88,118,33,34,72,39,122,47,87,80,57,45" hai2="129,36,92,35,135,11,62,107,41,83,127,44,123" hai3="7,65,104,109,15,86,90,130,16,29,131,63,13"/><V117/><F117/><W116/><G116/><T51/><D108/><U121/><E118/><V101/><F123/><N who="1" m="47113" /><E72/><V99/><F127/><W60/><G104/><T28/><D42/><N who="1" m="22751" /><E47/><V76/><F129/><N who="3" m="49163" /><G29/><T105/><D105/><U58/><E27/><V54/><F135/><N who="0" m="51786" /><D51/><U126/><E126/><V43/><F43/><W50/><G50/><T97/><D55/><U67/><E67/><V85/><F35/><AGARI ba="1,2" hai="33,34,35,57,58,80,87,88" m="22751,47113" machi="35" ten="30,2000,0" yaku="13,1,54,1" doraHai="2" who="1" fromWho="2" sc="235,0,235,43,275,-23,235,0" />
</Scene>
<Scene>
<INIT seed="3,0,0,3,2,81" ten="235,278,252,235" oya="3" hai0="29,64,49,47,58,117,106,85,101,116,83,70,123" hai1="17,86,2,124,94,11,105,110,22,48,80,60,112" hai2="130,61,15,26,108,73,100,14,79,44,31,18,120" hai3="30,87,132,46,95,118,57,111,4,76,115,122,23"/><W20/><G115/><T67/><D123/><U36/><E36/><V54/><F120/><W129/><G122/><T82/><D70/><U128/><E105/><V131/><F108/><W109/><G118/><T127/><D127/><U35/><E112/><V25/><F100/><W99/><G129/><N who="2" m="49161" /><F73/><W107/><G107/><T93/><D106/><U7/><E128/><V68/><F79/><W75/><G75/><T84/><D29/><U114/><E114/><V8/><F68/><W71/><G71/><T10/><D10/><U102/><E110/><N who="3" m="41994" /><G132/><T125/><D125/><U74/><E35/><V104/><F104/><W59/><G4/><T27/><D27/><U91/><E124/><V97/><F97/><W65/><G46/><T12/><D116/><U42/><E60/><V34/><F44/><W13/><G13/><T78/><D12/><U45/><E74/><V9/><F26/><N who="3" m="16711" /><G23/><T119/><D117/><U62/><E62/><V113/><F113/><W24/><G24/><T19/><D119/><U16/><REACH who="1" step="1"/><E22/><REACH who="1" ten="235,268,252,235" step="2"/><V89/><F34/><W56/><G65/><T38/><D67/><U126/><E126/><V51/><F9/><W21/><G21/><T50/><D64/><U1/><E1/><V69/><F8/><W28/><G28/><T77/><D38/><U43/><E43/><V40/><F40/><W135/><G135/><T134/><D134/><U6/><E6/><V55/><F31/><W39/><G39/><T33/><D33/><U121/><E121/><V66/><F66/><W98/><G76/><T90/><D78/><U103/><E103/><V5/><F5/><RYUUKYOKU ba="0,1" sc="235,-15,268,15,252,-15,235,15" hai1="2,7,11,16,17,42,45,48,80,86,91,94,102" hai3="56,57,59,87,95,98,99" />
</Scene>
<Scene>
<INIT seed="3,1,1,2,5,118" ten="220,283,237,250" oya="3" hai0="99,86,16,24,38,103,17,57,106,42,114,27,48" hai1="28,112,121,63,60,0,73,69,51,87,123,40,76" hai2="88,19,7,68,102,4,59,31,6,45,43,65,9" hai3="50,122,11,127,14,72,35,10,21,75,120,98,55"/><W67/><G35/><T97/><D114/><U90/><E112/><V93/><F68/><W44/><G127/><T111/><D111/><U13/><E0/><V83/><F31/><W77/><G67/><T49/><D38/><U128/><E28/><V80/><F102/><W20/><G98/><T110/><D110/><U94/><E128/><V1/><F1/><W18/><G21/><T79/><D97/><U25/><E25/><V33/><F33/><W29/><G77/><T46/><D79/><U132/><E132/><V61/><F19/><W104/><G104/><T47/><D57/><U22/><E76/><V23/><F23/><W81/><G81/><T92/><D86/><U70/><E73/><V54/><F9/><W130/><G130/><T74/><D74/><U52/><E40/><V95/><F65/><W89/><G89/><T37/><D106/><U15/><E70/><V26/><F26/><N who="0" m="9770" /><D37/><U30/><E69/><V12/><F12/><W82/><G29/><T124/><D124/><U84/><E30/><V126/><F93/><W105/><G105/><T41/><AGARI ba="1,1" hai="16,17,41,42,46,47,48,49,92,99,103" m="9770" machi="41" ten="30,2000,0" yaku="8,1,54,1" doraHai="118" who="0" fromWho="0" sc="220,33,283,-6,237,-6,250,-11" />
</Scene>
<Scene>
<INIT seed="4,0,0,3,5,62" ten="253,277,231,239" oya="0" hai0="57,134,4,107,109,14,29,25,15,68,31,50,84" hai1="82,34,52,118,114,67,95,99,119,103,65,8,97" hai2="111,35,54,89,129,61,63,98,66,113,130,49,18" hai3="120,77,106,43,45,27,112,56,42,5,28,85,131"/><T122/><D68/><U13/><E34/><V117/><F111/><W78/><G106/><T125/><D122/><U73/><E114/><V70/><F35/><W55/><G112/><T81/><D107/><U20/><E20/><V100/><F113/><W75/><G75/><T0/><D109/><U64/><E99/><V83/><F63/><W41/><G131/><T16/><D0/><U6/><E73/><V39/><F39/><W17/><G5/><T53/><D125/><U101/><E82/><V44/><F117/><W3/><G3/><T21/><D134/><U110/><E110/><V48/><F18/><W58/><G17/><T135/><D135/><U11/><E103/><V80/><F49/><N who="3" m="29103" /><G120/><T72/><D72/><U7/><REACH who="1" step="1"/><E52/><REACH who="1" ten="253,267,231,239" step="2"/><V105/><F89/><W102/><G102/><T121/><D121/><U76/><E76/><V92/><F105/><W93/><G77/><N who="0" m="46127" /><D25/><U19/><E19/><V108/><F108/><W60/><G78/><T104/><D104/><U74/><E74/><V36/><F129/><W90/><G27/><T128/><D128/><U47/><E47/><V12/><F130/><W33/><G33/><T133/><D133/><U71/><E71/><V59/><F83/><W116/><G116/><T26/><D26/><U123/><E123/><V115/><F80/><W96/><G96/><T46/><D46/><U30/><E30/><V91/><F115/><W23/><G28/><T9/><AGARI ba="0,1" hai="4,9,14,15,16,21,29,31,50,53,57" m="46127" machi="9" ten="30,3000,0" yaku="8,1,54,1" doraHai="62" who="0" fromWho="0" sc="253,40,267,-10,231,-10,239,-10" />
</Scene>
<Scene>
<INIT seed="4,1,0,1,0,135" ten="293,257,221,229" oya="0" hai0="98,34,45,37,62,49,48,43,127,132,68,115,3" hai1="40,96,129,107,73,4,50,86,85,30,128,59,108" hai2="104,58,41,120,25,103,75,112,100,84,83,123,121" hai3="38,126,105,72,47,35,14,44,60,28,124,117,101"/><T70/><D98/><U1/><E73/><V67/><F41/><N who="3" m="22583" /><G117/><T76/><D76/><U26/><E108/><V9/><F75/><W32/><G14/><T71/><D34/><N who="3" m="12841" /><G28/><T55/><D3/><U29/><E1/><V88/><F104/><W24/><G24/><T113/><D132/><U54/><E4/><V89/><F25/><W77/><G47/><T78/><D78/><U74/><E74/><V22/><F22/><W91/><G91/><T6/><D6/><U130/><E40/><V69/><F69/><W82/><G60/><T23/><D23/><N who="1" m="15583" /><E30/><V18/><F89/><W15/><G15/><T125/><D62/><U5/><E5/><V119/><F119/><W106/><G101/><AGARI ba="1,0" hai="50,54,59,85,86,96,101,107,128,129,130" m="15583" machi="101" ten="30,1000,0" yaku="19,1" doraHai="135" who="1" fromWho="3" sc="293,0,257,13,221,0,229,-13" />
</Scene>
<Scene>
<INIT seed="5,0,0,4,0,18" ten="293,270,221,216" oya="1" hai0="7,56,134,28,111,119,51,125,39,101,47,90,14" hai1="112,129,83,75,105,66,45,49,35,29,9,108,68" hai2="130,87,33,43,123,104,91,98,52,96,67,73,62" hai3="59,60,106,25,121,36,77,74,38,2,107,102,48"/><U114/><E9/><V1/><F123/><W20/><G2/><T27/><D111/><U16/><E108/><V120/><F120/><W0/><G0/><T122/><D122/><U115/><E105/><V110/><F110/><W40/><G121/><T57/><D119/><U46/><E129/><V131/><F1/><W22/><G48/><T23/><D39/><U117/><E117/><V50/><F33/><W10/><G10/><N who="0" m="4447" /><D125/><U21/><E29/><V109/><F73/><W133/><G133/><T30/><D134/><U93/><E35/><V69/><F43/><W63/><G40/><N who="0" m="25063" /><D101/><U12/><E93/><V89/><F109/><W81/><G63/><T95/><D28/><U24/><E12/><V88/><F87/><AGARI ba="0,0" hai="23,27,30,56,57,87,90,95" m="25063,4447" machi="87" ten="30,2000,0" yaku="8,1,52,1" doraHai="18" who="0" fromWho="2" sc="293,20,270,0,221,-20,216,0" />
</Scene>
<Scene>
<INIT seed="6,0,0,0,3,25" ten="313,270,201,216" oya="2" hai0="56,97,67,1,71,26,104,85,122,69,73,39,32" hai1="6,111,45,125,92,107,55,52,86,94,99,9,62" hai2="133,30,57,8,46,27,4,134,72,78,89,43,135" hai3="11,106,48,76,95,64,83,65,20,112,2,109,51"/><V123/><F123/><W3/><G106/><T44/><D56/><U82/><E111/><V29/><F27/><W63/><G109/><T103/><D85/><U117/><E117/><V100/><F100/><W15/><G112/><T119/><D119/><U14/><E125/><V98/><F57/><W28/><G2/><T5/><D122/><U130/><E130/><V23/><F23/><W40/><G3/><T34/><D73/><U131/><E131/><V132/><N who="2" m="33792" /><DORA hai="116" /><V12/><F78/><W124/><G124/><T66/><D66/><U129/><E129/><V35/><F35/><W81/><G20/><T88/><D88/><N who="1" m="51287" /><E107/><V60/><F60/><W38/><G63/><N who="0" m="40191" /><D26/><U58/><E99/><V115/><F72/><W128/><G128/><T31/><D31/><U87/><E87/><V18/><F18/><W17/><G28/><T113/><D113/><U13/><E13/><V19/><F19/><W50/><G76/><T126/><D71/><U16/><E6/><V70/><F70/><W96/><G64/><T42/><D126/><U74/><E74/><V102/><F89/><W22/><G65/><T118/><D118/><U24/><E24/><V80/><F80/><W49/><N who="3" m="12288" /><DORA hai="93" /><W77/><G77/><T10/><AGARI ba="0,0" hai="1,5,10,32,34,39,42,44,97,103,104" m="40191" machi="10" ten="30,4000,0" yaku="33,2,52,1" doraHai="25,116,93" who="0" fromWho="0" sc="313,40,270,-10,201,-20,216,-10" />
</Scene>
<Scene>
<INIT seed="7,0,0,1,5,91" ten="353,260,181,206" oya="3" hai0="124,116,5,96,6,51,7,122,71,89,0,29,104" hai1="2,65,135,92,10,38,131,98,75,18,118,34,94" hai2="129,130,133,73,115,99,42,82,20,123,46,67,97" hai3="21,88,24,77,57,117,78,45,100,12,13,95,93"/><W16/><G117/><T126/><D116/><U121/><E118/><V120/><F67/><W110/><G110/><T31/><D122/><N who="2" m="46634" /><F20/><W60/><G45/><T59/><D71/><U68/><E121/><V109/><F109/><W54/><G95/><N who="0" m="56431" /><D104/><U70/><E75/><V4/><F4/><W56/><G100/><T11/><D0/><U105/><E135/><V103/><F133/><W19/><G57/><T107/><D11/><U86/><E131/><N who="2" m="50187" /><F115/><W111/><G111/><T17/><D17/><U125/><E125/><N who="0" m="48233" /><D107/><U43/><E34/><V101/><F101/><W27/><G13/><T3/><D3/><U40/><E105/><V58/><F58/><W113/><G113/><T87/><D87/><U74/><E74/><V114/><F114/><W9/><G27/><T85/><D85/><AGARI ba="0,0" hai="9,12,16,19,21,24,54,56,60,77,78,85,88,93" machi="85" ten="30,12000,1" yaku="7,1,8,1,52,1,54,2" doraHai="91" who="3" fromWho="0" sc="353,-120,260,0,181,0,206,120" owari="233,-17.0,260,6.0,181,-32.0,326,43.0" />
</Scene>
</mjloggm>