<mjloggm ver="2.3"><GO type="169" lobby="0"/><UN n0="%E5%A4%AA%E3%81%8F%E3%81%AA%E3%81%84%E3%81%8A" n1="%E9%9D%92%E5%B1%B1%E5%AD%A6%E9%99%A2%EF%BC%94%E5%B9%B4" n2="%E3%81%AD%E3%82%8A%E3%82%B4%E3%83%9E" n3="%73%68%6F%67%6F%6F" dan="18,16,16,16" rate="2266.30,2103.56,2052.98,2126.86" sx="F,M,M,M"/><TAIKYOKU oya="0"/>

<Scene>
<INIT seed="0,0,0,0,0,71" ten="250,250,250,250" oya="0" hai0="100,131,46,125,22,122,121,36,53,69,19,77,74" hai1="112,113,10,117,12,134,108,79,55,133,116,5,1" hai2="21,29,101,26,56,60,90,31,120,0,97,64,61" hai3="89,106,44,50,52,93,51,58,41,49,96,42,16"/><T126/><D69/><U32/><E55/><V110/><F0/><W68/><G68/><T14/><D131/><U75/><E79/><V28/><F120/><W7/><G106/><T27/><D100/><U15/><E32/><V94/><F110/><W73/><G73/><T9/><D77/><U103/><E103/><V33/><F33/><W82/><G7/><T127/><D74/><U85/><E85/><V88/><F61/><W72/><G72/><T78/><D78/><U80/><E80/><V129/><F129/><W54/><G82/><T39/><D53/><U70/><E75/><V130/><F130/><W124/><G124/><T37/><D46/><U63/><E63/><V115/><F115/><N who="1" m="44105" /><E108/><V111/><F111/><W30/><G30/><AGARI ba="0,0" hai="9,14,19,22,27,30,36,37,39,121,122,125,126,127" machi="30" ten="50,12000,1" yaku="18,1,52,3" doraHai="71" who="0" fromWho="3" sc="250,120,250,0,250,0,250,-120" /><AGARI ba="0,0" hai="21,26,28,29,30,31,56,60,64,88,90,94,97,101" machi="30" ten="40,8000,1" yaku="25,2,8,1,54,1" doraHai="71" who="2" fromWho="3" sc="370,0,250,0,250,80,130,-80" />
</Scene>
<Scene>
<INIT seed="0,1,0,5,3,98" ten="370,250,330,50" oya="0" hai0="62,48,13,16,39,49,71,45,133,41,91,10,132" hai1="18,95,46,80,116,34,4,11,63,110,52,97,27" hai2="135,31,106,93,100,19,75,17,36,72,47,112,44" hai3="94,123,5,108,51,2,84,130,117,127,78,35,65"/><T9/><D91/><U55/><E110/><V12/><F112/><W111/><G117/><T119/><D119/><U42/><E116/><V40/><F106/><W0/><G65/><N who="0" m="41399" /><D9/><U90/><E63/><V86/><F31/><W126/><G51/><T1/><D1/><N who="3" m="617" /><G78/><T115/><D115/><U77/><E34/><V87/><F135/><AGARI ba="1,0" hai="10,13,16,39,41,45,48,49,132,133,135" m="41399" machi="135" ten="30,2900,0" yaku="20,1,54,1" doraHai="98" who="0" fromWho="2" sc="370,32,250,0,330,-32,50,0" />
</Scene>
<Scene>
<INIT seed="0,2,0,4,4,126" ten="402,250,298,50" oya="0" hai0="32,92,124,127,49,74,19,39,15,52,59,88,18" hai1="133,30,121,46,42,91,65,109,130,20,118,115,85" hai2="101,1,51,122,37,93,125,55,36,2,64,23,89" hai3="40,41,21,83,22,102,27,81,116,117,9,0,94"/><T99/><D39/><U100/><E100/><V25/><F122/><W43/><G116/><T47/><D74/><U62/><E118/><V69/><F125/><N who="0" m="48202" /><D32/><U71/><E115/><V35/><F35/><W76/><G117/><T84/><D47/><U119/><E119/><V13/><F101/><W111/><G111/><T106/><D106/><U103/><E103/><V45/><F13/><W77/><G0/><T63/><D63/><U123/><E109/><V67/><F2/><W48/><G9/><N who="0" m="6511" /><D19/><U11/><E11/><V134/><F134/><W112/><G112/><T61/><D61/><U6/><E133/><V96/><F1/><W28/><G48/><T14/><D14/><U105/><E105/><V66/><F69/><W5/><G5/><T70/><D70/><U80/><E6/><V128/><F36/><W16/><G102/><T104/><D104/><U132/><E132/><V24/><F37/><W68/><G68/><T56/><D56/><U3/><E3/><V108/><F108/><W26/><REACH who="3" step="1"/><G94/><REACH who="3" ten="402,250,298,40" step="2"/><T129/><D49/><N who="1" m="26839" /><E123/><V73/><F51/><W29/><G29/><T31/><D31/><U114/><E114/><V72/><F93/><W79/><AGARI ba="2,1" hai="16,21,22,26,27,28,40,41,43,76,77,79,81,83" machi="79" ten="30,7900,0" yaku="1,1,0,1,8,1,54,1,53,0" doraHai="126" doraHaiUra="95" who="3" fromWho="3" sc="402,-41,250,-22,298,-22,40,95" />
</Scene>
<Scene>
<INIT seed="1,0,0,5,1,120" ten="361,228,276,135" oya="1" hai0="132,11,9,73,78,82,104,3,84,91,134,26,100" hai1="67,62,125,34,17,107,64,61,0,83,121,31,106" hai2="21,124,96,87,35,111,103,39,32,27,105,45,53" hai3="116,89,72,56,15,58,90,29,76,94,36,86,110"/><U92/><E0/><V28/><F124/><W117/><G36/><T25/><D100/><U99/><E121/><V123/><F123/><W77/><G29/><T101/><D101/><U18/><E83/><V6/><F6/><W57/><G72/><T126/><D104/><U79/><E79/><N who="3" m="30282" /><G15/><T108/><D126/><U1/><E1/><V5/><F5/><W112/><G112/><T30/><D3/><U131/><E31/><V42/><F87/><W14/><G14/><T48/><D48/><U23/><E125/><V102/><F102/><W75/><G75/><T74/><D74/><U85/><E85/><V63/><F53/><W55/><G55/><T118/><D118/><N who="3" m="45673" /><G89/><T119/><D119/><U7/><E7/><V122/><F122/><W13/><G13/><T49/><D26/><U54/><E54/><V12/><F12/><W71/><G71/><T8/><D73/><U19/><E19/><V47/><F32/><W2/><G2/><T65/><D78/><U135/><E34/><V115/><F21/><W43/><G43/><T40/><D40/><U80/><E23/><V66/><F115/><W10/><G10/><T52/><D9/><U97/><E18/><V68/><F47/><W98/><G98/><T93/><D11/><U70/><E17/><V50/><F50/><W88/><G90/><T128/><D8/><U81/><E70/><V24/><F24/><W16/><G16/><T59/><D25/><U41/><E41/><V38/><F38/><W46/><G46/><T95/><D84/><U114/><E114/><V44/><F45/><W109/><AGARI ba="0,0" hai="56,57,58,86,88,94,109,110" m="45673,30282" machi="109" ten="40,8000,1" yaku="5,1,12,1,52,2,54,1" doraHai="120" who="3" fromWho="3" sc="361,-20,228,-40,276,-20,135,80" />
</Scene>
<Scene>
<INIT seed="2,0,0,1,2,63" ten="341,188,256,215" oya="2" hai0="3,13,40,38,6,102,11,59,34,37,132,5,2" hai1="42,55,116,114,124,12,71,53,50,43,14,64,54" hai2="48,60,129,27,117,32,131,49,107,112,47,31,0" hai3="133,22,8,33,94,96,1,78,97,73,120,111,75"/><V77/><F112/><W125/><G120/><T115/><D115/><U86/><E114/><V123/><F123/><W128/><G33/><T69/><D69/><U74/><E74/><V85/><F117/><W95/><G1/><T113/><D113/><U82/><E124/><V99/><F0/><W29/><G8/><T70/><D70/><U135/><E135/><V51/><F77/><W89/><G133/><T28/><D132/><U72/><E72/><N who="3" m="27722" /><G22/><T83/><D83/><U80/><E116/><V91/><F60/><W7/><G29/><T56/><D102/><U17/><E50/><V110/><F110/><W118/><G7/><T24/><D13/><U98/><E98/><V30/><F30/><W92/><G118/><T130/><D130/><N who="2" m="49674" /><F99/><N who="3" m="37963" /><G128/><T84/><D2/><U103/><E103/><V122/><F107/><W90/><G125/><T119/><D5/><U10/><E82/><N who="2" m="49591" /><F122/><W39/><G39/><T45/><D38/><U93/><E71/><V61/><F61/><W25/><G25/><T66/><D119/><U68/><E68/><V21/><F32/><W35/><G35/><T4/><D4/><U52/><E14/><V65/><F65/><W26/><G26/><T126/><D126/><U44/><E64/><V101/><F101/><W106/><G111/><T104/><D66/><U19/><E19/><V67/><F67/><W23/><G106/><T46/><D104/><U62/><E93/><V76/><F47/><W15/><G78/><T81/><D46/><U109/><E109/><V100/><F76/><AGARI ba="0,0" hai="3,6,11,24,28,34,37,40,45,56,59,76,81,84" machi="76" ten="30,1000,0" yaku="7,1" doraHai="63" who="0" fromWho="2" sc="341,10,188,0,256,-10,215,0" />
</Scene>
<Scene>
<INIT seed="3,0,0,5,4,65" ten="351,188,246,215" oya="3" hai0="62,71,79,102,59,127,3,5,121,48,89,90,14" hai1="60,111,100,119,104,23,13,30,31,2,7,95,6" hai2="1,45,114,4,63,88,124,75,112,81,28,15,0" hai3="56,55,44,64,80,11,130,123,22,87,52,68,20"/><W116/><G123/><T83/><D3/><U50/><E104/><V9/><F124/><W107/><G116/><T113/><D121/><U10/><E111/><V73/><F28/><W53/><G107/><T77/><D127/><U54/><E119/><V25/><F25/><W84/><G130/><T125/><D125/><U110/><E110/><V103/><F103/><W72/><G72/><T106/><D113/><U37/><E37/><V78/><F73/><W131/><G131/><T26/><D26/><U97/><E2/><V99/><F1/><W96/><G96/><T94/><D106/><U32/><E32/><V42/><F63/><N who="3" m="37991" /><G68/><T18/><D5/><U92/><E6/><V129/><F15/><W128/><G128/><T36/><D48/><U117/><E117/><V122/><F122/><W134/><G134/><T109/><D71/><U91/><E23/><N who="3" m="8746" /><G44/><T21/><D36/><U132/><E60/><V133/><F133/><W61/><G11/><T35/><D109/><U66/><E66/><V43/><F43/><W49/><G61/><T33/><D35/><U118/><E132/><V135/><F135/><W46/><G87/><N who="0" m="50431" /><D33/><U47/><REACH who="1" step="1"/><E118/><REACH who="1" ten="351,178,246,215" step="2"/><V108/><F108/><W38/><G38/><T93/><D62/><U57/><E57/><V27/><F129/><W41/><G41/><T12/><D59/><U40/><E40/><V58/><F58/><W126/><G126/><T115/><D115/><U70/><E70/><V85/><F42/><W24/><G24/><T67/><D67/><U101/><E101/><V16/><F112/><W69/><G69/><T29/><D102/><RYUUKYOKU ba="0,1" sc="351,-15,178,15,246,-15,215,15" hai1="7,10,13,30,31,47,50,54,91,92,95,97,100" hai3="46,49,52,53,55,80,84" />
</Scene>
<Scene>
<INIT seed="3,1,1,4,4,48" ten="336,193,231,230" oya="3" hai0="68,126,65,24,104,114,16,95,121,84,102,26,111" hai1="13,21,113,60,81,44,100,128,55,11,75,115,57" hai2="28,9,20,125,91,89,71,87,134,50,30,54,15" hai3="116,94,52,19,8,74,43,92,131,119,70,66,83"/><W112/><G112/><T107/><D121/><U67/><E128/><V14/><F71/><W12/><G131/><T77/><D68/><U59/><E100/><V58/><F134/><W118/><G43/><T80/><D65/><U47/><E21/><V38/><F125/><W117/><N who="3" m="29696" /><DORA hai="61" /><W101/><G101/><T82/><D126/><U23/><E23/><V97/><F38/><W93/><G74/><T63/><D63/><U78/><E113/><V40/><F40/><W53/><REACH who="3" step="1"/><G83/><REACH who="3" ten="336,193,231,220" step="2"/><T0/><D80/><U96/><E115/><V2/><F30/><W37/><G37/><T135/><D82/><U109/><E109/><V5/><F28/><W79/><G79/><T108/><D77/><U90/><E90/><V31/><F91/><W49/><G49/><T110/><D114/><U36/><E36/><V76/><F76/><W103/><G103/><T45/><D102/><U10/><E96/><V130/><F97/><W123/><G123/><T69/><D110/><U120/><E120/><V72/><F72/><W6/><G6/><T99/><D99/><U35/><E81/><V46/><F130/><W1/><G1/><T22/><D0/><U132/><E78/><V3/><F3/><W34/><G34/><T51/><D111/><U85/><E75/><V42/><F2/><W39/><G39/><T27/><D108/><U17/><E35/><V122/><F122/><W73/><G73/><T105/><D105/><U4/><E4/><V98/><F98/><W88/><G88/><N who="0" m="53639" /><D104/><U18/><E85/><V32/><F32/><W133/><G133/><T7/><D135/><RYUUKYOKU ba="1,2" sc="336,-10,193,-10,231,-10,220,30" hai3="8,12,19,52,53,66,70,92,93,94" />
</Scene>
<Scene>
<INIT seed="3,2,2,3,0,30" ten="326,183,221,250" oya="3" hai0="92,62,104,121,132,128,102,55,107,15,127,105,19" hai1="67,119,84,26,8,31,117,1,23,95,38,100,29" hai2="115,2,110,17,77,87,47,36,61,24,81,70,93" hai3="51,76,13,33,74,53,114,10,50,9,41,75,111"/><W18/><G114/><T63/><D121/><U83/><E38/><V11/><F110/><W27/><G111/><T71/><D127/><U28/><E67/><V112/><F70/><W129/><G129/><T125/><D125/><U58/><E58/><V25/><F61/><W7/><G41/><T106/><D128/><U49/><E49/><V73/><F93/><W48/><G76/><T82/><D132/><U60/><E60/><V69/><F87/><W21/><G53/><T89/><D82/><U52/><E52/><V46/><F46/><W103/><G103/><T5/><D5/><N who="1" m="1071" /><E95/><V22/><F25/><W91/><G91/><T116/><D116/><N who="1" m="44619" /><E100/><V108/><F108/><W113/><G113/><N who="2" m="43593" /><F69/><W86/><G86/><T35/><D71/><U6/><E6/><N who="2" m="1495" /><F47/><W124/><G124/><T4/><D55/><U68/><E68/><V66/><F66/><W12/><REACH who="3" step="1"/><G33/><REACH who="3" ten="326,183,221,240" step="2"/><T39/><D35/><U80/><E80/><V59/><F81/><W85/><G85/><T135/><D102/><U54/><E54/><V56/><F77/><AGARI ba="2,3" hai="23,26,28,29,31,77,83,84" m="44619,1071" machi="77" ten="30,1000,0" yaku="12,1" doraHai="30" who="1" fromWho="2" sc="326,0,183,46,221,-16,240,0" />
</Scene>
<Scene>
<INIT seed="4,0,0,4,0,73" ten="326,229,205,240" oya="0" hai0="44,94,1,118,104,66,40,93,15,14,131,120,74" hai1="130,121,61,22,76,101,85,69,7,36,0,3,82" hai2="41,108,28,117,106,17,86,33,52,103,72,51,95" hai3="114,47,54,39,113,107,126,43,128,31,4,27,46"/><T59/><D104/><U35/><E35/><V25/><F108/><W45/><G107/><T98/><D118/><U16/><E36/><V57/><F72/><W49/><G4/><T70/><D1/><U50/><E121/><V62/><F117/><W8/><G8/><T110/><D120/><U79/><E101/><V5/><F5/><W11/><G11/><T67/><D70/><U64/><E130/><V135/><F135/><W30/><G128/><T9/><D74/><U122/><E122/><V18/><F106/><W55/><G31/><T81/><D131/><U65/><E64/><V102/><F102/><W112/><G126/><T109/><D81/><U77/><E50/><V26/><F26/><W2/><G2/><T99/><D9/><U100/><E100/><V60/><F60/><W123/><G123/><T71/><D71/><U19/><E19/><V129/><F129/><W133/><G27/><T29/><D59/><U92/><E92/><V68/><F68/><W58/><G30/><T134/><D29/><U6/><E0/><V20/><F33/><W34/><G34/><T96/><D134/><U111/><E111/><N who="0" m="42505" /><D93/><U83/><E3/><V127/><F127/><W89/><G89/><T90/><D66/><U38/><E38/><V48/><F103/><W116/><G133/><T21/><D67/><U87/><E77/><V13/><F13/><AGARI ba="0,0" hai="6,7,13,16,22,61,65,69,76,79,82,83,85,87" machi="13" ten="30,8000,1" yaku="7,1,9,1,52,2,54,1" doraHai="73" who="1" fromWho="2" sc="326,0,229,80,205,-80,240,0" />
</Scene>
<Scene>
<INIT seed="5,0,0,5,5,129" ten="326,309,125,240" oya="1" hai0="52,110,39,82,105,61,100,3,134,43,42,41,96" hai1="57,0,104,132,113,9,115,27,124,89,95,64,16" hai2="98,103,25,24,53,45,49,97,56,93,122,59,118" hai3="35,78,66,11,18,29,38,88,21,70,13,17,54"/><U32/><E104/><V4/><F4/><W23/><G38/><T79/><D110/><U22/><E32/><V91/><F122/><W15/><G78/><T84/><D3/><U116/><E116/><V37/><F118/><W125/><G125/><T106/><D106/><U111/><E124/><V117/><F117/><W133/><G35/><T33/><D33/><U12/><E0/><V87/><F37/><W83/><G54/><T10/><D10/><U14/><E111/><V94/><F87/><N who="3" m="50303" /><G70/><T102/><D102/><U81/><E81/><V44/><F59/><W2/><G2/><T77/><D39/><U68/><E68/><V114/><F114/><W30/><G133/><T112/><D112/><N who="1" m="43083" /><E132/><V128/><F128/><W58/><G11/><T92/><D134/><U76/><E76/><V130/><F130/><W72/><G72/><T28/><D105/><U108/><E108/><V80/><F80/><W60/><AGARI ba="0,0" hai="13,15,17,18,21,23,29,30,58,60,66" m="50303" machi="60" ten="30,2000,0" yaku="8,1,54,1" doraHai="129" who="3" fromWho="3" sc="326,-5,309,-10,125,-5,240,20" />
</Scene>
<Scene>
<INIT seed="6,0,0,2,0,36" ten="321,299,120,260" oya="2" hai0="60,29,64,130,103,53,102,77,80,134,81,133,13" hai1="40,65,31,55,45,37,15,71,95,5,63,7,70" hai2="42,104,57,128,26,41,39,114,135,52,85,116,111" hai3="61,82,132,101,18,97,34,83,8,127,105,25,6"/><V121/><F104/><W19/><G132/><N who="0" m="50795" /><D130/><U109/><E109/><V58/><F135/><W22/><G127/><T120/><D120/><U79/><E71/><V2/><F2/><W66/><G34/><T17/><D53/><U84/><E31/><V67/><F121/><W16/><G83/><N who="0" m="31819" /><D29/><U28/><E79/><V21/><F39/><W12/><REACH who="3" step="1"/><G82/><REACH who="3" ten="321,299,120,250" step="2"/><T113/><D77/><U115/><E115/><V32/><F114/><W122/><G122/><T11/><D113/><U107/><E107/><V9/><F32/><W119/><G119/><T96/><D96/><U44/><E84/><V3/><F116/><W78/><G78/><T91/><D91/><U73/><E73/><V49/><F128/><W43/><G43/><N who="2" m="16393" /><F111/><W110/><G110/><T0/><D0/><U88/><E28/><N who="2" m="17487" /><F3/><W1/><G1/><T117/><D117/><U68/><E68/><AGARI ba="0,1" hai="6,8,12,16,18,19,22,25,61,66,68,97,101,105" machi="68" ten="30,3900,0" yaku="1,1,7,1,54,1,53,0" doraHai="36" doraHaiUra="24" who="3" fromWho="1" sc="321,0,299,-39,120,0,250,49" /><AGARI ba="0,0" hai="11,13,17,60,64,68,102,103" m="31819,50795" machi="68" ten="30,1000,0" yaku="20,1" doraHai="36" who="0" fromWho="1" sc="321,10,260,-10,120,0,299,0" />
</Scene>
<Scene>
<INIT seed="7,0,0,4,1,70" ten="331,250,120,299" oya="3" hai0="49,27,50,71,81,64,72,39,124,17,80,60,69" hai1="108,123,8,82,84,1,63,28,105,87,95,75,120" hai2="66,3,134,113,116,59,112,47,96,13,33,99,45" hai3="94,73,132,41,102,7,26,62,79,110,119,24,48"/><W101/><G119/><T21/><D39/><U118/><E105/><V128/><F13/><W42/><G7/><T51/><D124/><U11/><E75/><V111/><F59/><W98/><G132/><T121/><D121/><U97/><E28/><V89/><F66/><W54/><G110/><T14/><D71/><U103/><E108/><V74/><F111/><W37/><G73/><T131/><D131/><U92/><E118/><V56/><F56/><W18/><G79/><T31/><REACH who="0" step="1"/><D72/><REACH who="0" ten="321,250,120,299" step="2"/><U43/><E43/><N who="3" m="16394" /><G37/><T125/><D125/><U6/><E63/><V23/><F74/><W25/><G62/><T9/><AGARI ba="0,1" hai="9,14,17,21,27,31,49,50,51,60,64,69,80,81" machi="9" ten="30,2000,0" yaku="1,1,0,1,53,0" doraHai="70" doraHaiUra="106" who="0" fromWho="0" sc="321,30,250,-5,120,-5,299,-10" owari="351,44.0,245,-15.0,115,-38.0,289,9.0" />
</Scene>
</mjloggm>