<mjloggm ver="2.3"><GO type="169" lobby="0"/><UN n0="%E5%A4%AA%E3%81%8F%E3%81%AA%E3%81%84%E3%81%8A" n1="%4E%6E%31%33%34" n2="%E3%83%80%E3%83%9E%E3%83%86%E3%83%B3" n3="%E6%96%91%E7%9B%AE%56" dan="17,16,16,17" rate="2242.86,2136.65,2058.33,2159.15" sx="M,M,M,M"/><TAIKYOKU oya="0"/>

<Scene>
<INIT seed="0,0,0,0,4,58" ten="250,250,250,250" oya="0" hai0="18,48,119,110,75,69,10,82,90,68,76,35,71" hai1="122,57,87,113,114,116,133,92,50,62,135,117,89" hai2="123,15,103,64,108,126,95,39,74,77,3,67,20" hai3="96,120,72,40,124,81,102,14,21,70,1,17,5"/><T30/><D119/><N who="1" m="45643" /><E50/><V22/><F123/><W79/><G120/><T83/><D110/><U101/><E122/><V12/><F3/><W7/><G124/><T112/><D112/><N who="1" m="43115" /><E101/><V91/><F39/><W56/><G70/><T36/><D36/><U129/><E129/><V60/><F103/><W107/><G1/><T49/><D35/><U11/><E11/><V99/><F108/><W78/><G40/><T29/><D49/><U131/><E131/><V33/><F33/><W8/><G79/><T93/><D48/><U61/><E57/><V0/><F0/><W63/><REACH who="3" step="1"/><G8/><REACH who="3" ten="250,250,250,240" step="2"/><T127/><D127/><U130/><E130/><V109/><F126/><W51/><G51/><T111/><D111/><U73/><E73/><V94/><F109/><W66/><AGARI ba="0,1" hai="5,7,14,17,21,56,63,66,72,78,81,96,102,107" machi="66" ten="20,5200,0" yaku="1,1,0,1,7,1,52,1,53,0" doraHai="58" doraHaiUra="43" who="3" fromWho="3" sc="250,-26,250,-13,250,-13,240,62" />
</Scene>
<Scene>
<INIT seed="1,0,0,1,4,88" ten="224,237,237,302" oya="1" hai0="100,36,104,109,44,35,12,75,54,6,59,131,8" hai1="9,47,116,113,107,11,92,34,45,71,129,124,134" hai2="101,3,76,73,23,90,132,106,77,39,126,102,32" hai3="118,70,1,94,85,123,49,19,130,46,111,2,55"/><U74/><RYUUKYOKU type="yao9" ba="0,0" sc="224,0,237,0,237,0,302,0" hai1="9,11,34,45,47,71,74,92,107,113,116,124,129,134" />
</Scene>
<Scene>
<INIT seed="1,1,0,2,2,10" ten="224,237,237,302" oya="1" hai0="3,60,7,75,33,100,2,65,54,128,97,101,32" hai1="81,119,129,70,78,36,109,72,121,6,46,73,131" hai2="89,76,13,48,99,112,42,82,98,39,90,106,62" hai3="103,26,91,34,93,63,58,110,67,87,28,84,40"/><U77/><E121/><V127/><F39/><W24/><G110/><T47/><D75/><U4/><E119/><V41/><F127/><W31/><G40/><T135/><D135/><U132/><E70/><V59/><F112/><W44/><G44/><T35/><D128/><N who="1" m="49227" /><E132/><V80/><F106/><W113/><G103/><T20/><D20/><U57/><E57/><V126/><F126/><W85/><REACH who="3" step="1"/><G113/><REACH who="3" ten="224,237,237,292" step="2"/><T51/><D101/><U102/><E102/><V71/><F41/><W27/><G27/><T29/><D100/><U94/><E109/><V15/><F42/><W17/><G17/><T104/><D47/><U1/><E46/><V49/><F71/><W30/><G30/><T22/><D29/><U68/><E68/><V79/><F59/><W69/><G69/><T123/><D123/><U124/><E124/><V18/><F18/><W37/><G37/><T125/><D125/><U115/><E36/><V133/><F133/><W120/><G120/><T114/><D114/><U83/><E115/><V66/><F66/><W108/><G108/><T53/><D65/><U52/><E52/><V5/><F5/><W21/><AGARI ba="1,1" hai="21,24,26,28,31,34,58,63,67,84,85,87,91,93" machi="21" ten="20,5200,0" yaku="1,1,0,1,7,1,53,1" doraHai="10" doraHaiUra="86" who="3" fromWho="3" sc="224,-14,237,-27,237,-14,292,65" />
</Scene>
<Scene>
<INIT seed="2,0,0,4,1,15" ten="210,210,223,357" oya="2" hai0="74,54,118,81,47,75,9,65,26,135,45,59,5" hai1="99,22,12,127,16,27,19,108,101,131,17,79,77" hai2="83,100,96,62,60,103,46,91,63,120,41,28,109" hai3="73,1,44,8,66,52,133,64,129,36,34,61,117"/><V35/><F120/><W51/><G34/><T76/><D135/><U38/><E38/><V94/><F109/><W95/><G73/><T92/><D118/><U4/><E108/><V72/><F35/><W119/><G129/><T29/><D65/><U93/><E131/><V80/><F28/><W90/><G36/><T87/><D75/><U13/><E127/><V122/><F122/><W70/><G66/><T58/><D92/><U55/><E55/><V105/><F72/><W39/><G39/><T89/><D89/><U11/><E4/><V123/><F123/><W68/><G68/><T37/><D74/><U111/><E111/><V116/><F116/><W69/><G69/><T18/><D37/><U24/><E24/><V126/><F126/><W67/><G67/><T98/><D98/><U113/><E113/><V78/><F78/><W42/><G42/><T31/><D31/><U48/><E48/><N who="2" m="26703" /><F105/><W121/><G133/><T114/><D58/><U107/><E107/><V56/><F56/><W88/><G90/><T71/><D71/><U130/><E130/><V50/><F50/><W106/><G106/><T57/><D57/><U49/><E49/><V0/><F0/><W97/><G121/><T21/><D29/><U85/><E85/><V25/><F25/><W10/><G1/><T82/><D114/><U112/><E112/><V134/><F134/><W124/><G124/><T86/><D59/><U20/><AGARI ba="0,0" hai="11,12,13,16,17,19,20,22,27,77,79,93,99,101" machi="20" ten="20,12000,2" yaku="0,1,7,1,8,1,52,3,54,1" doraHai="15" who="1" fromWho="1" sc="210,-30,210,120,223,-60,357,-30" />
</Scene>
<Scene>
<INIT seed="3,0,0,3,4,114" ten="180,330,163,327" oya="3" hai0="40,94,92,20,116,32,17,131,106,57,7,108,36" hai1="88,67,73,12,21,35,104,117,26,24,19,29,124" hai2="78,129,8,2,0,48,126,60,79,122,9,63,15" hai3="127,97,84,58,109,69,82,93,49,135,90,31,75"/><W28/><G69/><T71/><D106/><U107/><E73/><V18/><F129/><W99/><G127/><T95/><D32/><U66/><E124/><V77/><F126/><W89/><G135/><T65/><D131/><U125/><E125/><V112/><F112/><W27/><G109/><T100/><D71/><U30/><E117/><V53/><F122/><W11/><G75/><T120/><D120/><U87/><E107/><V41/><F41/><W4/><G97/><T103/><D108/><U51/><E51/><V96/><F96/><W98/><G98/><T54/><D65/><U44/><E44/><V56/><F0/><W50/><G58/><T110/><D110/><U43/><E43/><V22/><F2/><W130/><G28/><T80/><D7/><U101/><E101/><V91/><F91/><W133/><G130/><T123/><D123/><U52/><E52/><V37/><F37/><W81/><G81/><T14/><D80/><U33/><REACH who="1" step="1"/><E104/><REACH who="1" ten="180,320,163,327" step="2"/><V113/><F113/><W61/><G133/><T132/><D132/><U39/><E39/><V5/><F48/><W118/><G118/><T16/><D116/><U85/><E85/><V42/><F42/><W70/><G49/><N who="0" m="30927" /><D40/><U121/><E121/><V3/><F63/><W6/><G50/><T115/><D36/><U128/><E128/><V45/><F45/><W59/><G61/><T134/><D134/><U10/><E10/><V55/><F55/><W111/><G11/><N who="0" m="6239" /><D115/><U62/><E62/><V38/><F38/><W68/><G111/><T34/><D34/><U76/><E76/><V102/><F60/><RYUUKYOKU ba="0,1" sc="180,15,320,15,163,-15,327,-15" hai0="17,20,92,94,95,100,103" hai1="12,19,21,24,26,29,30,33,35,66,67,87,88" />
</Scene>
<Scene>
<INIT seed="4,1,1,0,2,91" ten="195,335,148,312" oya="0" hai0="100,135,103,46,27,49,114,53,39,32,68,21,129" hai1="77,117,40,81,12,15,105,25,116,42,57,33,55" hai2="26,28,2,108,0,118,69,75,109,95,128,3,134" hai3="123,30,17,45,63,104,34,70,79,35,67,127,93"/><T85/><D114/><U64/><E105/><V56/><F69/><W125/><G104/><T90/><D32/><U73/><E64/><V66/><F75/><W43/><G123/><T92/><D68/><U29/><E42/><V16/><F128/><W96/><G79/><T87/><D135/><U54/><E40/><V37/><F37/><W52/><G17/><T132/><D132/><U115/><E115/><V23/><F134/><W83/><G83/><T20/><D39/><U22/><E55/><V88/><F118/><W82/><G82/><T76/><D129/><U8/><E15/><V71/><F71/><W86/><G86/><T47/><D47/><U122/><E33/><V38/><F38/><W80/><G80/><N who="0" m="47239" /><D20/><U131/><E122/><V51/><F28/><AGARI ba="1,1" hai="21,27,28,46,49,53,87,90,92,100,103" m="47239" machi="28" ten="30,2900,0" yaku="8,1,52,1" doraHai="91" who="0" fromWho="2" sc="195,42,335,0,148,-32,312,0" />
</Scene>
<Scene>
<INIT seed="4,2,0,0,4,111" ten="237,335,116,312" oya="0" hai0="126,127,117,50,90,104,68,22,87,30,118,132,12" hai1="31,18,32,10,64,7,36,41,73,35,133,116,119" hai2="78,123,76,65,54,58,93,33,23,49,88,97,20" hai3="86,63,56,28,13,108,66,21,107,91,16,82,3"/><T99/><D68/><U1/><E64/><V135/><F33/><N who="1" m="12873" /><E133/><V59/><F123/><W106/><G3/><T130/><D132/><U8/><E73/><V45/><F135/><W67/><G108/><T105/><D50/><U48/><E48/><V39/><F39/><W70/><G28/><T42/><D42/><U102/><E102/><V71/><F71/><W122/><G122/><T57/><D57/><U11/><E41/><V129/><F129/><W134/><G134/><T114/><D130/><U77/><E77/><V0/><F0/><W37/><G37/><T52/><D52/><U75/><E75/><V60/><F58/><W131/><G131/><T112/><D99/><U5/><E36/><V103/><F103/><W26/><G26/><N who="0" m="16727" /><D105/><U94/><E94/><V38/><F38/><W61/><AGARI ba="2,0" hai="13,16,21,56,61,63,66,67,70,82,86,91,106,107" machi="61" ten="30,2000,0" yaku="0,1,54,1" doraHai="111" who="3" fromWho="3" sc="237,-12,335,-7,116,-7,312,26" />
</Scene>
<Scene>
<INIT seed="5,0,0,2,5,41" ten="225,328,109,338" oya="1" hai0="122,31,63,45,102,7,12,18,30,111,50,9,88" hai1="36,40,134,100,68,26,62,67,104,65,90,130,135" hai2="132,39,71,129,69,107,70,23,24,77,131,92,85" hai3="34,25,82,21,94,114,44,118,59,117,47,8,116"/><U103/><E67/><V16/><F107/><W64/><G34/><T109/><D122/><U10/><E130/><V43/><F132/><N who="1" m="50729" /><E104/><V96/><F85/><W66/><G114/><T74/><D74/><U79/><E79/><V87/><F87/><W121/><G121/><T48/><D102/><U22/><E10/><V53/><F53/><W11/><G94/><T1/><D63/><U108/><E108/><V83/><F83/><W14/><G82/><T37/><D37/><U99/><E90/><V101/><REACH who="2" step="1"/><F77/><REACH who="2" ten="225,328,99,338" step="2"/><W52/><G66/><T78/><D78/><U112/><E99/><V80/><F80/><W95/><G64/><T110/><D110/><U0/><E65/><V81/><F81/><W5/><G95/><T127/><D111/><U29/><E103/><V4/><F4/><W33/><G33/><T115/><D109/><U54/><E54/><V55/><F55/><W76/><G76/><T93/><D7/><U6/><E6/><V86/><F86/><W105/><G105/><T120/><D120/><U123/><E100/><V89/><F89/><W58/><G8/><T28/><D88/><U84/><E123/><V125/><F125/><W60/><G58/><T35/><D127/><U98/><E98/><V128/><F128/><W124/><G124/><T126/><D126/><U17/><E84/><V27/><F27/><W46/><G21/><T19/><D9/><U20/><E22/><V56/><F56/><W73/><G25/><T15/><D35/><U61/><E26/><V38/><F38/><W32/><G32/><T119/><D93/><U72/><E20/><RYUUKYOKU ba="0,1" sc="225,-15,328,-15,99,15,338,15" hai2="16,23,24,39,43,69,70,71,92,96,101,129,131" hai3="5,11,14,44,46,47,52,59,60,73,116,117,118" />
</Scene>
<Scene>
<INIT seed="6,1,1,3,2,89" ten="210,313,114,353" oya="2" hai0="77,103,96,92,32,67,8,109,86,95,63,115,25" hai1="3,52,2,5,88,21,119,121,12,58,72,36,73" hai2="101,99,117,108,100,4,94,78,28,127,23,134,37" hai3="75,48,14,133,30,83,112,124,33,116,82,10,130"/><V74/><F117/><W60/><G33/><T38/><D109/><U126/><E119/><V70/><F108/><W84/><G30/><T59/><D38/><U135/><E36/><V104/><F134/><W118/><G124/><T57/><D115/><U98/><E126/><V40/><F70/><W129/><G112/><T111/><D111/><U45/><E45/><V61/><F127/><W34/><G34/><T7/><D32/><U46/><E46/><V66/><F4/><W105/><G105/><T20/><D59/><U81/><E135/><V22/><F37/><W53/><G60/><T85/><D77/><U123/><E21/><V50/><F74/><W18/><G82/><T106/><D106/><U76/><E72/><V11/><F11/><W114/><G75/><T120/><D95/><N who="1" m="56679" /><E12/><V1/><F1/><W79/><G114/><T9/><D120/><N who="1" m="46155" /><E5/><V54/><F78/><W107/><G107/><T69/><D69/><U102/><E102/><N who="2" m="60791" /><F28/><W93/><G133/><T65/><D65/><U55/><E55/><V49/><F104/><W29/><G29/><N who="0" m="17575" /><D9/><U39/><E39/><V15/><F40/><W56/><G93/><T132/><D132/><U51/><AGARI ba="1,1" hai="2,3,51,52,58,73,76,81" m="46155,56679" machi="51" ten="30,7900,0" yaku="13,1,52,1,54,2" doraHai="89" who="1" fromWho="1" sc="210,-21,313,92,114,-40,353,-21" />
</Scene>
<Scene>
<INIT seed="7,0,0,4,0,40" ten="189,405,74,332" oya="3" hai0="123,108,25,22,82,69,120,21,12,6,42,53,111" hai1="86,27,112,125,41,38,31,52,8,76,55,0,89" hai2="71,98,77,5,44,87,62,106,122,17,74,18,133" hai3="48,68,15,49,61,119,2,24,1,131,94,99,93"/><W97/><G15/><T91/><D42/><U3/><E76/><V66/><F133/><W47/><G24/><T63/><D91/><U34/><E112/><V65/><F74/><W110/><G110/><T84/><D69/><U101/><E101/><V57/><F122/><W100/><G119/><T105/><D105/><U114/><E114/><V116/><F116/><W10/><G10/><T92/><D92/><U20/><E125/><V60/><F5/><W104/><G131/><T107/><D107/><U36/><E34/><V26/><F106/><W79/><G79/><T127/><D12/><U102/><E102/><V35/><F35/><W46/><G104/><T128/><D21/><U130/><E130/><V118/><F118/><W83/><G100/><T80/><D6/><U73/><E73/><V85/><F98/><W135/><G68/><T28/><D127/><U56/><E55/><V51/><F77/><W37/><G83/><T113/><D82/><U90/><E90/><V45/><F71/><W50/><G50/><T70/><D113/><U54/><E8/><V72/><F72/><W59/><G59/><N who="0" m="35311" /><D70/><U96/><E36/><V19/><F19/><W16/><G16/><T13/><D128/><U7/><E7/><V132/><F132/><W67/><G135/><T64/><D111/><U129/><E129/><V88/><F26/><W95/><G95/><T33/><D108/><U11/><E11/><V4/><F4/><W115/><G115/><T9/><D9/><U109/><E109/><V32/><F32/><W81/><G81/><T39/><D33/><U121/><E27/><RYUUKYOKU ba="0,0" sc="189,0,405,0,74,0,332,0" owari="189,-21.0,405,51.0,74,-43.0,332,13.0" />
</Scene>
</mjloggm>