<mjloggm ver="2.3"><GO type="169" lobby="0"/><UN n0="%E3%80%93%E3%81%84%E3%81%A1%E3%81%AF%E3%82%89%E3%80%93" n1="%E7%94%9F%E3%81%8D%E3%81%A6%E3%81%A6%E3%82%88%E3%81%8B%E3%81%A3%E3%81%9F" n2="%E5%A4%AA%E3%81%8F%E3%81%AA%E3%81%84%E3%81%8A" n3="%E3%83%AB%E3%82%AF%E5%8A%A9" dan="18,16,18,16" rate="2216.29,2119.27,2267.95,2029.53" sx="M,M,M,F"/><TAIKYOKU oya="0"/>

<Scene>
<INIT seed="0,0,0,5,0,89" ten="250,250,250,250" oya="0" hai0="27,36,91,109,62,95,31,106,35,1,28,65,115" hai1="97,80,92,133,72,67,75,6,126,52,81,88,15" hai2="127,118,70,30,25,58,49,128,117,90,129,54,99" hai3="47,134,83,135,111,7,64,17,34,22,69,33,87"/><T79/><D115/><U116/><E116/><N who="2" m="44651" /><F70/><W77/><G7/><T32/><D1/><U53/><E67/><V103/><F90/><W14/><G111/><T102/><D36/><U48/><E133/><N who="3" m="50698" /><G47/><T24/><D109/><U57/><E126/><V85/><F85/><W16/><G17/><T123/><D123/><U44/><E75/><V108/><F127/><W21/><G21/><T104/><D79/><U132/><E72/><V84/><F84/><W43/><G43/><T122/><D102/><U119/><E119/><V82/><F82/><W11/><G11/><T113/><D113/><U107/><E107/><N who="2" m="63999" /><F108/><W5/><G5/><T73/><D73/><U105/><E105/><V51/><F51/><W12/><G12/><T13/><D13/><U20/><E132/><V96/><F96/><W130/><G130/><T93/><D122/><U46/><E46/><V39/><F39/><W124/><G124/><T42/><D42/><U56/><E44/><V19/><F19/><W114/><G114/><T100/><D100/><U2/><E2/><V68/><F68/><W125/><G125/><T86/><REACH who="0" step="1"/><D95/><REACH who="0" ten="240,250,250,250" step="2"/><U45/><E15/><V10/><F10/><W23/><G23/><AGARI ba="0,1" hai="23,25,30,49,54,58,128,129" m="63999,44651" machi="23" ten="30,1000,0" yaku="12,1" doraHai="89" who="2" fromWho="3" sc="240,0,250,0,250,20,250,-10" />
</Scene>
<Scene>
<INIT seed="1,0,0,3,5,45" ten="240,250,270,240" oya="1" hai0="81,15,57,37,12,63,35,89,110,129,95,32,46" hai1="30,116,38,135,94,27,71,68,43,13,48,114,34" hai2="39,125,97,26,113,55,73,77,29,75,90,54,111" hai3="134,16,69,127,61,24,87,83,53,28,44,103,108"/><U120/><E120/><V117/><F117/><W91/><G108/><T85/><D110/><U124/><E116/><V107/><F111/><W112/><G112/><T10/><D129/><U42/><E114/><V0/><F39/><W102/><G127/><T100/><D15/><U109/><E109/><V4/><F125/><W25/><G134/><T84/><D37/><U96/><E124/><V19/><F113/><W106/><G106/><T58/><D57/><U62/><E38/><V128/><F128/><W118/><G118/><T119/><D46/><U40/><E135/><V2/><F19/><W9/><G69/><T121/><D121/><U82/><E82/><V1/><F4/><W56/><G44/><T76/><D100/><U8/><E48/><V74/><F77/><W66/><G66/><T78/><D78/><U52/><E52/><V22/><REACH who="2" step="1"/><F90/><REACH who="2" ten="240,250,260,240" step="2"/><W105/><G16/><T80/><D119/><U33/><E33/><V47/><F47/><W131/><G131/><T7/><D35/><U11/><E34/><V65/><F65/><W23/><G91/><T49/><D32/><U51/><E40/><V60/><F60/><W115/><G61/><T21/><D63/><U104/><E62/><V133/><F133/><W86/><G115/><T126/><D126/><U36/><E42/><V93/><F93/><W3/><G105/><T98/><D81/><U14/><E104/><V5/><F5/><W18/><G83/><T20/><D98/><U17/><E43/><V50/><F50/><W70/><G70/><T6/><D6/><U59/><E36/><V31/><F31/><RYUUKYOKU ba="0,1" sc="240,15,250,-15,260,15,240,-15" hai0="7,10,12,20,21,49,58,76,80,84,85,89,95" hai2="0,1,2,22,26,29,54,55,73,74,75,97,107" />
</Scene>
<Scene>
<INIT seed="2,1,1,4,0,14" ten="255,235,275,225" oya="2" hai0="72,124,134,49,121,5,120,108,21,52,71,126,63" hai1="53,15,41,101,10,61,81,8,37,116,58,135,56" hai2="82,93,12,132,22,67,123,26,69,83,131,60,104" hai3="17,109,20,112,38,54,0,95,110,125,18,113,89"/><V94/><F123/><W107/><G107/><T85/><D72/><U80/><E116/><V11/><F104/><W1/><G38/><T35/><D35/><U62/><E101/><V90/><F132/><W91/><G54/><T115/><D5/><U2/><E135/><V65/><F65/><W16/><G20/><T103/><D103/><U27/><E27/><V100/><F100/><W129/><G129/><T119/><D85/><U57/><E57/><V32/><F32/><W59/><G59/><T97/><D97/><U102/><E102/><V51/><F51/><W24/><G24/><T6/><D6/><U105/><E105/><V92/><F90/><N who="3" m="34315" /><G95/><T36/><D21/><U39/><E41/><V66/><F66/><W33/><G125/><N who="0" m="48235" /><D36/><U64/><E37/><V96/><F131/><W86/><G86/><T70/><D134/><U47/><E2/><N who="3" m="1130" /><G33/><T122/><D119/><U50/><E39/><V99/><F96/><W117/><G117/><T9/><D9/><U128/><E8/><V19/><REACH who="2" step="1"/><F99/><REACH who="2" ten="255,235,265,225" step="2"/><W76/><G76/><T84/><D49/><U106/><E106/><V98/><F98/><W29/><G29/><AGARI ba="1,2" hai="11,12,19,22,26,29,60,67,69,82,83,92,93,94" machi="29" ten="40,3900,0" yaku="1,1,52,1,53,0" doraHai="14" doraHaiUra="114" who="2" fromWho="3" sc="255,0,235,0,265,62,225,-42" />
</Scene>
<Scene>
<INIT seed="2,2,0,0,1,60" ten="255,235,327,183" oya="2" hai0="3,33,51,30,66,64,13,83,32,62,124,129,61" hai1="47,31,27,52,56,41,98,76,115,118,7,90,82" hai2="116,110,16,49,54,8,113,44,104,69,0,123,14" hai3="34,6,21,85,63,119,65,29,57,128,132,87,88"/><V2/><F113/><W39/><G119/><T70/><D3/><U78/><E7/><V131/><F116/><W89/><G128/><T130/><D124/><U9/><E9/><V106/><F123/><W96/><G132/><T25/><D33/><U28/><E28/><V91/><F131/><W95/><G39/><T11/><D51/><U50/><E115/><V43/><F69/><W22/><G6/><T103/><D83/><U71/><E71/><V75/><F75/><W117/><G117/><T122/><D122/><U42/><E42/><V24/><F110/><W48/><G48/><T5/><REACH who="0" step="1"/><D103/><REACH who="0" ten="245,235,327,183" step="2"/><U134/><E118/><V97/><F0/><W74/><G34/><T72/><D72/><U77/><E134/><V73/><F73/><W12/><G74/><T133/><D133/><U99/><E82/><V58/><F2/><W135/><G135/><T107/><D107/><U40/><E40/><V101/><F104/><W86/><G29/><T53/><D53/><U112/><E112/><V35/><F35/><W79/><G79/><T92/><D92/><U120/><E120/><V121/><F121/><W18/><REACH who="3" step="1"/><G89/><REACH who="3" ten="245,235,327,173" step="2"/><T100/><D100/><U20/><REACH who="1" step="1"/><E90/><REACH who="1" ten="245,225,327,173" step="2"/><V45/><F91/><W36/><G36/><AGARI ba="2,3" hai="20,27,31,36,41,47,50,52,56,76,77,78,98,99" machi="36" ten="40,5200,0" yaku="1,1,2,1,54,1,53,0" doraHai="60" doraHaiUra="109" who="1" fromWho="3" sc="245,0,225,88,327,0,173,-58" />
</Scene>
<Scene>
<INIT seed="3,0,0,1,5,87" ten="245,313,327,115" oya="3" hai0="77,127,26,30,115,32,51,63,33,58,109,46,94" hai1="23,125,108,114,118,103,54,43,34,27,104,5,11" hai2="38,96,14,59,107,7,126,40,89,36,98,70,55" hai3="64,76,4,37,80,60,50,48,2,0,47,66,79"/><W1/><G4/><T106/><D109/><U102/><E43/><V113/><F113/><W29/><G29/><T85/><D106/><U128/><E34/><V124/><F70/><W82/><G37/><T78/><D115/><U24/><E24/><V100/><F7/><W68/><G66/><T117/><D117/><U130/><E108/><V71/><F71/><W111/><G111/><T93/><D33/><U92/><E104/><V9/><F96/><W18/><G18/><T121/><D121/><U97/><E54/><V21/><F21/><W110/><G110/><T57/><D127/><N who="2" m="48682" /><F40/><W120/><G120/><T105/><D105/><U135/><E135/><V75/><F75/><W73/><REACH who="3" step="1"/><G47/><REACH who="3" ten="245,313,327,105" step="2"/><T8/><D46/><U52/><E125/><V35/><F38/><W123/><G123/><T22/><D32/><U61/><E114/><V10/><F36/><W131/><G131/><T129/><D129/><U83/><E130/><V67/><F67/><W62/><G62/><T53/><D63/><U44/><E61/><V3/><F35/><W12/><G12/><T16/><D58/><U28/><E128/><V134/><F14/><W133/><G133/><T65/><D65/><U41/><E44/><V19/><F134/><W17/><G17/><T45/><D45/><U72/><E41/><V95/><F19/><W69/><G69/><T90/><D30/><U25/><E28/><V15/><F15/><W101/><G101/><T99/><D8/><U119/><E5/><V86/><F3/><W49/><G49/><AGARI ba="0,1" hai="9,10,49,55,59,86,89,95,98,100,107" m="48682" machi="49" ten="30,2000,0" yaku="18,1,52,1" doraHai="87" who="2" fromWho="3" sc="245,0,313,0,327,30,105,-20" />
</Scene>
<Scene>
<INIT seed="4,0,0,1,3,130" ten="245,313,357,85" oya="0" hai0="15,58,107,81,56,48,8,86,76,91,1,33,109" hai1="134,123,9,67,34,127,12,21,46,43,92,7,50" hai2="82,79,44,62,64,90,37,26,2,35,17,22,121" hai3="40,14,59,129,16,96,49,98,117,106,112,55,83"/><T72/><D33/><U52/><E34/><V125/><F121/><W94/><G129/><T135/><D1/><U32/><E32/><V70/><F2/><W19/><G117/><T93/><D109/><U85/><E127/><V42/><F35/><W39/><G112/><T0/><D0/><U88/><E67/><V102/><F102/><W120/><G120/><T113/><D113/><U23/><E123/><V100/><F100/><W124/><G124/><T80/><D107/><U97/><E134/><V61/><F125/><W27/><G106/><T104/><D104/><U73/><E73/><V51/><F90/><W6/><G6/><T24/><D135/><U69/><E69/><V10/><F10/><W20/><G83/><T45/><D24/><U101/><E43/><V31/><F62/><W108/><G108/><T87/><D93/><AGARI ba="0,0" hai="7,9,12,21,23,46,50,52,85,88,92,93,97,101" machi="93" ten="30,7700,0" yaku="7,1,8,1,54,2" doraHai="130" who="1" fromWho="0" sc="245,-77,313,77,357,0,85,0" />
</Scene>
<Scene>
<INIT seed="5,0,0,0,4,29" ten="168,390,357,85" oya="1" hai0="49,79,17,61,42,103,77,109,66,45,104,19,18" hai1="22,73,43,90,87,12,82,20,23,126,130,101,112" hai2="129,53,15,0,2,119,114,64,33,100,25,57,56" hai3="84,1,51,106,121,69,9,58,78,55,116,132,80"/><U60/><E101/><V88/><F119/><W71/><G121/><T125/><D109/><U117/><E43/><V28/><F100/><W30/><G106/><T68/><D125/><U31/><E117/><V11/><F129/><W105/><G116/><T16/><D103/><U115/><E73/><V102/><F102/><W111/><G111/><T108/><D108/><U93/><E82/><V83/><F64/><W62/><G105/><T134/><D104/><U50/><E50/><V41/><F41/><W135/><G30/><T107/><D107/><U128/><E60/><V63/><F57/><W127/><G127/><T59/><D134/><U110/><E126/><V123/><F123/><W99/><G99/><T38/><N who="0" m="4096" /><DORA hai="120" /><T113/><D113/><N who="1" m="43595" /><E110/><V27/><F114/><W91/><G78/><T47/><REACH who="0" step="1"/><D68/><REACH who="0" ten="158,390,357,85" step="2"/><U14/><E128/><V4/><REACH who="2" step="1"/><F27/><REACH who="2" ten="158,390,347,85" step="2"/><W67/><G132/><T72/><D72/><U3/><E130/><V46/><F46/><W92/><G135/><T124/><D124/><U44/><E44/><V6/><F6/><W32/><G71/><T122/><D122/><U36/><E36/><V34/><F34/><W86/><G32/><T65/><D65/><U96/><E20/><V81/><F81/><W89/><G69/><T24/><D24/><U21/><E22/><V52/><F52/><AGARI ba="0,2" hai="38,42,45,47,49,52,59,61,66,77,79" m="4096" machi="52" ten="50,6400,0" yaku="1,1,54,2,53,0" doraHai="29,120" doraHaiUra="7,85" who="0" fromWho="2" sc="158,84,390,0,347,-64,85,0" />
</Scene>
<Scene>
<INIT seed="6,0,0,4,2,36" ten="242,390,283,85" oya="2" hai0="100,133,1,61,114,63,6,120,27,65,19,131,33" hai1="91,82,115,7,96,44,124,30,10,86,62,104,38" hai2="111,40,56,46,127,4,117,76,116,22,72,17,113" hai3="53,13,9,25,118,88,28,43,84,60,106,81,93"/><V48/><F113/><W41/><G118/><T69/><D114/><U92/><E30/><V99/><F127/><W87/><G106/><T126/><D126/><U64/><E124/><V67/><F111/><W90/><G60/><T55/><D120/><U125/><E125/><V34/><F34/><W109/><G53/><T107/><D131/><U89/><E104/><V130/><F130/><W112/><G112/><T68/><D133/><U122/><E122/><V47/><F4/><W39/><G39/><T78/><D78/><U98/><E98/><V18/><F99/><W45/><G45/><T119/><D119/><U66/><E62/><V49/><F56/><W121/><G109/><T0/><D6/><U14/><E115/><V31/><F31/><W132/><G132/><T135/><D135/><U102/><E102/><V57/><F57/><W80/><G93/><T108/><D108/><U37/><E37/><V15/><F67/><W123/><G123/><T75/><D75/><U129/><E129/><V71/><F71/><W51/><G51/><T85/><D85/><U74/><E74/><V23/><F76/><W12/><G121/><T5/><D5/><U35/><E35/><V42/><F72/><W97/><G97/><N who="0" m="61839" /><D19/><U103/><E103/><V52/><F52/><W50/><G50/><T3/><D55/><U21/><E21/><V16/><F18/><N who="3" m="8463" /><G13/><AGARI ba="0,0" hai="13,15,16,17,22,23,40,42,46,47,48,49,116,117" machi="13" ten="30,18000,2" yaku="7,1,32,3,52,2,54,1" doraHai="36" who="2" fromWho="3" sc="242,0,390,0,283,180,85,-180" owari="242,-16.0,390,19.0,463,57.0,-95,-60.0" />
</Scene>
</mjloggm>