<mjloggm ver="2.3"><GO type="169" lobby="0"/><UN n0="%E3%82%8B%E3%81%84%E3%81%9A%E3%81%85%E3%81%86%E3%81%82%E3%81%81%E3%81%82" n1="%64%61%61%61%61%61%61%61" n2="%E5%A4%AA%E3%81%8F%E3%81%AA%E3%81%84%E3%81%8A" n3="%E6%97%85%E4%BA%BA%E3%81%A1%E3%82%88%E3%81%99%E3%81%91" dan="17,16,18,17" rate="2108.35,2124.06,2293.83,2192.56" sx="F,F,F,M"/><TAIKYOKU oya="0"/>

<Scene>
<INIT seed="0,0,0,5,1,95" ten="250,250,250,250" oya="0" hai0="94,110,91,8,5,44,74,100,61,132,0,134,124" hai1="29,22,125,6,35,129,97,16,62,73,116,118,85" hai2="112,123,89,42,58,47,9,17,31,72,30,59,39" hai3="86,67,7,83,66,40,75,82,18,98,50,102,57"/><T3/><D124/><U19/><E73/><V104/><F123/><W4/><G75/><T88/><D74/><U56/><E125/><V20/><F112/><W105/><G83/><T45/><D110/><U68/><E68/><V69/><F69/><W15/><G67/><T26/><D61/><U120/><E120/><V79/><F104/><W14/><G14/><T84/><D0/><U76/><E35/><V52/><F9/><W81/><G81/><T54/><D100/><U108/><E108/><V32/><F32/><W2/><G2/><T109/><D109/><U126/><E126/><V55/><F79/><W48/><G48/><T71/><D71/><U53/><E6/><V34/><F34/><W43/><G43/><T133/><D26/><N who="1" m="16599" /><E129/><V128/><F128/><W49/><G49/><N who="0" m="28975" /><D91/><U78/><E116/><V13/><F72/><W24/><G24/><T96/><D44/><U28/><E28/><V25/><F89/><W103/><G103/><T121/><D121/><U36/><E36/><V41/><F41/><W38/><G38/><T122/><D122/><U87/><E118/><V23/><F31/><W60/><G50/><T130/><D130/><U33/><E33/><V106/><F106/><W101/><G101/><T115/><D115/><U37/><E37/><V1/><F1/><W92/><G105/><T70/><D70/><U113/><E113/><V21/><F30/><W63/><G63/><T80/><D80/><U135/><E62/><N who="2" m="36167" /><F25/><W27/><G27/><T111/><D111/><U107/><E107/><V131/><F131/><W12/><G40/><T46/><D46/><RYUUKYOKU ba="0,0" sc="250,15,250,-15,250,15,250,-15" hai0="3,5,8,84,88,94,96,132,133,134" hai2="13,17,20,21,23,39,42,47,55,59" />
</Scene>
<Scene>
<INIT seed="0,1,0,1,0,38" ten="265,235,265,235" oya="0" hai0="51,99,35,6,115,3,120,56,60,24,25,125,49" hai1="131,32,124,77,82,29,94,40,26,90,76,96,59" hai2="48,55,42,127,126,21,28,86,50,66,118,34,117" hai3="83,18,107,109,31,8,102,14,30,1,23,19,7"/><T57/><D120/><U37/><E124/><N who="2" m="47659" /><F34/><W134/><G109/><T16/><D115/><U81/><E131/><V123/><F123/><W74/><G134/><T128/><D125/><U112/><E112/><V44/><F86/><W93/><G107/><T36/><D36/><U17/><E59/><N who="2" m="33255" /><F28/><W135/><G135/><T20/><D128/><U61/><E61/><V4/><F21/><W41/><G41/><T114/><D114/><U89/><E17/><V54/><F4/><W11/><G102/><T133/><D133/><U46/><REACH who="1" step="1"/><E90/><REACH who="1" ten="265,225,265,235" step="2"/><V92/><F66/><W68/><G19/><T91/><D16/><U27/><E27/><V72/><F72/><W71/><G74/><T73/><D24/><U75/><E75/><V5/><F5/><W2/><G18/><T69/><D25/><U122/><E122/><V67/><F67/><W100/><G30/><T98/><D73/><U22/><E22/><V103/><F103/><W87/><G23/><T129/><D20/><U130/><E130/><V106/><F106/><W52/><G31/><T101/><D129/><U85/><E85/><V111/><F111/><W132/><G132/><T10/><D6/><U95/><E95/><V47/><F92/><W12/><G93/><T13/><D91/><U108/><E108/><V84/><F84/><W64/><G100/><T58/><D101/><U80/><AGARI ba="1,1" hai="26,29,32,37,40,46,76,77,80,81,82,89,94,96" machi="80" ten="30,4000,0" yaku="1,1,0,1,52,1,53,0" doraHai="38" doraHaiUra="105" who="1" fromWho="1" sc="265,-21,225,53,265,-11,235,-11" />
</Scene>
<Scene>
<INIT seed="1,0,0,0,3,105" ten="244,278,254,224" oya="1" hai0="16,84,134,30,22,5,79,36,68,9,91,117,13" hai1="33,107,103,27,118,102,0,10,83,111,58,21,62" hai2="20,70,8,93,85,35,97,38,44,88,78,37,81" hai3="29,80,67,65,116,76,124,12,115,126,113,52,64"/><U96/><E118/><V119/><F35/><W130/><G116/><T61/><D117/><U45/><E33/><V17/><F119/><W82/><G130/><T74/><D36/><U54/><E111/><V14/><F70/><W39/><G39/><T77/><D134/><U86/><E102/><V90/><F44/><W71/><G71/><T114/><D114/><U18/><E45/><V109/><F109/><W1/><G1/><T125/><D125/><N who="3" m="48233" /><G29/><T2/><D74/><U55/><E55/><V11/><F11/><W108/><G108/><T48/><D48/><U100/><E100/><V133/><F133/><W57/><G12/><T106/><D106/><U121/><E121/><V3/><F3/><W6/><G6/><T95/><REACH who="0" step="1"/><D30/><REACH who="0" ten="234,278,254,224" step="2"/><U66/><E0/><V23/><F38/><W32/><G32/><T24/><D24/><U43/><E43/><V25/><F37/><W87/><G80/><T34/><D34/><U26/><E26/><V104/><F104/><W63/><AGARI ba="0,1" hai="52,57,63,64,65,67,76,82,87,113,115" m="48233" machi="63" ten="30,2000,0" yaku="18,1,54,1" doraHai="105" who="3" fromWho="3" sc="234,-5,278,-10,254,-5,224,30" />
</Scene>
<Scene>
<INIT seed="2,0,0,4,4,10" ten="229,268,249,254" oya="2" hai0="100,85,13,54,122,106,93,38,40,130,107,92,72" hai1="5,103,79,110,51,2,27,35,55,6,60,114,56" hai2="132,37,74,78,124,59,58,131,129,69,50,73,95" hai3="68,126,119,45,118,83,30,65,116,32,108,111,46"/><V86/><F37/><W28/><G126/><T75/><D122/><U47/><E114/><V82/><F69/><W101/><G101/><T98/><D54/><U115/><E115/><V63/><F124/><W41/><G68/><T20/><D40/><U14/><E2/><V127/><F127/><W76/><G65/><T128/><D38/><U134/><E110/><N who="3" m="42026" /><G32/><T81/><D20/><U43/><E134/><V39/><F39/><N who="3" m="21695" /><G46/><T105/><D13/><U8/><E103/><V23/><F132/><W12/><G12/><T64/><D93/><U125/><E125/><V123/><F123/><W94/><G94/><T66/><D64/><U87/><E35/><V29/><F95/><W48/><G48/><T36/><D36/><U16/><E27/><N who="2" m="16639" /><F50/><W4/><G4/><T77/><D66/><U9/><E9/><V18/><F58/><W0/><G0/><T135/><D135/><U3/><E3/><V24/><F59/><W15/><G15/><T80/><D80/><AGARI ba="0,0" hai="5,6,8,14,16,43,47,51,55,56,60,79,80,87" machi="80" ten="40,5200,0" yaku="8,1,52,1,54,1" doraHai="10" who="1" fromWho="0" sc="229,-52,268,52,249,0,254,0" />
</Scene>
<Scene>
<INIT seed="3,0,0,3,2,128" ten="177,320,249,254" oya="3" hai0="94,122,123,37,78,98,125,67,91,15,43,84,38" hai1="9,102,18,111,69,70,97,72,5,101,53,100,73" hai2="130,110,112,47,54,88,31,81,14,132,26,28,66" hai3="3,96,46,8,65,21,108,1,90,86,131,0,62"/><W127/><G131/><T61/><D125/><U105/><E18/><V104/><F130/><W68/><G127/><T6/><D123/><U95/><E53/><V126/><F126/><W13/><G96/><T92/><D122/><U50/><E50/><V11/><F104/><W51/><G21/><T71/><D43/><U39/><E39/><V10/><F112/><W106/><G106/><T107/><D107/><U77/><E111/><V52/><F66/><W4/><G108/><T16/><D6/><U48/><E48/><V60/><F110/><W7/><G7/><T23/><REACH who="0" step="1"/><D78/><REACH who="0" ten="167,320,249,254" step="2"/><U80/><E105/><V83/><F47/><W93/><G1/><T133/><D133/><U59/><E77/><V113/><F132/><W129/><G129/><T36/><D36/><U79/><E5/><V25/><F113/><W117/><G117/><T56/><D56/><U49/><E59/><V30/><F60/><W19/><G4/><T87/><D87/><U118/><E79/><V82/><F88/><AGARI ba="0,1" hai="15,16,23,37,38,61,67,71,84,88,91,92,94,98" machi="88" ten="30,7700,0" yaku="1,1,7,1,54,2,53,0" doraHai="128" doraHaiUra="33" who="0" fromWho="2" sc="167,87,320,0,249,-77,254,0" />
</Scene>
<Scene>
<INIT seed="4,0,0,5,4,55" ten="254,320,172,254" oya="0" hai0="85,43,12,29,132,10,128,102,130,23,98,67,4" hai1="66,6,91,71,27,44,61,17,11,74,48,7,3" hai2="70,19,18,72,64,68,112,115,78,107,110,100,124" hai3="76,127,104,101,41,131,51,134,84,42,8,65,122"/><T89/><D132/><U105/><E105/><V69/><F110/><W113/><G127/><T24/><D43/><U135/><E74/><V83/><F124/><W95/><G113/><N who="2" m="43593" /><F64/><W126/><G131/><T0/><D67/><U32/><E135/><V88/><F88/><W5/><G104/><T73/><D73/><U60/><E60/><V123/><F123/><W90/><G134/><T50/><D50/><U119/><E119/><V86/><F86/><W46/><G126/><T13/><D98/><AGARI ba="0,0" hai="18,19,68,69,70,72,78,83,98,100,107" m="43593" machi="98" ten="40,1300,0" yaku="15,1" doraHai="55" who="2" fromWho="0" sc="254,-13,320,0,172,13,254,0" />
</Scene>
<Scene>
<INIT seed="5,0,0,0,5,130" ten="241,320,185,254" oya="1" hai0="63,116,88,103,127,24,79,104,60,69,100,113,40" hai1="21,15,84,80,123,18,36,38,70,89,27,57,95" hai2="119,35,91,117,86,67,121,106,20,28,81,39,4" hai3="120,31,16,34,131,65,96,26,12,5,44,132,105"/><U0/><E70/><V71/><F121/><W108/><G120/><T128/><D116/><U124/><E0/><V6/><F39/><W46/><G108/><T25/><D128/><U72/><E123/><V3/><F106/><W47/><G131/><T7/><D79/><U17/><E124/><V55/><F35/><W90/><G5/><T33/><D127/><U94/><E72/><V56/><F71/><W66/><G132/><T49/><D33/><U41/><E36/><V23/><F67/><W78/><G78/><T53/><D40/><U10/><E41/><V122/><F122/><W22/><REACH who="3" step="1"/><G90/><REACH who="3" ten="241,320,185,244" step="2"/><T129/><D129/><U99/><E38/><V112/><F6/><W77/><G77/><T133/><D7/><U75/><E75/><V93/><F119/><W82/><G82/><T54/><D88/><U64/><E99/><V45/><F117/><W125/><G125/><T101/><D133/><U85/><E84/><V37/><F4/><W19/><G19/><T29/><D101/><AGARI ba="0,1" hai="12,16,22,26,31,34,44,46,47,65,66,96,101,105" machi="101" ten="40,2600,0" yaku="1,1,54,1,53,0" doraHai="130" doraHaiUra="48" who="3" fromWho="0" sc="241,-26,320,0,185,0,244,36" />
</Scene>
<Scene>
<INIT seed="6,0,0,1,3,45" ten="215,320,185,280" oya="2" hai0="28,35,72,115,3,123,87,15,12,2,55,75,81" hai1="110,102,97,120,131,92,94,76,36,54,25,71,130" hai2="73,24,42,63,128,104,122,40,109,93,69,62,6" hai3="85,103,27,0,49,59,116,135,79,65,129,29,52"/><V39/><F104/><W60/><G116/><T78/><D123/><U1/><E110/><V125/><F73/><W11/><G129/><T89/><D115/><U88/><E71/><V98/><F122/><W13/><G0/><T132/><D75/><U23/><E1/><V46/><F128/><N who="1" m="49193" /><E36/><V111/><F125/><W95/><G135/><T21/><D132/><U106/><E76/><V121/><F121/><W67/><G79/><T26/><D55/><U127/><E120/><V124/><F124/><W53/><G103/><T90/><D90/><U114/><E114/><V30/><F6/><W19/><G95/><T107/><D107/><U43/><E43/><V57/><F42/><W86/><G53/><T38/><D38/><U96/><E54/><V41/><F41/><W4/><G4/><T14/><REACH who="0" step="1"/><D35/><REACH who="0" ten="205,320,185,280" step="2"/><U112/><E112/><V101/><F69/><W70/><G65/><T80/><AGARI ba="0,1" hai="2,3,12,14,15,21,26,28,72,78,80,81,87,89" machi="80" ten="30,4000,0" yaku="1,1,2,1,0,1,53,0" doraHai="45" doraHaiUra="99" who="0" fromWho="0" sc="205,50,320,-10,185,-20,280,-10" />
</Scene>
<Scene>
<INIT seed="7,0,0,5,5,53" ten="255,310,165,270" oya="3" hai0="126,8,31,97,85,119,90,59,33,87,10,66,32" hai1="80,121,104,9,57,6,22,47,19,130,96,26,129" hai2="29,117,78,76,74,51,115,106,61,3,39,127,92" hai3="91,34,30,14,11,93,24,58,77,46,113,12,108"/><W48/><G113/><T25/><D119/><U27/><E121/><V88/><F39/><W54/><G108/><T16/><D33/><U55/><E47/><V81/><F117/><W50/><G77/><T69/><D69/><U131/><E27/><V60/><F115/><W89/><G12/><T134/><D134/><U128/><E128/><V98/><F127/><W5/><REACH who="3" step="1"/><G93/><REACH who="3" ten="255,310,165,260" step="2"/><T1/><D126/><U2/><E104/><V102/><F3/><W21/><G21/><T72/><D1/><U125/><E125/><V112/><F112/><W18/><G18/><T71/><D16/><U110/><E110/><V56/><F78/><W65/><G65/><T103/><D66/><U118/><E118/><V116/><F116/><W120/><G120/><T83/><D32/><U70/><E19/><V63/><F29/><W0/><G0/><T94/><D31/><U37/><E2/><V17/><F17/><W111/><G111/><T35/><D94/><U73/><E130/><V38/><F38/><W15/><G15/><T99/><D35/><U84/><E37/><V52/><REACH who="2" step="1"/><F106/><REACH who="2" ten="255,310,155,260" step="2"/><W49/><G49/><T79/><D79/><U132/><E129/><V68/><F68/><W67/><G67/><T75/><D71/><U95/><E70/><V82/><F82/><W36/><G36/><T45/><D83/><U107/><E80/><V43/><F43/><AGARI ba="0,2" hai="5,11,14,24,30,34,43,46,48,50,54,58,89,91" machi="43" ten="30,5800,0" yaku="1,1,7,1,52,1,53,0" doraHai="53" doraHaiUra="124" who="3" fromWho="2" sc="255,0,310,0,155,-58,260,78" owari="255,-14.0,310,11.0,97,-40.0,338,43.0" />
</Scene>
</mjloggm>