<mjloggm ver="2.3"><GO type="169" lobby="0"/><UN n0="%E5%A4%AA%E3%81%8F%E3%81%AA%E3%81%84%E3%81%8A" n1="%E3%82%80%E3%81%AD%E3%81%95%E3%82%93" n2="%E3%82%A2%E3%82%AB%E3%82%AE%EF%BC%A0%E5%B7%9D%E6%9D%91%E8%BB%8D%E5%9B%A3" n3="%E3%83%8D%E3%83%BC%E3%83%A0%E3%83%AC%E3%82%B9%EF%BC%97" dan="18,16,17,16" rate="2263.77,2098.10,2181.86,2172.22" sx="F,M,M,F"/><TAIKYOKU oya="0"/>

<Scene>
<INIT seed="0,0,0,2,1,42" ten="250,250,250,250" oya="0" hai0="104,126,112,120,130,23,95,74,32,38,58,84,9" hai1="134,59,93,68,127,2,97,53,89,35,55,15,108" hai2="29,22,110,80,118,18,102,124,26,0,51,96,60" hai3="86,4,47,66,65,64,56,46,90,81,73,40,135"/><T1/><RYUUKYOKU type="yao9" ba="0,0" sc="250,0,250,0,250,0,250,0" hai0="1,9,23,32,38,58,74,84,95,104,112,120,126,130" />
</Scene>
<Scene>
<INIT seed="0,1,0,3,3,120" ten="250,250,250,250" oya="0" hai0="128,65,110,61,11,1,53,52,23,59,2,113,104" hai1="42,79,5,68,101,111,46,84,116,39,31,35,62" hai2="130,91,118,108,75,38,34,21,90,64,50,63,134" hai3="57,15,127,105,85,6,131,86,82,125,95,89,97"/><T33/><D33/><U74/><E116/><V16/><F34/><W121/><G121/><T26/><D113/><U115/><E84/><V51/><F38/><W119/><G119/><T0/><D104/><U78/><E78/><V72/><F118/><W24/><G105/><T103/><D103/><U66/><E101/><V9/><F134/><W13/><G131/><T41/><D128/><U28/><E28/><V67/><F130/><W88/><G24/><T36/><D11/><U132/><E5/><V40/><F9/><W19/><G6/><T32/><D32/><U70/><E70/><V114/><F114/><W109/><G109/><T25/><D110/><U100/><E100/><V49/><F40/><W27/><G27/><T99/><D99/><U122/><E122/><V48/><F108/><W69/><G69/><T47/><REACH who="0" step="1"/><D26/><REACH who="0" ten="240,250,250,250" step="2"/><N who="1" m="18935" /><E111/><V123/><F123/><W4/><G97/><T112/><D112/><U22/><E115/><V124/><F124/><W87/><G127/><T71/><D71/><U106/><E132/><V29/><F21/><W76/><G125/><T58/><D58/><U18/><E106/><V20/><F20/><W55/><G4/><T77/><D77/><U107/><E107/><V129/><F129/><W96/><G96/><T30/><AGARI ba="1,1" hai="0,1,2,23,25,30,36,41,47,52,53,59,61,65" machi="30" ten="30,6000,0" yaku="1,1,0,1,54,1,53,0" doraHai="120" doraHaiUra="7" who="0" fromWho="0" sc="240,73,250,-21,250,-21,250,-21" />
</Scene>
<Scene>
<INIT seed="0,2,0,2,2,123" ten="313,229,229,229" oya="0" hai0="79,31,107,101,73,82,115,61,55,64,113,30,132" hai1="58,69,34,99,75,48,125,5,42,41,20,106,127" hai2="4,112,43,83,2,26,39,109,6,9,17,126,67" hai3="66,105,1,108,44,129,103,94,36,29,60,35,32"/><T38/><D55/><N who="1" m="32103" /><E69/><V24/><F112/><W15/><G1/><T133/><D38/><U78/><E34/><V80/><F67/><W89/><G129/><T119/><D119/><U130/><E130/><V81/><F126/><N who="1" m="48137" /><E5/><V74/><F109/><W57/><G105/><T7/><D7/><U68/><E68/><V46/><F6/><W62/><G103/><T28/><D101/><N who="1" m="62783" /><E20/><V118/><F118/><W93/><G93/><T56/><REACH who="0" step="1"/><D107/><REACH who="0" ten="303,229,229,229" step="2"/><U49/><E49/><V102/><F102/><W104/><G104/><T54/><D54/><U14/><E41/><V52/><F52/><W114/><G36/><T59/><D59/><U134/><E42/><V22/><REACH who="2" step="1"/><F26/><REACH who="2" ten="303,229,219,229" step="2"/><W13/><G66/><T33/><D33/><U77/><E134/><AGARI ba="2,2" hai="28,30,31,56,61,64,73,79,82,113,115,132,133,134" machi="134" ten="40,3900,0" yaku="1,1,20,1,53,0" doraHai="123" doraHaiUra="3" who="0" fromWho="1" sc="303,65,229,-45,219,0,229,0" />
</Scene>
<Scene>
<INIT seed="0,3,0,3,0,26" ten="368,184,219,229" oya="0" hai0="25,64,111,9,5,33,62,123,126,65,27,73,15" hai1="37,85,60,44,97,17,135,104,92,76,94,31,81" hai2="121,21,103,50,88,107,134,117,90,130,6,75,18" hai3="41,42,63,116,80,115,109,59,40,45,71,46,1"/><T38/><D123/><U61/><E104/><V95/><F121/><W101/><G1/><T114/><D114/><U72/><E135/><V11/><F75/><W30/><G115/><T66/><D73/><U20/><E37/><V12/><F134/><W49/><G116/><T122/><D122/><U93/><E44/><V47/><F117/><W48/><G109/><T2/><D38/><U125/><E125/><V91/><F107/><W22/><G71/><T79/><D79/><U56/><E72/><V124/><F130/><W58/><G101/><T23/><D126/><U84/><E84/><V106/><F106/><W112/><G112/><T7/><D111/><U87/><E87/><V19/><F124/><W8/><G8/><T82/><D82/><U0/><E0/><V132/><F132/><W108/><G108/><T57/><D7/><U51/><E31/><V119/><F119/><W54/><G80/><T39/><D39/><U69/><E69/><V86/><F103/><W120/><G120/><T43/><D43/><N who="3" m="16457" /><G22/><T133/><D133/><U70/><E70/><V68/><F68/><W127/><G30/><N who="0" m="19679" /><D25/><N who="1" m="14479" /><E97/><V14/><REACH who="2" step="1"/><F6/><REACH who="2" ten="368,184,209,229" step="2"/><W4/><G4/><T74/><D74/><U98/><E98/><V110/><F110/><W67/><G127/><T78/><D78/><U24/><E76/><V105/><F105/><W52/><G67/><T32/><D32/><U99/><E99/><V118/><F118/><W55/><G55/><AGARI ba="3,1" hai="11,12,14,18,19,21,47,50,55,86,88,90,91,95" machi="55" ten="30,7700,0" yaku="1,1,7,1,8,1,54,1,53,0" doraHai="26" doraHaiUra="129" who="2" fromWho="3" sc="368,0,184,0,209,96,229,-86" />
</Scene>
<Scene>
<INIT seed="1,0,0,0,2,63" ten="368,184,305,143" oya="1" hai0="95,65,104,10,47,21,98,118,121,90,26,94,100" hai1="79,3,106,35,96,129,50,67,0,68,44,22,115" hai2="110,17,108,89,114,14,53,120,40,12,1,51,119" hai3="13,27,103,88,19,77,71,112,2,86,109,72,99"/><U15/><E115/><V128/><F1/><W4/><G112/><T134/><D118/><U116/><E116/><V84/><F114/><W38/><G38/><T74/><D74/><U29/><E79/><V113/><F113/><W133/><G71/><T105/><D134/><U131/><E15/><V127/><F119/><W78/><G133/><T43/><D121/><U91/><E22/><V69/><F120/><W61/><G109/><N who="2" m="42089" /><F69/><W37/><G37/><T92/><D10/><U18/><E18/><V41/><F128/><N who="1" m="49225" /><E50/><V97/><F127/><W20/><G2/><T36/><D104/><U56/><E56/><V55/><F12/><W42/><G72/><T46/><D46/><U76/><E44/><V81/><F97/><W102/><G4/><T34/><D34/><U82/><E29/><V49/><F49/><W85/><G42/><N who="2" m="16489" /><F51/><W7/><G61/><T60/><D90/><U83/><E35/><V126/><F126/><W132/><G132/><T57/><REACH who="0" step="1"/><D105/><REACH who="0" ten="358,184,305,143" step="2"/><U31/><E91/><V111/><F111/><W52/><G88/><T123/><D123/><U5/><E82/><V6/><F6/><W24/><G7/><T80/><D80/><U101/><E5/><V107/><F107/><W59/><G102/><T70/><D70/><U32/><E83/><V135/><F135/><W64/><G103/><T33/><D33/><U45/><E76/><V28/><F89/><W39/><G78/><T62/><D62/><N who="1" m="40055" /><E45/><V58/><F81/><W87/><G77/><T48/><D48/><U9/><E9/><N who="2" m="6351" /><F84/><W30/><G87/><T124/><D124/><U8/><E8/><RYUUKYOKU ba="0,1" sc="358,15,184,15,305,-15,143,-15" hai0="21,26,36,43,47,57,60,65,92,94,95,98,100" hai1="0,3,31,32,96,101,106" />
</Scene>
<Scene>
<INIT seed="1,1,1,4,0,34" ten="373,199,290,128" oya="1" hai0="107,130,110,44,104,5,20,132,65,93,19,96,106" hai1="97,89,33,61,24,0,1,59,36,12,55,30,26" hai2="78,82,46,131,63,10,128,18,105,94,88,112,135" hai3="38,120,47,102,62,122,45,64,74,8,27,3,56"/><U111/><E36/><V116/><F105/><W101/><G74/><T11/><D110/><U77/><E77/><V127/><F116/><W134/><G134/><T98/><D132/><U67/><E111/><V81/><F135/><W42/><G27/><T32/><D32/><U69/><E12/><N who="2" m="7447" /><F127/><W99/><G47/><T124/><D124/><U123/><E123/><V75/><F82/><W6/><REACH who="3" step="1"/><G102/><REACH who="3" ten="373,199,290,118" step="2"/><T60/><D44/><U15/><E26/><V114/><F46/><W84/><G84/><T95/><D98/><U48/><E15/><V57/><F75/><W52/><G52/><T121/><D96/><U53/><E53/><V4/><F114/><W68/><G68/><T40/><D40/><U100/><REACH who="1" step="1"/><E89/><REACH who="1" ten="373,189,290,118" step="2"/><V73/><F88/><W35/><G35/><T29/><D121/><U54/><E54/><V16/><F78/><W39/><G39/><T22/><D65/><U85/><E85/><V21/><F73/><W7/><G7/><T17/><D5/><U83/><E83/><V133/><F81/><W2/><G2/><T28/><D28/><U13/><E13/><V72/><F4/><W58/><G58/><T90/><D29/><U70/><E70/><V66/><F72/><W31/><G31/><T129/><D90/><U37/><E37/><V41/><F133/><W79/><G79/><T50/><D19/><U9/><E9/><V49/><F66/><W71/><G71/><T92/><D11/><U76/><E76/><V109/><F16/><W23/><G23/><T87/><D20/><U119/><E119/><V118/><F21/><W103/><G103/><RYUUKYOKU ba="1,3" sc="373,-15,189,15,290,-15,118,15" hai1="0,1,24,30,33,48,55,59,61,67,69,97,100" hai3="3,6,8,38,42,45,56,62,64,99,101,120,122" />
</Scene>
<Scene>
<INIT seed="1,2,3,3,2,0" ten="358,204,275,133" oya="1" hai0="105,110,95,69,90,125,119,3,18,51,26,4,53" hai1="127,58,118,52,122,48,39,131,35,100,124,75,54" hai2="87,31,9,43,91,46,34,112,72,17,103,12,88" hai3="25,126,102,116,84,108,94,104,134,81,29,73,27"/><U68/><E75/><V120/><F120/><W1/><G104/><T36/><D36/><U64/><E35/><V109/><F72/><W6/><G73/><T74/><D105/><U96/><E122/><V67/><F109/><W99/><G108/><T32/><D110/><U62/><E118/><V56/><F112/><W57/><G116/><T47/><D119/><U60/><E131/><V63/><F103/><W128/><G128/><T66/><D74/><U106/><REACH who="1" step="1"/><E39/><REACH who="1" ten="358,194,275,133" step="2"/><V40/><F34/><W49/><G134/><T92/><D32/><U30/><E30/><V129/><F31/><W28/><G28/><T19/><D125/><U22/><E22/><V130/><F130/><W135/><G126/><T15/><D19/><U20/><E20/><V132/><F129/><W7/><G135/><T79/><D18/><U42/><E42/><V50/><F132/><W78/><G1/><T38/><D38/><U59/><AGARI ba="2,4" hai="48,52,54,58,59,60,62,64,68,96,100,106,124,127" machi="59" ten="30,11700,0" yaku="1,1,0,1,54,1,53,1" doraHai="0" doraHaiUra="65" who="1" fromWho="1" sc="358,-41,194,163,275,-41,133,-41" />
</Scene>
<Scene>
<INIT seed="1,3,0,5,3,74" ten="317,357,234,92" oya="1" hai0="48,49,68,105,129,64,14,12,69,16,99,8,30" hai1="67,116,1,87,31,58,77,62,130,104,13,115,3" hai2="126,47,54,81,119,123,118,7,111,127,38,100,5" hai3="43,97,117,98,26,94,37,40,128,107,70,84,110"/><U2/><E116/><N who="2" m="44587" /><F100/><W10/><G70/><T22/><D129/><U106/><E130/><V17/><F123/><W28/><G128/><T45/><D64/><U6/><E31/><V90/><F111/><W120/><G120/><T39/><D39/><U80/><REACH who="1" step="1"/><E115/><REACH who="1" ten="317,347,234,92" step="2"/><V50/><F127/><W35/><G28/><T59/><D30/><U71/><E71/><V21/><F126/><W108/><G108/><T66/><D68/><U20/><E20/><V25/><F21/><W134/><G110/><T52/><D69/><U131/><E131/><V92/><F7/><W91/><G117/><T122/><D122/><U4/><E4/><V18/><F5/><W83/><G35/><T34/><D34/><U15/><E15/><V53/><F25/><W51/><G26/><T41/><D14/><U60/><E60/><V55/><F17/><W88/><G134/><T29/><D29/><U65/><E65/><V89/><F18/><W9/><G9/><AGARI ba="3,1" hai="1,2,3,6,9,13,58,62,67,77,80,87,104,106" machi="9" ten="40,3900,0" yaku="1,1,52,1,53,0" doraHai="74" doraHaiUra="93" who="1" fromWho="3" sc="317,0,347,58,234,0,92,-48" />
</Scene>
<Scene>
<INIT seed="1,4,0,4,5,31" ten="317,405,234,44" oya="1" hai0="37,75,71,29,21,124,99,36,35,85,94,63,47" hai1="48,81,28,41,115,102,122,10,56,120,66,134,116" hai2="114,132,104,50,57,3,18,79,118,68,65,61,19" hai3="30,100,86,101,129,131,5,128,95,70,40,107,133"/><U77/><E116/><V11/><F118/><W46/><G70/><T78/><D75/><U54/><E115/><V26/><F104/><W96/><G133/><T13/><D124/><U72/><E134/><V73/><F132/><W16/><G5/><T126/><D126/><U58/><E102/><V53/><F114/><W135/><G135/><T105/><D21/><U98/><E98/><V43/><F79/><W7/><G7/><T119/><D13/><U69/><E28/><V14/><F73/><W111/><G111/><T88/><D119/><U93/><E93/><V121/><F3/><W20/><G30/><T27/><D47/><U90/><E90/><V97/><F121/><W64/><G64/><N who="0" m="41375" /><D78/><U76/><E76/><V8/><F97/><W117/><G117/><T55/><D55/><U108/><E108/><V123/><F123/><W52/><G86/><T74/><D74/><U67/><E67/><V33/><F43/><W82/><G82/><T83/><D83/><U130/><E58/><V49/><F49/><N who="3" m="28727" /><G40/><T6/><D6/><U125/><E125/><V62/><F50/><W89/><G107/><T1/><D1/><U32/><E41/><V4/><F8/><W106/><G106/><T45/><D45/><U0/><E120/><V38/><F38/><W59/><G59/><T34/><D34/><U84/><E32/><V25/><F33/><W2/><G2/><T60/><D60/><N who="1" m="40135" /><E122/><V22/><REACH who="2" step="1"/><F26/><AGARI ba="4,0" hai="16,20,26,89,95,96,100,101,128,129,131" m="28727" machi="26" ten="30,3900,0" yaku="19,1,54,2" doraHai="31" who="3" fromWho="2" sc="317,0,405,0,234,-51,44,51" />
</Scene>
<Scene>
<INIT seed="2,0,0,5,0,40" ten="317,405,183,95" oya="2" hai0="116,135,98,3,64,107,13,1,134,111,38,119,60" hai1="104,2,20,72,106,25,12,77,84,127,109,34,0" hai2="16,114,80,24,126,58,48,131,78,57,92,110,11" hai3="81,129,29,122,26,61,45,128,66,10,96,69,30"/><V70/><F114/><W91/><G122/><T23/><D38/><U85/><E12/><V88/><F70/><W59/><G29/><T9/><D111/><U62/><E62/><V133/><F133/><N who="0" m="50698" /><D23/><U100/><E20/><V51/><F131/><W112/><G112/><T41/><D41/><U76/><E100/><V115/><F115/><W101/><G10/><T117/><D98/><U120/><E25/><V67/><F126/><W132/><G132/><T71/><D107/><U42/><E42/><V43/><F110/><W47/><G91/><T4/><AGARI ba="0,0" hai="1,3,4,9,13,60,64,71,116,117,119" m="50698" machi="4" ten="40,2700,0" yaku="12,1,20,1" doraHai="40" who="0" fromWho="0" sc="317,27,405,-7,183,-13,95,-7" />
</Scene>
<Scene>
<INIT seed="3,0,0,0,2,85" ten="344,398,170,88" oya="3" hai0="0,78,44,118,77,117,80,116,3,50,82,98,54" hai1="25,48,10,94,105,4,65,115,59,23,132,29,52" hai2="46,36,84,62,67,21,90,56,128,27,28,92,7" hai3="70,34,95,81,47,1,134,123,74,66,121,91,124"/><W8/><G34/><T129/><D129/><U75/><E75/><V64/><F128/><W45/><G134/><T43/><D98/><U96/><E105/><V107/><F107/><W83/><G70/><T19/><D19/><U51/><E132/><V26/><F7/><W16/><G66/><T15/><D15/><N who="1" m="5575" /><E65/><V72/><F72/><W110/><G124/><T122/><D122/><U58/><E115/><V88/><F64/><W20/><G110/><T35/><D35/><U13/><E13/><V73/><F73/><W87/><G1/><T79/><REACH who="0" step="1"/><D43/><REACH who="0" ten="334,398,170,88" step="2"/><U69/><E69/><V131/><F131/><W102/><G123/><T42/><D42/><U86/><E86/><N who="2" m="52247" /><F36/><W126/><G121/><T104/><D104/><U127/><E127/><V133/><F133/><W120/><G120/><T106/><D106/><U32/><E32/><V99/><F99/><W108/><G126/><T40/><D40/><U39/><E39/><V130/><F130/><W103/><G74/><T38/><D38/><U41/><E41/><V17/><F27/><W76/><G108/><T22/><D22/><U63/><E23/><V49/><F17/><W68/><G68/><T89/><D89/><N who="1" m="55375" /><E25/><V57/><F21/><W97/><G8/><T14/><D14/><U37/><E37/><V53/><F26/><N who="3" m="14599" /><G103/><T30/><D30/><U101/><E101/><V60/><F28/><W18/><G18/><T24/><D24/><U33/><E29/><V111/><F111/><W61/><G61/><N who="2" m="23657" /><F67/><W135/><G135/><T6/><D6/><U100/><E100/><V113/><F113/><W2/><G2/><AGARI ba="0,1" hai="0,2,3,44,50,54,77,78,79,80,82,116,117,118" machi="2" ten="50,3200,0" yaku="1,1,6,1,53,0" doraHai="85" doraHaiUra="11" who="0" fromWho="3" sc="334,42,398,0,170,0,88,-32" />
</Scene>
<Scene>
<INIT seed="4,0,0,1,0,57" ten="376,398,170,56" oya="0" hai0="83,122,6,27,126,109,58,125,16,67,21,85,105" hai1="50,117,104,95,98,60,18,51,76,72,118,64,31" hai2="39,119,96,61,65,88,2,48,40,23,128,133,113" hai3="130,30,134,87,63,123,24,110,112,127,38,97,115"/><T0/><D122/><U42/><E104/><V107/><F39/><W103/><G110/><T93/><D105/><U101/><E76/><V75/><F2/><W14/><G38/><T70/><D70/><U43/><E72/><V79/><F113/><N who="3" m="43595" /><G123/><T15/><D0/><U82/><E82/><V13/><F133/><W9/><G87/><T7/><D109/><U120/><E120/><V106/><F128/><W41/><G41/><T45/><D93/><U69/><E117/><V32/><F119/><W44/><G44/><T131/><D131/><U66/><E66/><V12/><F75/><W4/><G130/><T20/><D45/><U116/><E18/><V108/><F79/><W129/><G129/><T71/><D71/><U47/><E31/><V132/><F108/><W68/><G134/><T37/><D37/><U73/><E73/><V52/><F132/><W19/><G4/><T26/><D125/><U53/><E42/><V90/><F40/><W91/><G91/><N who="0" m="51647" /><D126/><U3/><E3/><V114/><F107/><N who="3" m="63983" /><G127/><T5/><D20/><U29/><E29/><V100/><F23/><N who="3" m="15647" /><G68/><T55/><D67/><U135/><REACH who="1" step="1"/><E135/><REACH who="1" ten="376,388,170,56" step="2"/><V99/><F106/><W54/><G54/><T80/><D80/><U25/><E25/><V49/><F52/><W74/><G74/><T33/><D33/><U84/><E84/><V11/><F32/><W81/><G81/><T10/><D21/><U121/><E121/><V56/><F65/><W78/><G78/><T92/><D92/><U22/><E22/><V94/><F94/><W8/><G8/><T34/><D34/><U89/><E89/><RYUUKYOKU ba="0,1" sc="376,10,388,10,170,-30,56,10" hai0="5,6,7,10,15,16,26,27,55,58" hai1="43,47,50,51,53,60,64,69,95,98,101,116,118" hai3="9,14,19,63" />
</Scene>
<Scene>
<INIT seed="4,1,1,0,3,14" ten="386,398,140,66" oya="0" hai0="110,131,1,64,132,123,17,89,87,134,68,47,43" hai1="128,85,80,117,11,103,100,98,28,71,54,5,126" hai2="72,81,32,91,133,114,63,10,90,111,104,83,50" hai3="125,67,12,52,102,118,127,31,53,113,51,66,121"/><T55/><D123/><U75/><E71/><V48/><F32/><W96/><G118/><T73/><D73/><U119/><E28/><V15/><F111/><W122/><G31/><T120/><D120/><N who="3" m="46185" /><G12/><T9/><D110/><U99/><E54/><N who="3" m="21098" /><G51/><N who="2" m="19497" /><F72/><W58/><G113/><T57/><D131/><U26/><E26/><V106/><F104/><N who="3" m="63559" /><G58/><T70/><D57/><U49/><E49/><V25/><F106/><W20/><G20/><T7/><D55/><U13/><E75/><V46/><F114/><W4/><G4/><T77/><D68/><U0/><E128/><V18/><F133/><W21/><G21/><T74/><D70/><U37/><E117/><V76/><F25/><W124/><AGARI ba="1,1" hai="66,67,124,125,127" m="63559,21098,46185" machi="124" ten="40,5200,0" yaku="18,1,13,1,54,1" doraHai="14" who="3" fromWho="3" sc="386,-27,398,-14,140,-14,66,65" />
</Scene>
<Scene>
<INIT seed="5,0,0,4,4,33" ten="359,384,126,131" oya="1" hai0="64,86,23,105,43,36,115,68,15,29,92,7,71" hai1="103,72,127,14,41,114,35,88,0,52,17,47,19" hai2="116,108,21,73,91,77,4,51,50,96,22,37,85" hai3="81,125,66,126,48,55,44,10,102,123,42,18,112"/><U101/><E72/><V121/><F121/><W117/><G123/><T53/><D105/><U93/><E35/><V13/><F108/><W16/><G112/><T118/><D118/><U67/><E114/><V58/><F37/><W98/><G117/><T94/><D115/><U59/><E0/><V134/><F116/><W87/><G66/><T135/><D36/><U25/><E67/><V32/><F32/><W128/><G128/><T110/><D110/><U132/><E132/><V119/><F119/><W6/><G126/><T113/><D43/><U5/><E47/><V89/><F73/><W80/><G125/><T82/><D113/><U106/><E41/><V78/><F134/><W95/><G55/><T90/><D135/><U26/><E5/><V20/><F96/><W34/><G34/><T70/><D64/><U99/><E127/><V76/><F58/><W62/><G62/><T46/><D29/><U11/><E106/><V27/><F27/><N who="1" m="10249" /><E19/><V49/><F85/><W54/><G54/><T45/><D45/><U79/><E79/><V97/><F97/><W38/><G38/><T130/><D130/><U111/><E111/><V63/><F63/><AGARI ba="0,0" hai="11,14,17,52,59,63,88,93,99,101,103" m="10249" machi="63" ten="30,5800,0" yaku="8,1,54,2" doraHai="33" who="1" fromWho="2" sc="359,0,384,58,126,-58,131,0" />
</Scene>
<Scene>
<INIT seed="5,1,0,3,0,106" ten="359,442,68,131" oya="1" hai0="116,127,27,12,39,6,59,114,56,60,73,21,124" hai1="88,100,75,134,1,28,126,34,128,105,120,40,87" hai2="11,31,79,117,129,122,51,41,26,8,108,111,23" hai3="80,10,101,82,93,29,17,68,123,121,76,55,71"/><U15/><E1/><V70/><F122/><W130/><G130/><T19/><D116/><U7/><E120/><V4/><F117/><W119/><G29/><T13/><D39/><U61/><E128/><V69/><F129/><W131/><G131/><T99/><D114/><U92/><E40/><V53/><F41/><W48/><G119/><T47/><D47/><U84/><E15/><V5/><F79/><W132/><G132/><T0/><D99/><U64/><E7/><V44/><F5/><W50/><G101/><T33/><D73/><U2/><E87/><V104/><F104/><W110/><G110/><T94/><D94/><U42/><E42/><V91/><F91/><W78/><G55/><T66/><D56/><U37/><E37/><V20/><F20/><W97/><G93/><T14/><REACH who="0" step="1"/><D33/><REACH who="0" ten="349,442,68,131" step="2"/><U58/><E75/><V113/><F113/><W103/><G97/><T57/><D57/><U95/><E105/><V45/><F45/><W125/><G103/><T74/><D74/><U86/><E100/><V81/><F108/><W22/><G123/><T9/><AGARI ba="1,1" hai="0,6,9,12,13,14,19,21,27,59,60,66,124,127" machi="9" ten="30,4000,0" yaku="1,1,0,1,53,1" doraHai="106" doraHaiUra="35" who="0" fromWho="0" sc="349,53,442,-21,68,-11,131,-11" />
</Scene>
<Scene>
<INIT seed="6,0,0,1,5,60" ten="402,421,57,120" oya="2" hai0="38,33,58,80,13,71,95,55,75,114,113,77,7" hai1="28,2,45,27,128,65,118,97,0,124,36,84,11" hai2="56,100,107,91,116,115,104,79,34,125,48,37,46" hai3="4,130,93,101,127,122,126,135,3,82,59,86,134"/><V96/><F116/><W22/><G122/><T10/><D71/><U120/><E118/><V62/><F37/><W49/><G4/><T61/><D33/><U66/><E84/><V112/><F125/><N who="3" m="47627" /><G3/><T121/><D121/><U99/><E124/><V9/><F34/><W102/><G22/><T50/><D38/><U117/><E117/><V103/><F79/><N who="3" m="46431" /><G49/><T47/><REACH who="0" step="1"/><D95/><REACH who="0" ten="392,421,57,120" step="2"/><U129/><E120/><V111/><F111/><W85/><G130/><N who="1" m="50282" /><E36/><V92/><F107/><W119/><G119/><T29/><D29/><U40/><E40/><AGARI ba="0,1" hai="7,10,13,40,47,50,55,58,61,75,77,80,113,114" machi="40" ten="40,1300,0" yaku="1,1,53,0" doraHai="60" doraHaiUra="16" who="0" fromWho="1" sc="392,23,421,-13,57,0,120,0" />
</Scene>
<Scene>
<INIT seed="7,0,0,1,3,119" ten="415,408,57,120" oya="3" hai0="101,41,102,95,104,103,131,20,36,22,93,18,74" hai1="56,69,84,37,4,75,100,10,3,45,28,53,134" hai2="21,11,27,92,0,115,94,8,86,121,23,15,107" hai3="130,108,109,129,81,70,72,89,105,91,29,30,124"/><W68/><G81/><T9/><D104/><U97/><E69/><V2/><F107/><W62/><G105/><T39/><D74/><U118/><E75/><V54/><F54/><W82/><G82/><T128/><D9/><N who="2" m="3658" /><F86/><W12/><G72/><T113/><D113/><U58/><E118/><V85/><F85/><W120/><G12/><N who="0" m="9287" /><D22/><N who="2" m="8202" /><F115/><W117/><G117/><T125/><D125/><U65/><E134/><V123/><F27/><W16/><G62/><T112/><D112/><U126/><E126/><V80/><F80/><W59/><G59/><T14/><D14/><N who="1" m="5447" /><E37/><N who="0" m="14409" /><D41/><U38/><E38/><V133/><F15/><W61/><G124/><T51/><D51/><N who="1" m="28911" /><E3/><N who="2" m="1067" /><F133/><W46/><G46/><T44/><D44/><U63/><E84/><V33/><F33/><W55/><G55/><T116/><D116/><U122/><E122/><AGARI ba="0,0" hai="92,94,121,122,123" m="1067,8202,3658" machi="122" ten="40,12000,2" yaku="28,2,13,1,52,3" doraHai="119" who="2" fromWho="1" sc="415,0,408,-120,57,120,120,0" owari="415,51.0,288,9.0,177,-22.0,120,-38.0" />
</Scene>
</mjloggm>