<mjloggm ver="2.3"><GO type="169" lobby="0"/><UN n0="%E4%BA%BA%E4%BF%AE%E7%BE%85%E3%82%B5%E3%83%B3" n1="%E5%A4%AA%E3%81%8F%E3%81%AA%E3%81%84%E3%81%8A" n2="%E3%83%9B%E3%83%BB%E3%82%B8%E3%83%A5%E3%83%B3" n3="%E3%81%8A%E3%83%BC%E3%81%84%E3%81%8A%E8%8C%B6" dan="16,18,16,17" rate="2133.21,2291.07,2151.77,2203.31" sx="M,F,M,M"/><TAIKYOKU oya="0"/>

<Scene>
<INIT seed="0,0,0,4,3,110" ten="250,250,250,250" oya="0" hai0="126,28,121,67,23,65,93,3,66,25,57,129,38" hai1="50,60,32,7,71,97,81,122,118,111,27,83,49" hai2="34,113,11,100,47,14,51,102,20,42,103,95,123" hai3="15,124,117,91,92,48,128,64,125,106,116,99,31"/><T109/><D121/><U43/><E122/><V90/><F34/><W107/><G64/><T41/><D109/><U46/><E111/><V73/><F123/><W63/><G63/><T127/><D129/><U54/><E118/><N who="3" m="45674" /><G48/><T22/><D3/><U88/><E7/><V86/><F73/><W104/><G15/><T16/><D57/><N who="1" m="34871" /><E32/><V18/><REACH who="2" step="1"/><F113/><REACH who="2" ten="250,250,240,250" step="2"/><W72/><G72/><T96/><D41/><U24/><E71/><V59/><F59/><W52/><G52/><T79/><D79/><U101/><E43/><V9/><AGARI ba="0,1" hai="9,11,14,18,20,42,47,51,86,90,95,100,102,103" machi="9" ten="30,7900,0" yaku="1,1,0,1,8,1,53,1" doraHai="110" doraHaiUra="19" who="2" fromWho="2" sc="250,-39,250,-20,240,89,250,-20" />
</Scene>
<Scene>
<INIT seed="1,0,0,0,3,90" ten="211,230,329,230" oya="1" hai0="58,60,33,133,121,25,48,128,131,124,73,66,94" hai1="107,12,46,84,30,129,40,68,65,82,127,88,56" hai2="54,49,11,37,132,32,96,17,67,123,20,101,114" hai3="5,104,102,125,4,77,9,29,91,87,45,59,22"/><U81/><E107/><V61/><F32/><W98/><G125/><T36/><D133/><U47/><E68/><V120/><F37/><W106/><G106/><T119/><D124/><U103/><E127/><V52/><F114/><W28/><G77/><T62/><D119/><U26/><E129/><V105/><F132/><W118/><G118/><T8/><D36/><U63/><E103/><V76/><F76/><W111/><G111/><T134/><D73/><U95/><E12/><V10/><F120/><W1/><G4/><T85/><D121/><U21/><REACH who="1" step="1"/><E47/><REACH who="1" ten="211,220,329,230" step="2"/><V130/><F130/><W117/><G117/><T6/><D131/><U0/><E0/><V97/><F123/><W31/><G45/><T14/><D128/><U38/><AGARI ba="0,1" hai="21,26,30,38,40,46,56,63,65,81,82,84,88,95" machi="38" ten="20,12000,1" yaku="1,1,0,1,7,1,52,1,54,1,53,0" doraHai="90" doraHaiUra="44" who="1" fromWho="1" sc="211,-40,220,130,329,-40,230,-40" />
</Scene>
<Scene>
<INIT seed="1,1,0,5,5,59" ten="171,350,289,190" oya="1" hai0="5,43,66,73,80,57,55,128,22,64,131,52,7" hai1="125,50,123,13,11,135,19,122,76,14,116,1,114" hai2="120,113,83,15,82,129,47,103,30,75,10,3,38" hai3="44,118,67,20,92,4,111,78,8,51,94,41,86"/><U112/><E76/><V105/><F120/><N who="1" m="46121" /><E50/><V27/><F129/><N who="0" m="49738" /><D43/><U56/><E56/><V108/><F113/><N who="1" m="43625" /><E116/><V35/><F3/><W49/><G111/><T46/><D46/><U28/><E135/><V39/><F108/><W100/><G118/><T6/><D55/><U74/><E74/><V89/><F75/><W95/><G20/><T2/><D2/><U36/><E36/><V45/><F45/><W9/><G51/><N who="0" m="30879" /><D22/><U60/><E60/><V71/><F71/><W119/><G119/><T23/><D23/><U98/><E1/><V18/><F47/><W48/><G48/><T29/><D29/><U25/><E28/><V17/><F39/><W24/><G44/><T33/><D33/><U61/><E61/><V58/><F38/><W16/><G49/><T87/><D73/><U62/><E62/><V88/><F58/><W54/><G41/><T130/><N who="0" m="49746" /><T42/><DORA hai="127" /><D42/><U37/><E37/><V85/><F35/><W109/><G54/><T21/><D21/><U117/><E117/><V106/><F30/><W91/><G109/><T72/><D72/><U0/><E0/><V104/><F10/><W90/><G8/><T79/><AGARI ba="1,0" hai="5,6,7,64,66,79,80,87" m="30879,49746" machi="79" ten="50,12000,2" yaku="19,1,52,4,54,1" doraHai="59,127" who="0" fromWho="0" sc="171,123,350,-61,289,-31,190,-31" />
</Scene>
<Scene>
<INIT seed="2,0,0,1,0,134" ten="294,289,258,159" oya="2" hai0="65,11,89,2,76,55,115,77,15,49,53,99,33" hai1="78,88,73,70,102,120,19,80,45,61,37,16,57" hai2="75,0,31,91,60,98,23,86,79,7,10,24,93" hai3="106,67,96,84,3,41,128,48,56,17,92,132,25"/><V107/><F75/><W8/><G132/><T59/><D115/><U20/><E120/><V133/><F133/><W85/><G128/><T111/><D111/><U83/><E70/><V113/><F113/><W95/><G106/><T5/><D33/><U87/><E102/><V97/><F79/><W81/><G3/><T122/><D65/><U58/><E20/><V130/><F130/><W68/><G68/><T131/><D122/><U64/><REACH who="1" step="1"/><E58/><REACH who="1" ten="294,279,258,159" step="2"/><V119/><F119/><W121/><G121/><T6/><D131/><U129/><E129/><V4/><F107/><W46/><G8/><T52/><D77/><U104/><E104/><V124/><F124/><W90/><G56/><T14/><D76/><U109/><E109/><V42/><F42/><AGARI ba="0,1" hai="16,19,37,42,45,57,61,64,73,78,80,83,87,88" machi="42" ten="40,8000,1" yaku="1,1,54,2,53,1" doraHai="134" doraHaiUra="40" who="1" fromWho="2" sc="294,0,279,90,258,-80,159,0" />
</Scene>
<Scene>
<INIT seed="3,0,0,1,1,42" ten="294,369,178,159" oya="3" hai0="36,3,15,7,24,21,131,135,59,76,50,103,97" hai1="116,66,71,94,0,38,104,74,27,68,110,120,26" hai2="39,134,14,128,52,4,5,56,79,108,80,9,129" hai3="109,122,88,117,89,121,44,77,90,112,81,98,18"/><W92/><G117/><T30/><D36/><U102/><E120/><N who="3" m="46186" /><G44/><T6/><D3/><U20/><E74/><V72/><F108/><W126/><G18/><T64/><D135/><U55/><E0/><V54/><F134/><W84/><G109/><T125/><D125/><U101/><E38/><V28/><F39/><W119/><G119/><T115/><D131/><N who="2" m="50250" /><F28/><W130/><G126/><T13/><D115/><U53/><E66/><V12/><F54/><W40/><G40/><T83/><D13/><N who="2" m="5226" /><F9/><W67/><G67/><T1/><D1/><U25/><E116/><V16/><F16/><W61/><G61/><AGARI ba="0,0" hai="4,5,52,56,61,72,79,80" m="5226,50250" machi="61" ten="30,2000,0" yaku="19,1,54,1" doraHai="42" who="2" fromWho="3" sc="294,0,369,0,178,20,159,-20" />
</Scene>
<Scene>
<INIT seed="4,0,0,3,3,121" ten="294,369,198,139" oya="0" hai0="118,39,113,59,41,24,67,70,49,10,37,95,125" hai1="18,29,112,5,48,36,44,65,63,32,88,115,99" hai2="52,19,74,13,22,82,78,26,2,119,130,71,50" hai3="15,129,31,43,28,25,34,77,111,132,55,92,123"/><T85/><D118/><U117/><E36/><V57/><F119/><W90/><G123/><T54/><D113/><N who="1" m="43595" /><E117/><V38/><F2/><W103/><G129/><T87/><D125/><U7/><E18/><V96/><F130/><W116/><G116/><T131/><D131/><U100/><E29/><V23/><F38/><W97/><G132/><T33/><D10/><U114/><E32/><V61/><F96/><W62/><G43/><T81/><D37/><U98/><E114/><V9/><REACH who="2" step="1"/><F26/><REACH who="2" ten="294,369,188,139" step="2"/><W12/><G31/><T133/><D24/><U60/><E98/><V120/><F120/><W20/><G34/><T106/><D33/><U46/><E99/><V72/><F72/><W126/><G126/><T6/><D39/><U58/><E100/><V76/><F76/><W56/><G111/><T127/><D127/><U93/><E88/><V69/><F69/><W47/><G77/><T80/><D70/><U79/><E79/><V86/><F86/><W134/><G134/><T107/><D85/><U102/><E102/><V94/><F94/><N who="3" m="58807" /><G47/><T45/><D95/><U108/><E93/><V17/><F17/><W83/><G92/><T3/><D81/><U35/><E35/><V1/><F1/><W16/><G28/><T53/><D3/><U40/><E108/><V104/><F104/><W135/><G135/><T66/><D133/><U91/><E91/><V124/><F124/><W30/><G30/><T14/><D107/><U11/><E46/><V75/><F75/><W122/><G122/><T84/><D106/><U73/><E73/><V101/><F101/><W128/><G128/><RYUUKYOKU ba="0,1" sc="294,-15,369,-15,188,15,139,15" hai2="9,13,19,22,23,50,52,57,61,71,74,78,82" hai3="12,15,16,20,25,55,56,62,83,90" />
</Scene>
<Scene>
<INIT seed="5,1,1,4,0,121" ten="279,354,203,154" oya="1" hai0="112,45,101,100,50,77,110,126,135,117,129,113,106" hai1="30,105,34,54,98,52,75,40,13,3,134,42,122" hai2="61,57,66,0,15,125,46,47,60,63,83,7,74" hai3="28,96,1,119,29,37,65,10,97,90,41,85,58"/><U70/><E3/><V36/><F125/><W5/><G119/><T56/><D117/><U67/><E75/><V2/><F2/><W127/><G127/><T89/><D126/><U111/><E13/><V130/><F130/><W88/><G37/><T23/><D129/><U95/><E95/><V24/><F15/><N who="3" m="5583" /><G41/><T86/><D135/><U108/><E122/><V39/><F24/><W59/><G1/><T20/><D77/><U22/><E22/><N who="0" m="8233" /><D106/><U51/><E134/><V53/><F0/><W99/><G90/><T84/><D56/><N who="3" m="21545" /><G65/><T11/><D11/><U123/><E123/><V31/><F7/><W128/><G128/><T131/><D86/><U80/><E70/><N who="2" m="42311" /><F74/><W103/><G103/><T14/><D14/><U43/><E34/><V114/><F114/><N who="0" m="44138" /><D110/><U115/><E115/><V27/><F27/><W21/><G21/><T76/><D76/><U133/><E133/><V87/><F31/><W55/><G55/><N who="0" m="30159" /><D131/><U26/><E105/><V64/><F87/><W35/><G35/><T38/><D38/><N who="2" m="14378" /><F83/><AGARI ba="1,1" hai="28,29,83,85,88,96,97,99" m="21545,5583" machi="83" ten="30,2000,0" yaku="8,1,54,1" doraHai="121" who="3" fromWho="2" sc="279,0,354,0,203,-23,154,33" /><AGARI ba="1,0" hai="83,84,89,100,101" m="30159,44138,8233" machi="83" ten="30,1000,0" yaku="15,1" doraHai="121" who="0" fromWho="2" sc="279,10,354,0,180,-10,187,0" />
</Scene>
<Scene>
<INIT seed="6,0,0,2,1,10" ten="289,354,170,187" oya="2" hai0="41,103,72,64,69,46,36,101,23,83,88,126,80" hai1="76,81,17,133,57,50,60,97,6,127,3,135,42" hai2="122,96,118,1,77,108,11,67,38,111,100,0,29" hai3="91,49,32,85,19,7,39,112,4,33,47,14,105"/><V5/><F118/><W109/><G109/><N who="2" m="42057" /><F122/><W43/><G105/><T104/><D126/><U35/><E35/><V15/><F38/><W65/><G112/><T53/><D72/><U20/><E6/><V71/><F77/><W61/><G33/><T93/><D69/><U58/><E3/><N who="2" m="1099" /><F29/><W59/><G32/><T87/><D64/><U51/><E127/><V2/><N who="2" m="1107" /><V114/><DORA hai="75" /><F114/><W18/><G39/><T44/><D104/><U102/><E42/><V89/><F89/><W129/><G129/><T123/><D123/><U74/><E133/><V79/><F79/><W98/><G98/><T130/><D130/><U70/><E135/><V28/><F28/><W99/><G99/><T107/><D107/><U9/><E76/><V119/><F119/><W90/><G90/><T25/><D83/><U110/><E81/><V131/><F131/><W24/><G24/><T26/><D26/><U124/><E97/><V55/><F55/><W45/><G45/><T30/><REACH who="0" step="1"/><D80/><REACH who="0" ten="279,354,170,187" step="2"/><U116/><E124/><V78/><F78/><W31/><G31/><T37/><D37/><U125/><E125/><V121/><F121/><W48/><G65/><T120/><D120/><U62/><E110/><V56/><F71/><W134/><G134/><T73/><D73/><U94/><E74/><V8/><F67/><W92/><G92/><T34/><D34/><U106/><E94/><N who="2" m="58391" /><F56/><W21/><G59/><T63/><D63/><U82/><E62/><V13/><F5/><W27/><G61/><T84/><D84/><U117/><E60/><V12/><AGARI ba="0,1" hai="8,11,12,13,15" m="58391,1107,42057" machi="12" ten="50,12000,1" yaku="10,1,52,3" doraHai="10,75" who="2" fromWho="2" sc="279,-40,354,-40,170,130,187,-40" />
</Scene>
<Scene>
<INIT seed="6,1,0,0,3,28" ten="239,314,300,147" oya="2" hai0="91,43,70,75,85,95,128,74,64,131,101,55,133" hai1="3,30,61,58,111,130,53,50,37,79,114,20,113" hai2="44,92,82,135,68,1,54,93,52,57,49,129,112" hai3="12,123,89,14,22,127,25,125,31,106,47,63,88"/><V77/><F68/><W66/><G106/><T118/><D43/><U62/><E111/><V41/><F112/><N who="1" m="43113" /><E37/><V121/><F121/><W27/><G47/><T96/><D70/><U38/><E38/><V33/><F1/><W109/><G109/><T4/><D64/><U35/><E3/><V8/><F129/><N who="0" m="49738" /><D55/><U98/><E79/><V29/><F135/><W7/><G123/><T117/><D133/><U122/><E122/><V83/><F33/><W65/><G7/><T19/><D4/><U6/><E6/><V94/><F29/><W78/><G78/><T48/><D48/><U42/><E20/><V46/><F8/><W51/><G51/><T24/><D24/><N who="1" m="18887" /><E130/><V32/><F32/><W17/><G27/><T86/><D86/><U40/><E98/><V36/><REACH who="2" step="1"/><F77/><REACH who="2" ten="239,314,290,147" step="2"/><W104/><G104/><N who="0" m="63527" /><D19/><U2/><E2/><V90/><F90/><N who="3" m="34923" /><G17/><T105/><D105/><U115/><E115/><V60/><AGARI ba="1,1" hai="36,41,44,46,49,52,54,57,60,82,83,92,93,94" machi="60" ten="30,11700,0" yaku="1,1,0,1,54,1,53,1" doraHai="28" doraHaiUra="59" who="2" fromWho="2" sc="239,-40,314,-40,290,130,147,-40" />
</Scene>
<Scene>
<INIT seed="6,2,0,1,5,82" ten="199,274,420,107" oya="2" hai0="40,28,60,79,124,13,49,48,0,126,109,23,85" hai1="135,117,71,78,44,2,115,45,104,1,38,105,19" hai2="70,125,17,16,10,130,93,128,127,63,106,64,132" hai3="103,75,59,26,77,34,122,35,134,102,52,94,118"/><V131/><F106/><W65/><G118/><T80/><D109/><U101/><E117/><V11/><F93/><W55/><G122/><T27/><D0/><U12/><E71/><V97/><F97/><W76/><G134/><T100/><D100/><U5/><E78/><V90/><F90/><W61/><G75/><T21/><D40/><U24/><E24/><V41/><F41/><W14/><G34/><T67/><D21/><U74/><E74/><V18/><F132/><W9/><G35/><T68/><REACH who="0" step="1"/><D13/><REACH who="0" ten="189,274,420,107" step="2"/><U62/><E12/><V39/><F130/><W112/><G26/><T86/><D86/><U20/><E20/><V120/><F131/><W111/><G111/><T50/><AGARI ba="2,1" hai="23,27,28,48,49,50,60,67,68,79,80,85,124,126" machi="50" ten="30,4000,0" yaku="1,1,0,1,52,1,53,0" doraHai="82" doraHaiUra="110" who="0" fromWho="0" sc="189,56,274,-12,420,-22,107,-12" />
</Scene>
<Scene>
<INIT seed="7,0,0,4,4,49" ten="245,262,398,95" oya="3" hai0="11,90,59,58,12,73,129,32,66,134,89,94,16" hai1="115,1,44,69,106,4,80,8,124,102,91,117,125" hai2="96,28,97,130,120,109,38,93,56,25,34,122,55" hai3="79,47,17,128,6,100,52,67,45,133,35,51,22"/><W135/><G128/><T40/><D73/><U99/><E69/><V72/><F109/><W48/><G35/><T36/><D129/><U42/><E115/><V10/><F130/><W37/><G6/><T57/><D134/><N who="3" m="51209" /><G100/><T68/><D32/><U87/><REACH who="1" step="1"/><E117/><REACH who="1" ten="245,252,398,95" step="2"/><V21/><F120/><W74/><G37/><AGARI ba="0,1" hai="1,4,8,37,42,44,80,87,91,99,102,106,124,125" machi="37" ten="40,2600,0" yaku="1,1,2,1,53,0" doraHai="49" doraHaiUra="19" who="1" fromWho="3" sc="245,0,252,36,398,0,95,-26" owari="245,-15.0,288,9.0,398,49.0,69,-43.0" />
</Scene>
</mjloggm>