<mjloggm ver="2.3"><GO type="169" lobby="0"/><UN n0="%E3%82%AD%E3%83%A9%E3%83%BC%E3%83%9E%E3%82%B8%E3%83%B3%E3%82%AC%E6%A7%98" n1="%E9%A7%84%E5%A6%B9" n2="%E5%A4%AA%E3%81%8F%E3%81%AA%E3%81%84%E3%81%8A" n3="%E3%81%8A%E3%81%98%E3%81%95%E3%82%93" dan="16,16,19,17" rate="2106.38,2046.86,2338.56,2174.19" sx="F,F,F,M"/><TAIKYOKU oya="0"/>

<Scene>
<INIT seed="0,0,0,4,3,45" ten="250,250,250,250" oya="0" hai0="47,38,124,59,42,2,104,36,114,51,58,55,6" hai1="56,23,33,119,63,4,109,133,44,50,10,108,5" hai2="61,21,29,132,12,67,80,78,97,3,8,130,41" hai3="83,95,77,66,122,31,39,87,17,96,99,71,94"/><T112/><D104/><U30/><E33/><V26/><F132/><W84/><G39/><N who="0" m="14891" /><D6/><U37/><E37/><V53/><F130/><W118/><G66/><T126/><D2/><U129/><E129/><V11/><F41/><W88/><G71/><T19/><D59/><U72/><E133/><V98/><F53/><W9/><G118/><T101/><D19/><U79/><E119/><V120/><F3/><W27/><G122/><T74/><D101/><U113/><E113/><N who="0" m="43625" /><D74/><U13/><E4/><V20/><F20/><N who="3" m="15847" /><G95/><T15/><D15/><AGARI ba="0,0" hai="9,15,17,77,83,84,87,88,94,96,99" m="15847" machi="15" ten="30,2000,0" yaku="8,1,54,1" doraHai="45" who="3" fromWho="0" sc="250,-20,250,0,250,0,250,20" />
</Scene>
<Scene>
<INIT seed="1,0,0,2,0,77" ten="230,250,250,270" oya="1" hai0="93,120,50,36,107,64,47,110,15,72,117,129,52" hai1="48,76,95,97,1,41,56,63,54,49,123,131,24" hai2="10,62,42,103,125,31,114,70,34,28,134,60,126" hai3="119,46,83,9,32,132,44,61,74,127,86,0,90"/><U118/><E118/><V91/><F103/><W124/><G32/><T113/><D107/><U20/><E123/><V3/><F42/><W135/><G119/><T87/><D117/><U57/><E1/><V98/><F134/><N who="3" m="51243" /><G74/><T18/><D72/><U102/><E131/><V38/><F38/><W21/><G21/><T30/><D113/><U105/><E76/><V2/><F114/><W69/><G69/><T115/><D115/><U106/><E48/><V104/><F104/><W128/><G61/><T130/><D120/><U116/><E116/><V11/><F98/><W12/><G0/><T67/><D30/><U35/><E35/><V101/><F101/><W89/><G89/><N who="0" m="53439" /><D36/><U39/><E39/><V79/><F79/><W22/><G22/><N who="0" m="11615" /><D110/><U37/><E37/><V8/><F8/><W121/><G121/><T80/><D130/><U58/><E41/><V78/><F78/><BYE who="2" /><W14/><G128/><T55/><D129/><U111/><E111/><V68/><F68/><W5/><G14/><T99/><D99/><U17/><REACH who="1" step="1"/><E58/><REACH who="1" ten="230,240,250,270" step="2"/><V19/><F19/><W27/><G127/><UN n2="%E5%A4%AA%E3%81%8F%E3%81%AA%E3%81%84%E3%81%8A" /><T109/><D109/><U53/><AGARI ba="0,1" hai="17,20,24,49,53,54,56,57,63,95,97,102,105,106" machi="53" ten="20,7800,0" yaku="1,1,2,1,0,1,7,1,53,0" doraHai="77" doraHaiUra="133" who="1" fromWho="1" sc="230,-26,240,88,250,-26,270,-26" />
</Scene>
<Scene>
<INIT seed="1,1,0,5,3,33" ten="204,328,224,244" oya="1" hai0="13,82,132,44,17,71,110,41,21,108,28,107,120" hai1="45,100,61,72,32,31,111,62,14,10,22,85,101" hai2="30,53,129,122,99,68,116,134,38,24,25,93,65" hai3="58,98,83,126,125,54,80,51,64,75,97,128,15"/><U27/><E72/><V89/><F116/><W5/><G128/><T35/><D107/><U87/><E111/><V67/><F122/><W7/><G64/><T20/><D71/><U48/><E32/><V77/><F38/><W121/><G121/><T59/><D120/><U118/><E118/><V1/><F129/><W102/><G98/><T119/><D119/><U57/><E101/><V90/><F134/><W88/><G75/><T106/><D106/><U34/><E100/><V105/><F105/><N who="3" m="63695" /><G15/><T55/><D132/><U114/><E34/><V135/><F135/><W26/><G26/><T124/><D124/><N who="3" m="47721" /><G83/><T8/><D82/><U40/><E114/><V63/><F67/><W39/><G39/><T19/><D35/><U46/><E46/><V112/><F25/><W56/><G56/><T123/><D123/><U79/><E79/><V96/><F77/><W74/><G74/><T133/><D133/><U66/><REACH who="1" step="1"/><E62/><REACH who="1" ten="204,318,224,244" step="2"/><V60/><F60/><W130/><G130/><T50/><D108/><U42/><E42/><V16/><F63/><W78/><G78/><T91/><D41/><U11/><E11/><V3/><F112/><W94/><G58/><T43/><D59/><U69/><E69/><V84/><F68/><W81/><G51/><T36/><D110/><U92/><E92/><V109/><F93/><W52/><G94/><T76/><D76/><U73/><E73/><V4/><F109/><W6/><G88/><T113/><D91/><U103/><E103/><V29/><F89/><W37/><G37/><T18/><D113/><U104/><E104/><V23/><F90/><RYUUKYOKU ba="1,1" sc="204,-15,318,15,224,-15,244,15" hai1="10,14,22,27,31,40,45,48,57,61,66,85,87" hai3="5,6,7,52,54,80,81" />
</Scene>
<Scene>
<INIT seed="1,2,1,3,0,27" ten="189,333,209,259" oya="1" hai0="133,127,64,28,33,26,96,17,109,62,44,8,130" hai1="102,40,106,70,18,108,20,112,50,120,55,52,57" hai2="110,93,79,49,113,24,46,75,81,92,56,124,22" hai3="115,107,129,101,7,6,80,4,119,118,19,82,32"/><U86/><E120/><V88/><F110/><W10/><G32/><T16/><D109/><U111/><E112/><V132/><F124/><W72/><G115/><T34/><D127/><U63/><E40/><V87/><F113/><W45/><G129/><T31/><D130/><U65/><E86/><V131/><F131/><W66/><G72/><T54/><D96/><U3/><E3/><V105/><F105/><W122/><G122/><T134/><D54/><U74/><E74/><V60/><F132/><N who="0" m="50794" /><D44/><U91/><E91/><V29/><F75/><W99/><G66/><T41/><D41/><U117/><E117/><N who="3" m="44554" /><G45/><T116/><D116/><U47/><E102/><V42/><REACH who="2" step="1"/><F79/><REACH who="2" ten="189,333,199,259" step="2"/><W25/><G25/><N who="0" m="18575" /><D8/><U12/><REACH who="1" step="1"/><E106/><REACH who="1" ten="189,323,199,259" step="2"/><V114/><F114/><W97/><G107/><T0/><D0/><U85/><E85/><V68/><F68/><AGARI ba="2,3" hai="16,17,26,31,34,62,64,68" m="18575,50794" machi="68" ten="30,7700,0" yaku="20,1,52,2,54,1" doraHai="27" who="0" fromWho="2" sc="189,113,323,0,199,-83,259,0" />
</Scene>
<Scene>
<INIT seed="2,0,0,5,1,1" ten="302,323,116,259" oya="2" hai0="64,40,129,83,132,88,8,131,120,110,14,36,116" hai1="48,68,23,133,72,32,3,33,11,12,101,13,65" hai2="109,98,84,25,118,26,113,4,99,20,28,76,35" hai3="18,108,85,117,107,56,130,57,21,5,34,45,30"/><V121/><F113/><W66/><G117/><T80/><D120/><U90/><E72/><V17/><F118/><W43/><G107/><T135/><D116/><U123/><E101/><V58/><F121/><W86/><G108/><T55/><D110/><U51/><E3/><V52/><F109/><W63/><G130/><N who="0" m="49675" /><D64/><U71/><E23/><V112/><F112/><W37/><G57/><T105/><D105/><U111/><E11/><V29/><F17/><W7/><G34/><T59/><D40/><U15/><E65/><V39/><F39/><W91/><G30/><T9/><D9/><U2/><E90/><V126/><F126/><W134/><G134/><N who="0" m="51243" /><D88/><U54/><E123/><V102/><F4/><W104/><G104/><T10/><D10/><U50/><E111/><V96/><F84/><W128/><G128/><T47/><D47/><U69/><E133/><V74/><F74/><W124/><G124/><T60/><D36/><U27/><E2/><V62/><REACH who="2" step="1"/><F76/><REACH who="2" ten="302,323,106,259" step="2"/><W16/><G18/><AGARI ba="0,1" hai="8,14,18,55,59,60,80,83" m="51243,49675" machi="18" ten="30,2000,0" yaku="19,1,20,1" doraHai="1" who="0" fromWho="3" sc="302,30,323,0,106,0,259,-20" />
</Scene>
<Scene>
<INIT seed="3,0,0,4,2,7" ten="332,323,106,239" oya="3" hai0="81,76,116,4,68,85,70,28,60,121,73,66,65" hai1="31,72,9,103,124,64,5,131,27,92,82,71,105" hai2="111,87,113,102,6,133,125,62,67,25,120,55,129" hai3="35,97,44,119,93,79,3,75,91,1,118,104,63"/><W88/><G35/><T18/><D116/><U58/><E124/><V22/><F113/><W84/><G1/><T107/><D107/><U57/><E92/><V30/><F125/><W52/><G3/><T99/><D4/><U23/><E131/><V0/><F129/><W112/><G112/><T34/><D99/><U32/><E23/><V94/><F111/><W24/><G24/><T14/><D85/><U48/><E48/><V47/><F133/><W16/><G16/><T39/><D39/><U123/><E123/><V100/><F120/><W95/><G104/><T83/><D83/><U13/><E82/><V56/><F0/><W12/><G12/><T2/><D2/><U132/><E72/><V106/><F6/><W36/><G36/><T17/><D14/><U53/><E53/><V51/><REACH who="2" step="1"/><F106/><REACH who="2" ten="332,323,96,239" step="2"/><W110/><G110/><T33/><D121/><U11/><E132/><V49/><F49/><W15/><G119/><T38/><D38/><U78/><E105/><V26/><F26/><W127/><G118/><T89/><D60/><U108/><E108/><V20/><F20/><W80/><G127/><T10/><D34/><U37/><E37/><V59/><F59/><N who="3" m="35303" /><G15/><T40/><D33/><U54/><E13/><V41/><F41/><W74/><G44/><T61/><D40/><U42/><E42/><V45/><F45/><W135/><G135/><T19/><D68/><U77/><E71/><V46/><F46/><W90/><G74/><T8/><D73/><U69/><E5/><V126/><F126/><W122/><G122/><T117/><D117/><U114/><E32/><RYUUKYOKU ba="0,1" sc="332,-15,323,-15,96,15,239,15" hai2="22,25,30,47,51,55,56,62,67,87,94,100,102" hai3="75,79,80,84,88,90,91,93,95,97" />
</Scene>
<Scene>
<INIT seed="3,1,1,5,3,8" ten="317,308,111,254" oya="3" hai0="105,115,15,49,11,134,87,17,117,34,50,106,16" hai1="4,41,62,28,124,0,82,94,45,80,77,88,3" hai2="135,133,130,104,6,110,90,109,65,103,21,118,37" hai3="97,56,71,53,81,73,1,35,54,85,84,112,93"/><W119/><G71/><T29/><D117/><U19/><E124/><V52/><F37/><W75/><G119/><T40/><D134/><N who="2" m="51210" /><F118/><W31/><G112/><T22/><D115/><U128/><E128/><V68/><F130/><W127/><G1/><T96/><D87/><U20/><E28/><V122/><F122/><W2/><G2/><T131/><D131/><U14/><E62/><N who="2" m="39991" /><F6/><W27/><G127/><T113/><D113/><U123/><E123/><V116/><F116/><W58/><G58/><T64/><D64/><U66/><E66/><V63/><F90/><W107/><G107/><T47/><D50/><N who="1" m="26927" /><E77/><V60/><F21/><W59/><G59/><T18/><D96/><N who="1" m="57415" /><E0/><V55/><F103/><W67/><G67/><T100/><D100/><U91/><E3/><V7/><F7/><W61/><G54/><N who="2" m="20521" /><F104/><W70/><G70/><T25/><REACH who="0" step="1"/><D18/><REACH who="0" ten="307,308,111,254" step="2"/><U9/><E4/><V126/><F126/><W76/><G75/><T38/><D38/><U101/><E101/><AGARI ba="1,2" hai="27,31,35,53,56,61,73,76,81,84,85,93,97,101" machi="101" ten="30,1500,0" yaku="7,1" doraHai="8" who="3" fromWho="1" sc="307,0,308,-18,111,0,254,38" />
</Scene>
<Scene>
<INIT seed="3,2,0,2,1,8" ten="307,290,111,292" oya="3" hai0="82,116,80,98,84,38,52,64,110,91,95,99,106" hai1="61,4,93,121,62,3,41,73,34,114,65,71,33" hai2="13,109,117,81,124,96,77,50,76,30,103,111,101" hai3="44,83,11,39,40,35,72,131,60,25,28,113,86"/><W67/><G113/><T68/><D38/><U24/><E73/><V69/><F69/><W90/><G131/><T22/><D64/><U6/><E114/><V36/><F36/><W85/><G72/><T21/><D68/><U123/><E41/><V89/><F30/><W31/><G31/><T29/><D29/><U12/><E3/><V17/><F117/><W126/><G126/><T108/><D21/><U125/><E125/><V78/><F124/><W115/><G115/><T58/><D22/><U120/><E24/><V133/><F133/><W134/><G134/><T23/><D23/><U14/><E93/><N who="2" m="56367" /><F50/><W132/><G132/><T63/><D116/><U20/><E20/><N who="2" m="11311" /><F81/><N who="0" m="31338" /><D106/><U53/><E33/><V27/><F27/><W15/><G86/><T94/><D94/><U127/><E34/><V47/><F47/><W19/><G60/><T59/><D59/><U135/><E127/><V79/><N who="2" m="19968" /><DORA hai="26" /><V42/><F42/><W48/><G39/><T55/><D84/><U87/><E87/><V130/><F130/><W107/><G107/><T32/><D32/><U122/><E122/><V70/><F70/><W100/><G100/><T0/><D0/><U97/><E135/><V66/><F66/><W112/><G112/><T5/><D63/><U18/><E123/><V104/><F104/><W56/><G56/><T37/><D37/><U118/><E118/><V43/><F43/><W105/><G105/><T57/><D57/><U128/><E71/><V92/><F103/><W75/><G75/><T2/><D58/><U129/><E120/><V9/><F9/><W51/><G67/><RYUUKYOKU ba="2,0" sc="307,-15,290,-15,111,15,292,15" hai2="92,101,109,111" hai3="11,15,19,25,28,35,40,44,48,51,83,85,90" />
</Scene>
<Scene>
<INIT seed="3,3,0,4,1,125" ten="292,275,126,307" oya="3" hai0="123,58,117,114,79,76,86,108,73,131,41,40,115" hai1="34,120,22,38,106,26,8,97,53,113,7,42,63" hai2="83,24,70,118,66,44,47,91,127,133,121,21,2" hai3="51,14,68,9,69,48,92,27,104,39,74,89,94"/><W81/><G39/><T112/><D117/><U19/><E120/><V56/><F118/><W6/><G104/><T5/><D123/><U75/><E75/><V30/><F121/><W80/><G69/><T10/><D108/><U13/><E113/><V61/><F2/><W35/><G68/><T45/><D73/><U18/><E42/><N who="0" m="16489" /><D45/><U28/><E38/><V32/><F127/><W95/><G74/><T116/><D116/><U17/><E106/><V99/><F133/><W134/><G134/><T87/><D58/><U25/><E97/><V1/><F1/><W36/><G36/><T12/><D131/><U3/><E25/><V54/><F32/><W103/><G103/><T130/><D130/><U57/><AGARI ba="3,0" hai="3,7,8,13,17,18,19,22,26,28,34,53,57,63" machi="57" ten="30,4000,0" yaku="0,1,24,2" doraHai="125" who="1" fromWho="1" sc="292,-13,275,49,126,-13,307,-23" />
</Scene>
<Scene>
<INIT seed="4,0,0,1,0,109" ten="279,324,113,284" oya="0" hai0="53,131,123,33,130,77,111,31,3,17,67,122,21" hai1="95,24,57,9,46,52,76,23,60,29,85,1,114" hai2="124,113,54,37,91,119,55,78,103,98,127,48,75" hai3="82,32,87,65,41,128,115,71,43,86,107,94,79"/><T110/><D3/><U5/><E46/><V64/><F37/><W68/><G107/><T42/><D53/><U121/><E121/><N who="0" m="46089" /><D42/><U28/><E28/><V44/><F64/><W125/><G32/><T36/><D67/><U84/><E76/><V59/><F91/><W126/><G65/><T66/><D36/><U12/><E114/><V70/><F70/><W104/><G115/><T93/><D93/><U117/><E117/><V81/><F119/><W16/><G94/><T101/><D101/><U2/><E95/><V61/><REACH who="2" step="1"/><F113/><REACH who="2" ten="279,324,103,284" step="2"/><W134/><G71/><T99/><D66/><U129/><E129/><N who="0" m="49161" /><D77/><U89/><E89/><V90/><F90/><W18/><G68/><T83/><D111/><U35/><E1/><V0/><F0/><W112/><G128/><T13/><D110/><U47/><E47/><V56/><F56/><W45/><G112/><T92/><D83/><U34/><E2/><V39/><F39/><W106/><G45/><T20/><D99/><U40/><E57/><V4/><F4/><W25/><G82/><T26/><D92/><AGARI ba="0,1" hai="44,48,54,55,59,61,75,78,81,92,98,103,124,127" machi="92" ten="40,1300,0" yaku="1,1,53,0" doraHai="109" doraHaiUra="19" who="2" fromWho="0" sc="279,-13,324,0,103,23,284,0" />
</Scene>
<Scene>
<INIT seed="5,0,0,5,1,102" ten="266,324,126,284" oya="1" hai0="59,36,73,43,83,89,58,50,33,29,105,63,100" hai1="52,94,1,25,22,106,69,56,135,123,60,20,51" hai2="11,31,7,91,75,77,79,3,8,124,98,107,115" hai3="13,27,131,104,28,40,67,90,47,5,53,39,127"/><U88/><E123/><V23/><F124/><W103/><G127/><T122/><D36/><U92/><E1/><V10/><F115/><W126/><G126/><T2/><D2/><U101/><E135/><V74/><F3/><W21/><G67/><T16/><D29/><U17/><E20/><V130/><F7/><W66/><G66/><T57/><D33/><U121/><E121/><V76/><F130/><W9/><G131/><T81/><D73/><U117/><E117/><V61/><F61/><W4/><G90/><T55/><D43/><U95/><E69/><V72/><F91/><W46/><G103/><T111/><D111/><U132/><E132/><V41/><F41/><W30/><G104/><T116/><D116/><U119/><E119/><V6/><F6/><W15/><G47/><T14/><D122/><U85/><REACH who="1" step="1"/><E60/><REACH who="1" ten="266,314,126,284" step="2"/><V96/><F107/><W34/><G34/><T110/><D105/><U86/><E86/><V26/><AGARI ba="0,1" hai="8,10,11,23,26,31,72,74,75,76,77,79,96,98" machi="26" ten="40,5200,0" yaku="0,1,29,2" doraHai="102" who="2" fromWho="2" sc="266,-13,314,-26,126,62,284,-13" />
</Scene>
<Scene>
<INIT seed="6,0,0,5,1,63" ten="253,288,188,271" oya="2" hai0="56,31,69,94,89,4,21,41,28,102,29,98,66" hai1="7,104,85,17,3,112,116,91,48,130,113,27,83" hai2="30,8,67,61,32,42,124,79,36,111,121,88,107" hai3="65,5,70,71,135,115,133,12,19,13,52,76,43"/><V38/><F121/><W53/><G115/><T55/><D41/><U134/><E116/><V33/><F107/><W47/><G76/><T84/><D4/><U14/><E104/><V10/><F79/><W23/><G71/><T80/><D69/><U117/><E117/><V39/><F42/><W127/><G127/><T9/><D9/><U58/><E130/><V90/><F124/><W73/><G73/><T49/><REACH who="0" step="1"/><D66/><REACH who="0" ten="243,288,188,271" step="2"/><U99/><E7/><V106/><F111/><W51/><G65/><T100/><D100/><U78/><E113/><V105/><F30/><W16/><G70/><T87/><D87/><U92/><E3/><V44/><F39/><W119/><G5/><T128/><D128/><U46/><E112/><V108/><F61/><W114/><G114/><T86/><D86/><U103/><E103/><V20/><F67/><W132/><G119/><T59/><D59/><U54/><E58/><V118/><F118/><W120/><G120/><T18/><D18/><U74/><E74/><V129/><F129/><W24/><G19/><T81/><D81/><U68/><E68/><V25/><F44/><W122/><G122/><T93/><D93/><U64/><E64/><V123/><F123/><W97/><G97/><T60/><D60/><U50/><E99/><V95/><F95/><W77/><G77/><T35/><D35/><U11/><E92/><V131/><F131/><W109/><G109/><T82/><D82/><U110/><E110/><V0/><F108/><W45/><G43/><T2/><D2/><U15/><E78/><V96/><F0/><W101/><G101/><RYUUKYOKU ba="0,1" sc="243,15,288,-15,188,-15,271,15" hai0="21,28,29,31,49,55,56,80,84,89,94,98,102" hai3="12,13,16,23,24,45,47,51,52,53,132,133,135" />
</Scene>
<Scene>
<INIT seed="7,1,1,0,4,14" ten="258,273,173,286" oya="3" hai0="10,91,98,39,31,48,131,60,121,47,84,18,11" hai1="93,5,88,21,9,134,78,26,108,8,56,4,0" hai2="70,52,107,3,67,44,120,85,133,28,19,43,128" hai3="35,73,122,77,117,129,135,57,27,114,33,65,119"/><W92/><G122/><T38/><D121/><U116/><E108/><V55/><F120/><W12/><G27/><T76/><D39/><U118/><E78/><V89/><F3/><W74/><G77/><T25/><D38/><U99/><E134/><V124/><F107/><W130/><G135/><T105/><D60/><U29/><E56/><V20/><F133/><W34/><G114/><T40/><D76/><U106/><E106/><V82/><F28/><W125/><G125/><T45/><D45/><U63/><E63/><V62/><F124/><W115/><G115/><T54/><D40/><U30/><E30/><V51/><REACH who="2" step="1"/><F128/><REACH who="2" ten="258,273,163,286" step="2"/><W113/><G113/><T64/><D105/><U15/><AGARI ba="1,2" hai="0,4,5,8,9,15,21,26,29,88,93,99,116,118" machi="15" ten="30,2000,0" yaku="0,1,54,1" doraHai="14" who="1" fromWho="1" sc="258,-6,273,43,163,-6,286,-11" owari="252,-15.0,316,41.0,157,-34.0,275,8.0" />
</Scene>
</mjloggm>