<mjloggm ver="2.3"><GO type="169" lobby="0"/><UN n0="%E5%A4%AA%E3%81%8F%E3%81%AA%E3%81%84%E3%81%8A" n1="%E7%94%9F%E8%82%89%E3%81%A7%E3%81%99%E3%82%88" n2="%E3%81%B2%E3%81%90%E3%81%A1" n3="%E3%80%93%E3%81%84%E3%81%A1%E3%81%AF%E3%82%89%E3%80%93" dan="18,17,17,19" rate="2242.58,2167.43,2229.28,2327.61" sx="F,M,M,M"/><TAIKYOKU oya="0"/>

<Scene>
<INIT seed="0,0,0,5,5,19" ten="250,250,250,250" oya="0" hai0="66,98,10,65,104,107,13,108,59,88,70,39,58" hai1="105,69,27,95,57,123,97,94,102,81,86,99,118" hai2="46,25,12,33,16,91,52,20,63,85,101,61,67" hai3="1,47,73,100,36,109,18,30,35,133,45,72,2"/><T3/><D3/><U44/><E69/><V55/><F101/><W130/><G109/><T6/><D39/><U89/><E118/><V53/><F46/><W62/><G62/><T106/><D108/><U83/><E123/><V22/><F33/><W116/><G100/><T126/><D126/><U23/><E57/><N who="2" m="37359" /><F61/><W17/><G30/><T135/><D70/><U29/><REACH who="1" step="1"/><E44/><REACH who="1" ten="250,240,250,250" step="2"/><V78/><F78/><W121/><G121/><T75/><D59/><U103/><AGARI ba="0,1" hai="23,27,29,81,83,86,89,94,95,97,99,102,103,105" machi="103" ten="20,8000,1" yaku="1,1,2,1,0,1,7,1,52,1,53,0" doraHai="19" doraHaiUra="42" who="1" fromWho="1" sc="250,-40,240,90,250,-20,250,-20" />
</Scene>
<Scene>
<INIT seed="1,0,0,0,4,72" ten="210,330,230,230" oya="1" hai0="82,87,41,1,124,103,33,49,30,4,101,74,129" hai1="60,8,39,120,56,66,135,9,22,40,27,90,2" hai2="52,55,59,83,104,84,105,113,130,19,94,35,131" hai3="6,99,67,45,80,46,98,32,126,63,16,106,5"/><U107/><E120/><V76/><F35/><W10/><G126/><T112/><D112/><U31/><E135/><V85/><F113/><W11/><G32/><T95/><D124/><U17/><E107/><V38/><F38/><W79/><G106/><T122/><D122/><U53/><E2/><V69/><F69/><W29/><G29/><T108/><D108/><U58/><E31/><V48/><F19/><W132/><G132/><T125/><D125/><U0/><E0/><V62/><F94/><W97/><G11/><T64/><D74/><U50/><E40/><V128/><REACH who="2" step="1"/><F85/><REACH who="2" ten="210,330,220,230" step="2"/><N who="3" m="48287" /><G6/><T18/><D18/><U123/><E39/><V93/><F93/><W21/><G5/><T114/><D95/><U77/><E123/><V43/><F43/><W65/><G10/><T92/><D92/><U116/><E116/><V37/><F37/><W75/><G75/><T109/><D4/><U71/><E71/><V111/><F111/><W12/><G63/><T70/><D33/><U91/><E8/><V42/><F42/><W26/><G26/><T86/><D41/><U3/><E9/><V24/><F24/><W102/><G102/><T127/><D101/><U7/><E3/><V96/><F96/><W81/><G81/><T110/><D82/><U23/><E7/><V133/><F133/><W118/><G118/><T134/><D134/><U117/><E117/><V68/><F68/><W88/><G99/><T61/><D127/><U57/><E27/><V47/><AGARI ba="0,1" hai="47,48,52,55,59,62,76,83,84,104,105,128,130,131" machi="47" ten="30,8000,1" yaku="1,1,0,1,19,1,52,1,54,1,53,0" doraHai="72" doraHaiUra="34" who="2" fromWho="2" sc="210,-20,330,-40,220,90,230,-20" />
</Scene>
<Scene>
<INIT seed="2,0,0,3,4,62" ten="190,290,310,210" oya="2" hai0="12,74,39,73,13,114,89,125,35,9,55,130,109" hai1="58,113,11,21,7,120,5,66,134,49,29,56,8" hai2="124,77,34,48,16,38,31,76,72,135,17,102,42" hai3="99,18,123,32,88,19,57,71,1,82,91,68,105"/><V3/><F3/><W104/><G1/><T79/><D114/><U36/><E113/><V54/><F124/><W20/><G32/><T100/><D39/><U83/><E36/><V107/><F135/><W43/><G123/><T94/><D35/><U87/><E120/><V93/><F107/><W92/><G43/><T97/><D125/><U81/><E134/><V119/><F119/><W65/><G71/><T129/><D109/><U46/><E21/><V98/><F42/><W67/><G68/><T95/><D55/><U127/><E29/><V6/><F6/><W96/><G105/><T10/><D79/><U40/><E127/><V27/><F38/><W4/><G4/><T84/><D12/><U24/><E24/><V101/><F101/><W30/><G104/><T122/><D122/><U26/><E26/><V108/><F108/><W116/><G116/><T61/><D61/><N who="1" m="38183" /><E58/><V33/><F33/><W28/><G57/><T37/><D37/><U90/><E83/><V69/><F69/><W14/><G19/><T53/><D53/><U75/><E75/><V44/><REACH who="2" step="1"/><F76/><REACH who="2" ten="190,290,300,210" step="2"/><W86/><G99/><T128/><REACH who="0" step="1"/><D9/><AGARI ba="0,1" hai="5,7,8,9,11,40,46,49,81,87,90" m="38183" machi="9" ten="30,2000,0" yaku="8,1,52,1" doraHai="62" who="1" fromWho="0" sc="190,-20,290,30,300,0,210,0" />
</Scene>
<Scene>
<INIT seed="3,0,0,4,2,28" ten="170,320,300,210" oya="3" hai0="16,69,6,105,129,9,95,17,85,12,26,118,18" hai1="119,121,44,59,47,111,90,113,107,116,56,101,86" hai2="72,19,80,64,94,34,53,102,99,131,45,46,35" hai3="110,96,98,33,25,5,7,38,83,78,89,22,58"/><W15/><G38/><T55/><D105/><U40/><E111/><V79/><F131/><W49/><G110/><T13/><D118/><N who="1" m="45099" /><E113/><V108/><F108/><W75/><G33/><T123/><D123/><U63/><E121/><V104/><F64/><W67/><G15/><T2/><D69/><U60/><E101/><V97/><F19/><N who="0" m="7242" /><D55/><N who="1" m="33823" /><E107/><V61/><F46/><W4/><G89/><T117/><D117/><U21/><E21/><V81/><F81/><W106/><G106/><T43/><D95/><N who="1" m="54743" /><E40/><V41/><F53/><AGARI ba="0,0" hai="44,47,53,59,63" m="54743,33823,45099" machi="53" ten="30,1000,0" yaku="12,1" doraHai="28" who="1" fromWho="2" sc="170,0,320,10,300,-10,210,0" />
</Scene>
<Scene>
<INIT seed="4,0,0,2,3,59" ten="170,330,290,210" oya="0" hai0="36,45,100,48,116,1,72,133,39,16,124,58,81" hai1="24,33,25,34,37,10,97,28,108,21,5,92,131" hai2="103,12,76,56,53,74,80,65,88,130,52,2,75" hai3="46,132,135,110,125,51,55,94,32,126,112,82,27"/><T113/><D116/><U134/><E37/><V104/><F2/><W83/><G110/><T79/><D1/><U4/><E108/><V18/><F75/><W84/><G112/><T127/><D113/><U101/><E131/><V3/><F3/><W54/><G94/><T115/><D115/><U22/><E134/><N who="3" m="51242" /><G55/><N who="0" m="30095" /><D133/><U73/><E73/><V42/><F42/><W102/><G102/><T114/><D114/><U35/><REACH who="1" step="1"/><E10/><REACH who="1" ten="170,320,290,210" step="2"/><V9/><F130/><W91/><G83/><T64/><D36/><U77/><E77/><V122/><F122/><W66/><G66/><T61/><D39/><U99/><E99/><V93/><F104/><W15/><G126/><N who="0" m="48171" /><D100/><U50/><E50/><V62/><F103/><W0/><G125/><T71/><D71/><U89/><E89/><V43/><F43/><W38/><G38/><T63/><D63/><U120/><E120/><V57/><F57/><W40/><G40/><T129/><D129/><U60/><E60/><V95/><F95/><W6/><G51/><T98/><D98/><AGARI ba="0,1" hai="9,12,18,52,53,56,62,65,74,76,80,88,93,98" machi="98" ten="30,7700,0" yaku="7,1,52,1,54,2" doraHai="59" who="2" fromWho="0" sc="170,-77,320,0,290,87,210,0" />
</Scene>
<Scene>
<INIT seed="5,0,0,4,2,102" ten="93,320,377,210" oya="1" hai0="50,78,38,68,55,11,117,96,27,113,44,62,17" hai1="46,92,70,84,47,82,85,77,135,130,0,65,127" hai2="88,124,39,74,33,53,14,129,13,87,99,91,15" hai3="86,54,34,107,125,32,69,120,126,60,1,104,16"/><U118/><E118/><V57/><F74/><W5/><G120/><T24/><D117/><U100/><E127/><N who="3" m="48650" /><G86/><T31/><D113/><U90/><E130/><V80/><F39/><W12/><G5/><T121/><D121/><U37/><E135/><V2/><F2/><W21/><G1/><T132/><D132/><U105/><E0/><V26/><F129/><W59/><G69/><T83/><D38/><U128/><E37/><V58/><F124/><W36/><G36/><T97/><D68/><U123/><E123/><V119/><F119/><W20/><G20/><T49/><D62/><U110/><E110/><V76/><F58/><W52/><G54/><T41/><D11/><U7/><E7/><V18/><F99/><W3/><G3/><T106/><D17/><U8/><E8/><V56/><F56/><W122/><G122/><T95/><D106/><AGARI ba="0,0" hai="12,16,21,32,34,52,59,60,104,106,107" m="48650" machi="106" ten="30,12000,2" yaku="18,1,52,3,54,2" doraHai="102" who="3" fromWho="0" sc="93,-120,320,0,377,0,210,120" owari="-27,-53.0,320,-8.0,377,48.0,330,13.0" />
</Scene>
</mjloggm>