<mjloggm ver="2.3"><GO type="169" lobby="0"/><UN n0="%79%61%6C%70%68%61" n1="%72%61%74%74%61%74%74%61" n2="%E5%A4%AA%E3%81%8F%E3%81%AA%E3%81%84%E3%81%8A" n3="%6D%61%74%69%6F%73%61%6E" dan="17,18,18,18" rate="2130.12,2227.39,2262.29,2237.28" sx="M,M,F,M"/><TAIKYOKU oya="0"/>

<Scene>
<INIT seed="0,0,0,3,0,33" ten="250,250,250,250" oya="0" hai0="6,9,74,102,57,20,71,73,65,128,86,123,61" hai1="125,60,119,68,108,78,129,112,97,2,0,53,122" hai2="101,41,109,59,23,28,126,39,93,25,14,100,40" hai3="45,69,75,43,83,46,32,116,111,76,52,88,92"/><T21/><D123/><U79/><E122/><V10/><F109/><W117/><G69/><T50/><D128/><U37/><E37/><V115/><F115/><W82/><G111/><T22/><D102/><U106/><E119/><V120/><F120/><W84/><G32/><T4/><D86/><U80/><E108/><V7/><F126/><W135/><G135/><T27/><D27/><U134/><E53/><V70/><F70/><W121/><G121/><T110/><D110/><U56/><E56/><V29/><F39/><W62/><G83/><T18/><D71/><U31/><E31/><V1/><F29/><W3/><G3/><T91/><D91/><U66/><E125/><V67/><F1/><W104/><G104/><T85/><D85/><U54/><E54/><V44/><F44/><W58/><REACH who="3" step="1"/><G46/><REACH who="3" ten="250,250,250,240" step="2"/><T64/><D74/><N who="1" m="43095" /><E134/><V118/><F118/><W107/><G107/><T48/><D73/><U127/><E2/><V30/><F30/><W133/><G133/><T36/><D36/><AGARI ba="0,1" hai="36,43,45,52,58,62,75,76,82,84,88,92,116,117" machi="36" ten="30,12000,2" yaku="1,1,7,1,54,2,53,2" doraHai="33" doraHaiUra="113" who="3" fromWho="0" sc="250,-120,250,0,250,0,240,130" />
</Scene>
<Scene>
<INIT seed="1,0,0,5,4,66" ten="130,250,250,370" oya="1" hai0="78,1,134,20,87,86,123,101,51,34,80,81,110" hai1="113,18,45,28,105,73,114,117,112,16,27,115,83" hai2="25,111,19,11,40,55,85,21,4,71,89,15,22" hai3="6,135,64,84,129,56,35,42,77,26,109,57,125"/><U47/><E117/><V44/><F111/><W79/><G109/><T7/><D110/><U106/><E113/><V93/><F55/><W116/><G116/><T36/><D34/><U63/><E63/><V72/><F72/><W119/><G119/><T75/><D36/><U69/><E69/><V94/><F71/><W103/><G6/><T0/><D7/><U126/><E126/><V9/><F93/><W41/><G26/><T12/><D75/><U30/><E73/><V29/><REACH who="2" step="1"/><F4/><REACH who="2" ten="130,250,240,370" step="2"/><W91/><G125/><T3/><D123/><U128/><E114/><V59/><F59/><W118/><G118/><T43/><D134/><U100/><E83/><V68/><F68/><W46/><G57/><T52/><D43/><U24/><REACH who="1" step="1"/><E100/><REACH who="1" ten="130,240,240,370" step="2"/><V65/><F65/><W96/><G64/><T102/><D101/><U92/><E92/><V17/><F17/><W14/><G103/><T10/><D102/><U97/><E97/><V124/><F124/><W48/><G96/><T98/><D98/><U50/><E50/><AGARI ba="0,2" hai="9,11,15,19,21,22,25,29,40,44,50,85,89,94" machi="50" ten="30,3900,0" yaku="1,1,7,1,8,1,53,0" doraHai="66" doraHaiUra="67" who="2" fromWho="1" sc="130,0,240,-39,240,59,370,0" />
</Scene>
<Scene>
<INIT seed="2,0,0,3,0,124" ten="130,201,299,370" oya="2" hai0="103,96,63,21,22,13,14,19,68,23,108,33,42" hai1="111,70,30,47,121,118,72,101,83,119,112,40,52" hai2="69,109,65,114,46,133,81,39,74,64,106,116,80" hai3="9,82,59,16,24,113,95,123,71,92,20,36,117"/><V50/><F114/><W11/><G71/><T57/><D68/><U73/><E30/><V87/><F116/><W75/><G36/><T18/><D33/><U8/><E101/><V115/><F115/><W107/><G107/><T127/><D127/><U3/><E112/><V135/><F39/><W53/><G113/><T125/><D125/><U105/><E105/><V32/><F32/><W98/><G117/><T5/><D42/><U62/><E111/><V31/><F31/><W60/><G123/><T0/><D108/><U27/><E27/><V6/><F106/><W17/><G95/><T48/><D21/><U122/><E119/><V102/><F102/><W34/><G34/><T130/><D48/><U7/><E118/><V49/><F6/><W110/><G110/><T44/><D44/><U67/><E52/><N who="2" m="29751" /><F69/><W126/><G126/><T77/><D77/><U51/><REACH who="1" step="1"/><E83/><REACH who="1" ten="130,191,299,370" step="2"/><V2/><F109/><W61/><G82/><T45/><D45/><U10/><E10/><V93/><F81/><W100/><G11/><T56/><D63/><U58/><E58/><V78/><F80/><W128/><G9/><N who="0" m="2215" /><D56/><U26/><E26/><V29/><F29/><W25/><G25/><T97/><D57/><U88/><E88/><V91/><F91/><W55/><G24/><T129/><D103/><U4/><E4/><V86/><F78/><W54/><G59/><T94/><D94/><U89/><E89/><V41/><F93/><W15/><G92/><T84/><D84/><U120/><AGARI ba="0,1" hai="3,7,8,40,47,51,62,67,70,72,73,120,121,122" machi="120" ten="30,4000,0" yaku="1,1,0,1,13,1,53,0" doraHai="124" doraHaiUra="131" who="1" fromWho="1" sc="130,-10,191,50,299,-20,370,-10" />
</Scene>
<Scene>
<INIT seed="3,0,0,5,2,99" ten="120,241,279,360" oya="3" hai0="13,104,69,111,9,135,3,20,11,86,47,59,77" hai1="61,87,10,120,85,22,53,126,39,70,45,79,76" hai2="102,127,66,40,101,21,75,8,7,12,131,82,1" hai3="92,128,32,123,100,55,46,23,38,97,44,50,129"/><W117/><G32/><T109/><D69/><U72/><E120/><V56/><F131/><N who="3" m="50251" /><G123/><T68/><D104/><U2/><E22/><V54/><F127/><W96/><G117/><T108/><D68/><U78/><E72/><V93/><F66/><W58/><G38/><T132/><D47/><U27/><E27/><V16/><F40/><W133/><G133/><N who="0" m="51275" /><D59/><U0/><E126/><V94/><F94/><N who="3" m="58391" /><G23/><T36/><D36/><U119/><E39/><V19/><F93/><W106/><G106/><T63/><D63/><U26/><E61/><V60/><REACH who="2" step="1"/><F19/><REACH who="2" ten="120,241,269,360" step="2"/><W18/><G18/><N who="0" m="10319" /><D3/><U17/><E2/><V110/><F110/><N who="0" m="28162" /><T48/><DORA hai="124" /><D48/><U28/><E0/><V98/><F98/><W52/><G55/><T51/><D51/><U37/><E53/><V95/><F95/><W15/><G92/><T118/><D118/><U42/><E119/><V31/><F31/><W134/><G134/><T114/><D114/><U121/><E37/><V91/><F91/><W105/><G105/><T33/><D33/><U71/><E42/><V88/><F88/><W30/><G30/><T80/><AGARI ba="0,1" hai="9,11,77,80,86" m="28162,10319,51275" machi="80" ten="50,3200,0" yaku="20,1,14,1" doraHai="99,124" who="0" fromWho="0" sc="120,42,241,-8,269,-8,360,-16" />
</Scene>
<Scene>
<INIT seed="4,0,0,0,0,87" ten="162,233,261,344" oya="0" hai0="21,121,77,120,15,117,57,82,93,98,72,90,27" hai1="58,116,7,37,105,2,49,5,78,24,53,96,89" hai2="22,112,23,132,68,131,113,102,110,123,91,44,76" hai3="101,30,103,14,86,20,70,83,41,100,11,118,111"/><T6/><D117/><U62/><E37/><V127/><F110/><W52/><G70/><T92/><D6/><U114/><E116/><V65/><F123/><W19/><G118/><T35/><D35/><U73/><E73/><V84/><F102/><W94/><G41/><T61/><D15/><U31/><E78/><V18/><F76/><N who="3" m="46439" /><G111/><T16/><REACH who="0" step="1"/><D93/><REACH who="0" ten="152,233,261,344" step="2"/><U104/><E104/><V48/><F113/><W1/><G1/><T29/><D29/><U38/><E31/><V115/><F112/><W39/><G94/><T66/><AGARI ba="0,1" hai="16,21,27,57,61,66,72,77,82,90,92,98,120,121" machi="66" ten="20,12000,1" yaku="1,1,0,1,7,1,52,1,54,1,53,0" doraHai="87" doraHaiUra="28" who="0" fromWho="0" sc="152,130,233,-40,261,-40,344,-40" />
</Scene>
<Scene>
<INIT seed="4,1,0,0,1,30" ten="282,193,221,304" oya="0" hai0="72,105,90,98,28,129,132,49,119,15,113,11,5" hai1="59,74,62,37,133,26,45,78,135,9,106,117,125" hai2="116,118,2,87,53,75,10,108,44,52,99,36,18" hai3="8,56,101,83,60,110,124,63,65,14,50,128,24"/><T40/><D72/><U79/><E117/><N who="2" m="45163" /><F75/><W123/><G110/><T47/><D119/><U29/><E106/><V109/><F87/><W12/><G124/><T34/><D113/><U84/><E74/><V23/><F99/><W126/><G126/><T114/><D114/><U111/><E111/><N who="2" m="42571" /><F10/><W85/><G123/><T38/><D132/><N who="1" m="50763" /><E9/><V27/><F2/><W19/><G128/><T95/><D129/><U7/><E7/><V43/><AGARI ba="1,0" hai="18,23,27,36,43,44,52,53" m="42571,45163" machi="43" ten="40,2700,0" yaku="12,1,54,1" doraHai="30" who="2" fromWho="2" sc="282,-14,193,-8,221,30,304,-8" />
</Scene>
<Scene>
<INIT seed="5,0,0,1,1,126" ten="268,185,251,296" oya="1" hai0="127,43,113,29,78,104,71,56,6,85,107,59,87" hai1="108,114,134,73,111,11,57,103,106,47,125,37,14" hai2="41,133,65,109,28,12,35,30,1,82,99,119,2" hai3="54,131,90,48,86,75,105,110,100,96,39,51,89"/><U55/><E73/><V130/><F109/><N who="1" m="42057" /><E125/><V5/><F119/><W102/><G39/><T13/><D113/><U67/><E114/><V58/><F41/><W60/><G110/><T46/><D71/><U32/><E32/><V91/><F133/><W61/><G75/><T9/><D127/><U52/><E134/><V128/><F12/><W21/><G102/><T4/><D29/><U49/><E67/><V26/><F28/><W88/><G86/><T118/><D118/><U92/><E106/><V24/><F24/><W25/><G131/><N who="2" m="50217" /><F5/><W22/><G51/><T53/><D4/><U10/><E14/><V33/><F33/><W3/><G3/><N who="2" m="1033" /><F82/><W68/><G22/><T116/><D116/><U93/><E37/><V44/><F44/><W83/><G83/><T7/><D7/><U129/><E129/><V94/><F58/><W124/><G68/><T16/><D6/><U31/><E31/><V117/><F117/><W38/><G124/><T121/><D56/><U72/><E57/><V63/><F65/><W45/><G38/><T74/><D46/><U120/><E47/><V42/><F42/><W64/><G64/><T80/><D43/><U81/><E81/><V19/><F63/><W23/><G25/><T40/><D40/><U69/><E69/><V62/><F62/><W17/><G23/><T135/><D135/><U84/><E55/><V50/><F19/><W115/><G115/><T98/><D53/><U76/><E52/><V132/><F132/><W34/><G34/><T0/><D59/><U18/><E18/><V122/><F50/><W112/><G112/><RYUUKYOKU ba="0,0" sc="268,-15,185,-15,251,15,296,15" hai2="26,30,35,91,94,99,122" hai3="17,21,45,48,54,60,61,88,89,90,96,100,105" />
</Scene>
<Scene>
<INIT seed="6,1,0,2,5,75" ten="253,170,266,311" oya="2" hai0="73,85,20,70,82,123,58,42,9,128,103,18,53" hai1="66,61,41,120,107,132,19,60,45,37,129,133,10" hai2="79,14,86,109,55,83,67,80,135,23,105,114,28" hai3="127,2,25,48,47,102,56,94,17,93,59,7,3"/><V16/><F105/><W26/><G127/><T32/><D123/><U39/><E107/><V111/><F114/><W92/><G3/><T77/><D70/><U112/><E10/><V0/><F0/><W96/><G2/><T84/><D32/><U76/><E19/><V88/><F135/><N who="1" m="51785" /><E112/><V71/><F28/><W117/><G7/><T97/><D9/><U40/><E76/><V52/><F67/><W130/><G130/><T68/><D42/><N who="1" m="16491" /><E120/><V50/><F71/><W72/><G72/><T12/><D68/><N who="1" m="42055" /><E129/><V101/><F101/><W110/><G26/><T5/><D5/><U6/><E6/><V21/><F21/><N who="3" m="13487" /><G110/><N who="2" m="41993" /><F50/><W134/><G134/><T99/><D128/><U22/><E22/><V90/><F90/><W100/><G117/><T38/><D38/><U69/><E45/><V115/><F115/><W119/><G119/><T43/><D43/><U51/><E51/><V122/><F122/><W4/><G4/><T104/><D99/><U36/><E69/><V124/><F124/><W30/><G30/><T121/><D121/><U108/><E108/><V63/><F63/><AGARI ba="1,0" hai="12,18,20,53,58,63,73,77,82,84,85,97,103,104" machi="63" ten="30,2000,0" yaku="7,1,52,1" doraHai="75" who="0" fromWho="2" sc="253,23,170,0,266,-23,311,0" /><AGARI ba="1,0" hai="36,37,39,61,63" m="42055,16491,51785" machi="63" ten="40,5200,0" yaku="20,1,34,2" doraHai="75" who="1" fromWho="2" sc="276,0,170,52,243,-52,311,0" />
</Scene>
<Scene>
<INIT seed="7,0,0,0,2,69" ten="276,222,191,311" oya="3" hai0="49,92,48,12,124,40,112,13,15,55,116,63,54" hai1="125,22,18,66,102,62,65,101,27,126,26,85,91" hai2="74,31,47,28,38,84,114,132,32,111,97,87,67" hai3="64,109,61,17,25,14,70,99,3,77,10,121,83"/><W23/><G109/><T0/><D116/><U16/><E27/><V131/><F111/><W57/><G121/><T78/><D0/><U21/><E21/><V89/><F74/><W7/><G99/><T98/><D124/><N who="1" m="47723" /><E18/><V106/><F114/><W117/><G117/><T90/><D112/><U129/><E129/><V107/><F131/><W113/><G113/><T122/><D122/><U127/><E127/><V88/><F67/><N who="1" m="25609" /><E62/><V6/><F6/><W81/><G70/><T100/><D63/><U1/><E1/><V120/><F120/><W45/><G45/><T29/><D29/><U8/><E8/><V24/><F132/><W104/><G104/><T135/><D135/><U105/><E105/><V76/><F76/><W71/><G71/><T53/><D78/><U34/><E34/><V115/><F115/><W119/><G119/><T133/><D133/><U35/><E35/><V44/><F32/><W46/><G46/><T86/><REACH who="0" step="1"/><D40/><REACH who="0" ten="266,222,191,311" step="2"/><U108/><E108/><V2/><F2/><W75/><G3/><T30/><D30/><U20/><E20/><V50/><F50/><W118/><G23/><T95/><AGARI ba="0,1" hai="12,13,15,48,49,53,54,55,86,90,92,95,98,100" machi="95" ten="30,4000,0" yaku="1,1,0,1,8,1,53,0" doraHai="69" doraHaiUra="58" who="0" fromWho="0" sc="266,50,222,-10,191,-10,311,-20" owari="316,42.0,212,-19.0,181,-32.0,291,9.0" />
</Scene>
</mjloggm>