<mjloggm ver="2.3"><GO type="169" lobby="0"/><UN n0="%E3%83%95%E3%82%A7%E3%83%AB%E3%83%8A%E3%83%B3%E3%83%89" n1="%66%65%65%73" n2="%E3%83%A9%E3%83%A0%E3%83%80%E3%81%95%E3%82%93" n3="%E5%A4%AA%E3%81%8F%E3%81%AA%E3%81%84%E3%81%8A" dan="16,17,17,19" rate="2140.62,2164.80,2150.39,2278.96" sx="M,M,M,F"/><TAIKYOKU oya="0"/>

<Scene>
<INIT seed="0,0,0,5,2,120" ten="250,250,250,250" oya="0" hai0="125,56,101,34,110,115,107,72,89,10,92,1,29" hai1="41,123,127,75,5,21,77,103,128,83,71,23,57" hai2="65,6,22,8,30,98,70,93,109,17,0,87,133" hai3="45,35,61,79,108,3,96,33,38,2,40,84,36"/><T119/><D115/><U60/><E71/><V13/><F133/><W121/><G121/><T112/><D112/><U131/><E123/><V43/><F109/><W111/><G96/><T51/><D119/><U53/><E127/><V63/><F43/><W102/><G102/><T50/><D125/><U90/><E103/><V55/><F87/><W54/><G36/><T64/><D72/><U26/><E41/><V100/><F30/><W49/><G61/><T97/><D34/><U94/><E5/><V117/><REACH who="2" step="1"/><F55/><REACH who="2" ten="250,250,240,250" step="2"/><W130/><G84/><T116/><D29/><U9/><E131/><V19/><F19/><W32/><G130/><T106/><D110/><N who="3" m="42025" /><G79/><T44/><D116/><AGARI ba="0,1" hai="0,6,8,13,17,22,63,65,70,93,98,100,116,117" machi="116" ten="40,1300,0" yaku="1,1,53,0" doraHai="120" doraHaiUra="81" who="2" fromWho="0" sc="250,-13,250,0,240,23,250,0" />
</Scene>
<Scene>
<INIT seed="1,0,0,5,0,128" ten="237,250,263,250" oya="1" hai0="26,24,2,73,72,51,127,34,103,68,13,30,45" hai1="81,23,42,94,31,77,131,47,35,25,20,70,115" hai2="19,91,71,124,132,4,0,85,28,119,120,16,3" hai3="21,113,88,80,79,7,104,75,43,14,12,66,121"/><U84/><E115/><V74/><F119/><W78/><G113/><T86/><D2/><U130/><E70/><V92/><F120/><W112/><G112/><T101/><D68/><U27/><E94/><V116/><F116/><W82/><G121/><T59/><D127/><U109/><E109/><V37/><F71/><W48/><G104/><T63/><D73/><U52/><E35/><V97/><F74/><W50/><G66/><T1/><D1/><U76/><E76/><V33/><F37/><W110/><G110/><T6/><D72/><U96/><E96/><V114/><F114/><W99/><G99/><T90/><D26/><U15/><E15/><V39/><F39/><W107/><G107/><T55/><D6/><U10/><E10/><V41/><F41/><W108/><G108/><T65/><REACH who="0" step="1"/><D13/><REACH who="0" ten="227,250,263,250" step="2"/><U29/><REACH who="1" step="1"/><E52/><REACH who="1" ten="227,240,263,250" step="2"/><V125/><F0/><W5/><G14/><T64/><D64/><U100/><E100/><V44/><F3/><W102/><G102/><T32/><D32/><U11/><E11/><V133/><F33/><W17/><G7/><T93/><AGARI ba="0,2" hai="24,30,34,45,51,55,59,63,65,86,90,93,101,103" machi="93" ten="20,5200,0" yaku="1,1,0,1,7,1,53,1" doraHai="128" doraHaiUra="54" who="0" fromWho="0" sc="227,72,240,-26,263,-13,250,-13" />
</Scene>
<Scene>
<INIT seed="2,0,0,1,4,109" ten="299,214,250,237" oya="2" hai0="15,45,101,95,11,120,7,96,65,52,117,74,42" hai1="18,82,0,37,93,107,67,64,111,60,98,44,20" hai2="78,87,135,122,104,41,89,49,126,25,130,2,13" hai3="103,66,57,14,114,53,83,77,112,50,33,10,28"/><V17/><F122/><W121/><G121/><T3/><D120/><U108/><E107/><V39/><F2/><W5/><G103/><T100/><D74/><U91/><E0/><V73/><F104/><W70/><G70/><T38/><D117/><U54/><E82/><V134/><F39/><W128/><G66/><T129/><D129/><U124/><E124/><V24/><F78/><W106/><G106/><T12/><D65/><U133/><E133/><N who="2" m="50699" /><F73/><W81/><G128/><T55/><REACH who="0" step="1"/><D101/><REACH who="0" ten="289,214,250,237" step="2"/><U123/><E123/><V132/><F130/><W118/><G118/><T116/><D116/><U90/><E67/><V58/><F132/><W47/><G47/><T110/><D110/><U68/><E111/><V40/><F126/><W34/><G81/><T36/><D36/><U21/><E108/><V35/><F58/><W26/><REACH who="3" step="1"/><G34/><REACH who="3" ten="289,214,250,227" step="2"/><T59/><D59/><U131/><E131/><V31/><F35/><W22/><G22/><T102/><D102/><U62/><E21/><V27/><F31/><W92/><G92/><T30/><D30/><U113/><E64/><V79/><F79/><W86/><AGARI ba="0,2" hai="5,10,14,26,28,33,50,53,57,77,83,86,112,114" machi="86" ten="30,7900,0" yaku="1,1,0,1,52,2,53,0" doraHai="109" doraHaiUra="43" who="3" fromWho="3" sc="289,-20,214,-20,250,-39,227,99" />
</Scene>
<Scene>
<INIT seed="3,0,0,5,0,119" ten="269,194,211,326" oya="3" hai0="131,107,48,127,20,88,133,60,128,45,10,49,135" hai1="25,43,9,3,65,95,91,106,108,38,50,13,78" hai2="116,96,19,61,40,12,71,72,1,81,132,100,31" hai3="90,85,124,36,134,35,93,126,70,122,8,125,6"/><W14/><G36/><T57/><D107/><U112/><E106/><V11/><F116/><W110/><G70/><T21/><D10/><U92/><E112/><V115/><F115/><W129/><G35/><T97/><D21/><U83/><E3/><V89/><F132/><N who="0" m="50762" /><D20/><U98/><E65/><V33/><F40/><W16/><G134/><T22/><D22/><U103/><E25/><V101/><F1/><W5/><G129/><N who="0" m="49739" /><D97/><U18/><E38/><V59/><F71/><W104/><G104/><T55/><D88/><U39/><E108/><V52/><F72/><W94/><G110/><T66/><D49/><U15/><E39/><V62/><F62/><W29/><G29/><T24/><D24/><U123/><E15/><V113/><F113/><W32/><G32/><T17/><D17/><U99/><E50/><V111/><F111/><W117/><G117/><T80/><D80/><U0/><E0/><V27/><REACH who="2" step="1"/><F81/><REACH who="2" ten="269,194,201,326" step="2"/><W120/><REACH who="3" step="1"/><G94/><AGARI ba="0,1" hai="11,12,19,27,31,33,52,59,61,89,94,96,100,101" machi="94" ten="40,5200,0" yaku="1,1,2,1,54,1,53,0" doraHai="119" doraHaiUra="44" who="2" fromWho="3" sc="269,0,194,0,201,62,326,-52" />
</Scene>
<Scene>
<INIT seed="4,0,0,0,3,116" ten="269,194,263,274" oya="0" hai0="23,32,1,66,29,0,99,60,74,49,82,83,63" hai1="4,18,86,33,3,13,117,79,8,7,38,97,113" hai2="84,2,110,46,81,11,124,10,55,109,102,6,118" hai3="90,115,56,36,93,91,72,25,76,92,73,27,9"/><T70/><D82/><U75/><E117/><V104/><F118/><W58/><G9/><T14/><D49/><U95/><E38/><V135/><F135/><W112/><G76/><T87/><D74/><U130/><E75/><V30/><F124/><W125/><REACH who="3" step="1"/><G36/><REACH who="3" ten="269,194,263,264" step="2"/><T67/><D32/><U37/><E37/><V64/><F11/><W134/><G134/><T24/><D99/><U50/><E33/><V20/><F10/><W47/><G47/><T94/><D14/><U59/><E97/><V123/><F46/><W120/><G120/><T105/><D105/><U88/><E79/><V71/><F104/><W61/><G61/><T101/><D94/><U39/><E39/><V85/><F123/><W34/><G34/><T114/><D114/><U52/><E113/><V17/><F20/><W31/><G31/><T12/><D12/><U133/><E133/><V77/><F30/><W43/><G43/><T21/><D23/><N who="1" m="11727" /><E4/><V53/><F6/><W44/><G44/><T108/><D108/><U69/><E130/><V131/><F131/><W45/><G45/><T65/><D101/><U22/><E22/><V98/><F102/><W41/><G41/><T16/><D29/><U127/><E127/><AGARI ba="0,1" hai="25,27,56,58,72,73,90,91,92,93,112,115,125,127" machi="127" ten="25,3200,0" yaku="1,1,22,2,53,0" doraHai="116" doraHaiUra="48" who="3" fromWho="1" sc="269,0,194,-32,263,0,264,42" />
</Scene>
<Scene>
<INIT seed="5,0,0,2,1,61" ten="269,162,263,306" oya="1" hai0="89,115,121,8,19,64,82,18,65,109,106,101,5" hai1="112,28,87,49,73,26,12,111,129,17,56,93,42" hai2="6,57,34,105,62,0,60,29,118,80,31,9,103" hai3="88,3,133,79,92,55,1,75,125,130,95,120,33"/><U104/><E104/><V63/><F118/><W99/><G120/><T83/><D109/><U67/><E73/><V21/><F34/><W113/><G33/><T117/><D117/><U85/><E111/><V71/><F71/><W36/><G36/><T123/><D115/><U126/><E112/><V14/><F105/><W13/><G113/><T59/><D106/><U27/><E126/><V50/><F103/><W135/><G125/><T20/><D101/><U37/><E37/><V32/><F32/><W53/><G130/><T96/><D96/><U45/><E129/><V77/><F0/><N who="3" m="75" /><G13/><N who="0" m="5263" /><D123/><U47/><E47/><V22/><F50/><W84/><G75/><T40/><D121/><U76/><E28/><V132/><F132/><N who="3" m="50763" /><G79/><T81/><D40/><U35/><E35/><V46/><F46/><W72/><G72/><T23/><D89/><AGARI ba="0,0" hai="53,55,84,88,89,92,95,99" m="50763,75" machi="89" ten="30,2000,0" yaku="20,1,54,1" doraHai="61" who="3" fromWho="0" sc="269,-20,162,0,263,0,306,20" />
</Scene>
<Scene>
<INIT seed="6,0,0,5,2,29" ten="249,162,263,326" oya="2" hai0="93,79,7,111,45,15,84,71,110,44,67,119,20" hai1="113,76,32,51,42,11,16,85,63,107,83,34,56" hai2="95,75,101,0,39,91,131,38,8,55,74,36,97" hai3="60,127,28,77,70,9,125,98,13,109,108,80,18"/><V88/><F131/><W23/><G98/><T40/><D119/><U69/><E107/><V57/><F0/><W132/><G132/><T31/><D45/><U10/><E69/><V61/><REACH who="2" step="1"/><F8/><REACH who="2" ten="249,162,253,326" step="2"/><W87/><G9/><T129/><D129/><U5/><E113/><V96/><F96/><W4/><G109/><T26/><D111/><U118/><E118/><V89/><AGARI ba="0,1" hai="36,38,39,55,57,61,74,75,88,89,91,95,97,101" machi="89" ten="40,7800,0" yaku="1,1,0,1,54,1,53,0" doraHai="29" doraHaiUra="17" who="2" fromWho="2" sc="249,-26,162,-26,253,88,326,-26" />
</Scene>
<Scene>
<INIT seed="6,1,0,1,5,3" ten="223,136,341,300" oya="2" hai0="16,55,48,112,56,80,132,71,38,8,31,111,134" hai1="21,49,2,7,47,22,19,1,78,12,69,109,50" hai2="68,125,110,9,34,83,82,45,108,129,60,84,101" hai3="98,14,27,28,64,131,51,133,77,86,93,102,76"/><V65/><F34/><W36/><G36/><T94/><D111/><N who="2" m="42538" /><F129/><W18/><G131/><T40/><D71/><U97/><E109/><V96/><F125/><W62/><G133/><N who="0" m="51307" /><D112/><U37/><E69/><V4/><F45/><W113/><G113/><T127/><D127/><U106/><E78/><V59/><F84/><W81/><G51/><T105/><D105/><U90/><E22/><V75/><F75/><W135/><G135/><T11/><D31/><U26/><E1/><N who="2" m="143" /><F68/><W116/><G77/><T41/><D80/><U124/><E124/><V99/><F99/><W128/><G128/><T42/><D38/><U92/><E106/><AGARI ba="1,0" hai="59,60,65,82,83,96,101,106" m="143,42538" machi="106" ten="30,2900,0" yaku="10,1,52,1" doraHai="3" who="2" fromWho="1" sc="223,0,136,-32,341,32,300,0" />
</Scene>
<Scene>
<INIT seed="6,2,0,1,1,78" ten="223,104,373,300" oya="2" hai0="89,37,129,79,128,24,54,28,94,109,103,12,98" hai1="73,84,82,131,64,6,95,70,31,132,63,53,36" hai2="120,102,17,68,81,47,105,69,96,87,9,44,90" hai3="30,72,99,46,88,35,77,1,21,41,71,114,7"/><V48/><F120/><W92/><G71/><T50/><D37/><U3/><E73/><V43/><F9/><W23/><G114/><T8/><D109/><U116/><E116/><V22/><REACH who="2" step="1"/><F47/><REACH who="2" ten="223,104,363,300" step="2"/><W76/><G46/><T104/><D8/><U65/><E131/><V4/><F4/><W127/><G7/><T97/><D129/><U27/><E6/><V126/><F126/><W67/><G127/><T83/><D128/><U40/><E132/><V66/><F66/><W123/><G67/><T57/><D12/><AGARI ba="2,1" hai="12,17,22,43,44,48,68,69,81,87,90,96,102,105" machi="12" ten="30,5800,0" yaku="1,1,7,1,52,1,53,0" doraHai="78" doraHaiUra="112" who="2" fromWho="0" sc="223,-64,104,0,363,74,300,0" />
</Scene>
<Scene>
<INIT seed="6,3,0,1,0,49" ten="159,104,437,300" oya="2" hai0="133,80,32,56,24,71,44,76,40,59,36,102,81" hai1="92,26,82,28,14,99,18,135,93,112,79,63,29" hai2="7,107,45,89,108,113,125,60,85,0,54,1,37" hai3="110,86,8,43,100,66,13,101,34,128,126,127,47"/><V9/><F107/><W116/><G110/><T106/><D71/><U77/><E112/><V74/><F74/><W57/><G116/><T78/><D133/><U122/><E135/><V111/><F113/><W23/><G34/><T3/><D3/><U20/><E122/><V114/><F114/><W52/><G66/><T38/><D106/><U97/><E63/><V134/><F134/><W2/><G23/><T124/><D102/><U131/><E131/><V10/><F125/><N who="3" m="47627" /><G86/><T88/><D124/><U67/><E67/><V132/><F132/><W115/><G2/><T65/><D65/><U130/><E130/><V31/><F31/><W33/><G33/><T64/><D64/><U46/><E46/><V51/><F37/><N who="3" m="21999" /><G128/><T50/><D32/><U39/><E39/><V91/><F60/><N who="3" m="35879" /><G115/><T5/><D38/><U35/><E29/><V17/><F1/><W129/><G129/><T96/><D36/><U11/><E35/><V30/><F30/><W104/><G104/><T119/><D119/><U12/><E12/><N who="2" m="7319" /><F85/><W117/><G117/><T19/><D24/><U41/><E82/><V21/><F21/><W94/><G94/><T120/><D81/><U53/><E93/><V48/><F111/><W4/><AGARI ba="3,0" hai="4,8,13,100,101" m="35879,21999,47627" machi="4" ten="30,4000,0" yaku="18,1,52,1,54,1" doraHai="49" who="3" fromWho="3" sc="159,-13,104,-13,437,-23,300,49" />
</Scene>
<Scene>
<INIT seed="7,0,0,3,1,77" ten="146,91,414,349" oya="3" hai0="38,42,120,66,95,110,58,62,115,132,71,13,94" hai1="67,111,118,72,79,18,10,32,109,81,104,11,99" hai2="4,28,97,76,59,61,36,89,129,80,37,48,102" hai3="107,44,103,121,93,65,64,40,133,73,135,69,15"/><W122/><G107/><T106/><D106/><U8/><E32/><V33/><F129/><W2/><G2/><T68/><D110/><U101/><E118/><V52/><F89/><W113/><G73/><T119/><D119/><U47/><E67/><N who="3" m="25674" /><G15/><T117/><D117/><U46/><REACH who="1" step="1"/><E18/><REACH who="1" ten="146,81,414,349" step="2"/><V0/><F33/><W26/><G26/><T54/><D66/><U49/><E49/><V30/><F48/><N who="3" m="26631" /><G69/><T114/><D71/><U12/><E12/><V31/><F37/><W126/><G113/><T116/><D116/><U9/><N who="1" m="2048" /><DORA hai="19" /><U55/><E55/><V22/><F36/><W27/><G27/><T124/><D54/><U60/><E60/><V105/><F0/><W23/><G126/><T63/><D124/><U78/><E78/><V70/><F70/><W100/><G23/><T24/><D24/><U83/><E83/><V128/><F22/><W87/><G122/><T3/><D120/><U123/><E123/><V41/><F4/><W134/><G121/><T57/><D3/><U5/><E5/><V20/><F20/><W131/><G131/><T75/><D68/><U50/><E50/><V51/><F128/><W6/><G6/><T21/><D21/><U16/><E16/><V88/><F76/><W39/><G39/><T90/><D13/><U17/><E17/><V86/><F51/><W35/><G35/><T112/><D38/><U108/><AGARI ba="0,1" hai="46,47,72,79,81,99,101,104,108,109,111" m="2048" machi="108" ten="50,6400,0" yaku="1,1,0,1,52,1,53,0" doraHai="77,19" doraHaiUra="56,125" who="1" fromWho="1" sc="146,-16,81,74,414,-16,349,-32" owari="130,-37.0,155,-24.0,398,49.0,317,12.0" />
</Scene>
</mjloggm>