<mjloggm ver="2.3"><GO type="169" lobby="0"/><UN n0="%E3%83%88%E3%82%B5%E3%81%91%E3%82%93" n1="%E5%A4%AA%E3%81%8F%E3%81%AA%E3%81%84%E3%81%8A" n2="%E3%81%8D%E3%82%83%E3%81%97%E3%82%83%E3%83%BC%E3%81%AE%EF%BC%81" n3="%E3%81%B5%E3%81%8B%E3%81%BF" dan="18,19,16,17" rate="2203.15,2302.42,2155.86,2167.27" sx="M,F,M,F"/><TAIKYOKU oya="0"/>

<Scene>
<INIT seed="0,0,0,0,2,73" ten="250,250,250,250" oya="0" hai0="12,134,79,65,110,131,28,40,123,87,70,82,119" hai1="126,58,30,103,27,88,1,3,8,10,114,93,91" hai2="4,50,24,37,80,44,42,95,106,55,85,23,68" hai3="16,52,86,124,118,46,63,122,15,33,41,71,26"/><T112/><D112/><U94/><E103/><V48/><F106/><W113/><G113/><T92/><D123/><U104/><E104/><V36/><F68/><W39/><G118/><T21/><D119/><U53/><E114/><V105/><F105/><W7/><G122/><T75/><D134/><U133/><E133/><V99/><F4/><W101/><G124/><T60/><D131/><U34/><E126/><V66/><F66/><W45/><G101/><T128/><D128/><U32/><E58/><V6/><F6/><W18/><G7/><T31/><D110/><U11/><E53/><V111/><F111/><W100/><G100/><T97/><D40/><U22/><E22/><V127/><F95/><W120/><G120/><T115/><D75/><U64/><E64/><V59/><F99/><W67/><G86/><T107/><D107/><U132/><E132/><V78/><REACH who="2" step="1"/><F127/><REACH who="2" ten="250,250,240,250" step="2"/><W61/><G67/><T47/><D115/><U117/><E117/><V89/><F89/><W69/><G71/><T35/><D92/><U14/><E91/><V96/><F96/><W49/><G69/><T20/><D97/><U81/><E93/><V17/><AGARI ba="0,1" hai="17,23,24,36,37,42,44,48,50,55,59,78,80,85" machi="17" ten="20,5200,0" yaku="1,1,0,1,7,1,52,1,53,0" doraHai="73" doraHaiUra="57" who="2" fromWho="2" sc="250,-26,250,-13,240,62,250,-13" />
</Scene>
<Scene>
<INIT seed="1,0,0,1,2,46" ten="224,237,302,237" oya="1" hai0="101,2,56,41,78,59,53,96,91,84,28,115,135" hai1="49,8,82,75,97,4,98,81,93,123,29,109,100" hai2="65,92,112,70,24,1,105,118,33,9,54,73,125" hai3="88,60,19,52,50,23,51,27,68,110,79,32,113"/><U116/><E116/><V119/><F92/><W35/><G113/><T22/><D115/><U104/><E123/><V39/><F54/><W30/><G110/><T86/><D135/><U129/><E129/><V127/><F39/><W13/><G79/><T37/><D2/><U66/><E109/><V94/><F94/><W58/><G35/><T47/><D78/><U43/><E75/><V90/><F90/><W121/><G121/><T74/><D74/><U63/><E29/><N who="2" m="19623" /><F105/><W80/><REACH who="3" step="1"/><G68/><REACH who="3" ten="224,237,302,227" step="2"/><T102/><D102/><U132/><E132/><V77/><F77/><W85/><AGARI ba="0,1" hai="13,19,23,27,30,32,50,51,52,58,60,80,85,88" machi="85" ten="30,12000,2" yaku="1,1,2,1,0,1,52,2,54,2,53,0" doraHai="46" doraHaiUra="40" who="3" fromWho="3" sc="224,-30,237,-60,302,-30,227,130" />
</Scene>
<Scene>
<INIT seed="2,0,0,1,0,110" ten="194,177,272,357" oya="2" hai0="118,98,107,78,14,57,121,71,87,122,17,40,69" hai1="82,46,9,99,100,27,52,8,70,3,7,105,81" hai2="12,131,88,0,5,106,73,128,123,56,93,32,38" hai3="135,111,90,45,13,84,129,16,108,116,86,74,36"/><V65/><F106/><W112/><G74/><T130/><D130/><N who="2" m="49706" /><F38/><W113/><G129/><T60/><D118/><U25/><E70/><V53/><F73/><W44/><G116/><T15/><D40/><U51/><REACH who="1" step="1"/><E9/><REACH who="1" ten="194,167,272,357" step="2"/><N who="2" m="4143" /><F123/><W37/><G111/><T31/><D69/><U10/><E10/><V22/><F32/><W115/><G108/><T104/><D71/><U97/><E97/><V114/><F22/><N who="3" m="11535" /><G135/><T6/><D98/><U18/><E18/><V28/><F28/><W67/><G67/><T64/><D17/><U4/><E4/><V124/><F65/><W34/><G34/><T20/><D6/><U11/><E11/><V49/><F0/><W19/><G19/><T23/><D31/><U75/><E75/><V41/><F124/><W42/><G90/><T109/><D109/><U24/><AGARI ba="0,1" hai="3,7,8,24,25,27,46,51,52,81,82,99,100,105" machi="24" ten="30,4000,0" yaku="1,1,0,1,54,1,53,0" doraHai="110" doraHaiUra="59" who="1" fromWho="1" sc="194,-10,167,50,272,-20,357,-10" />
</Scene>
<Scene>
<INIT seed="3,0,0,0,5,85" ten="184,217,252,347" oya="3" hai0="104,50,42,75,64,108,61,83,106,0,58,132,3" hai1="38,86,92,57,111,110,43,96,80,107,103,84,124" hai2="76,39,97,88,114,133,29,60,14,27,49,21,13" hai3="5,119,8,73,69,74,100,34,94,115,112,56,127"/><W7/><G69/><T78/><D108/><N who="1" m="41515" /><E57/><V91/><F39/><W120/><G34/><T2/><REACH who="0" step="1"/><D132/><REACH who="0" ten="174,217,252,347" step="2"/><U101/><E124/><V25/><F133/><W123/><G127/><T31/><D31/><U117/><E117/><V6/><F114/><W11/><G119/><T36/><D36/><U15/><E38/><V33/><F76/><W113/><G113/><T26/><D26/><U66/><E43/><V102/><F27/><W126/><G126/><T82/><D82/><U10/><E80/><V18/><F60/><W99/><G115/><T89/><D89/><U77/><E77/><V54/><F13/><W62/><G112/><T79/><D79/><U105/><E15/><V134/><F134/><W53/><G120/><T1/><N who="0" m="0" /><DORA hai="48" /><T16/><D16/><U9/><E101/><V65/><F6/><W41/><G123/><T4/><D4/><U40/><E103/><V130/><F14/><W70/><G5/><T59/><D59/><U24/><E24/><V93/><F18/><W30/><G30/><T63/><D63/><U19/><E19/><V20/><F102/><W121/><G7/><T98/><D98/><U95/><E96/><V52/><F97/><W90/><G121/><T135/><D135/><U23/><E40/><V71/><F29/><W37/><G41/><T46/><AGARI ba="0,1" hai="42,46,50,58,61,64,75,78,83,104,106" m="0" machi="46" ten="60,7900,0" yaku="1,1,0,1,53,1" doraHai="85,48" doraHaiUra="55,28" who="0" fromWho="0" sc="174,89,217,-20,252,-20,347,-39" />
</Scene>
<Scene>
<INIT seed="4,0,0,4,4,89" ten="263,197,232,308" oya="0" hai0="118,30,65,46,45,129,122,32,27,49,106,22,3" hai1="85,26,75,31,72,131,2,95,98,43,128,83,48" hai2="57,115,67,74,24,13,38,4,44,78,11,120,71" hai3="51,99,28,39,96,62,123,73,60,58,111,97,5"/><T90/><D122/><U127/><E2/><V61/><F120/><W0/><G39/><T41/><D118/><U18/><E18/><V56/><F115/><W110/><G123/><T100/><D129/><N who="1" m="49739" /><E43/><V6/><F6/><W125/><G73/><T70/><D3/><U59/><E48/><V119/><F119/><W53/><G125/><T126/><D126/><U1/><E59/><V50/><F38/><W37/><G37/><T132/><D132/><U54/><E54/><V105/><F105/><W15/><G0/><T103/><D106/><U109/><E1/><V76/><F24/><W63/><G28/><T101/><D70/><U12/><E12/><V134/><F134/><W84/><G84/><T107/><D107/><U7/><E7/><V42/><F74/><W79/><G79/><T69/><D69/><U92/><E127/><V81/><F81/><W102/><G102/><T16/><D65/><U14/><E14/><V66/><F71/><W9/><AGARI ba="0,0" hai="5,9,15,51,53,58,60,62,63,96,97,99,110,111" machi="9" ten="40,1500,0" yaku="0,1" doraHai="89" who="3" fromWho="3" sc="263,-7,197,-4,232,-4,308,15" />
</Scene>
<Scene>
<INIT seed="5,0,0,5,5,11" ten="256,193,228,323" oya="1" hai0="98,111,6,58,29,51,74,85,92,129,26,3,13" hai1="135,36,56,132,118,133,39,18,97,8,76,77,14" hai2="93,90,49,27,48,59,87,62,105,72,60,120,35" hai3="21,33,46,12,126,131,104,53,80,7,10,44,134"/><U15/><E118/><V5/><F72/><W119/><G104/><T95/><D74/><U89/><E56/><V122/><F105/><W109/><G109/><T71/><D71/><U78/><E97/><V34/><F5/><W68/><G68/><T1/><D111/><U30/><E89/><V28/><F35/><W9/><G33/><T130/><D85/><U55/><E55/><V16/><F60/><W103/><G103/><T79/><D79/><U31/><REACH who="1" step="1"/><E15/><REACH who="1" ten="256,183,228,323" step="2"/><V94/><F59/><W50/><G119/><T57/><D98/><U115/><E115/><V107/><F90/><W64/><G53/><T67/><D13/><U4/><E4/><V106/><F120/><W100/><G7/><T38/><D6/><U124/><E124/><V42/><F122/><W102/><G126/><T61/><D57/><U32/><E32/><V101/><F34/><W117/><G12/><T65/><D58/><U52/><E52/><V110/><F110/><W73/><G117/><T88/><D88/><U0/><E0/><V63/><F101/><W70/><G102/><T41/><D1/><U116/><E116/><V43/><F43/><W45/><G100/><T25/><D3/><U81/><E81/><V24/><F42/><W82/><G80/><T66/><D41/><U20/><E20/><V86/><F106/><W19/><G21/><T17/><D92/><U114/><E114/><V125/><F107/><W96/><G82/><T121/><D95/><U84/><E84/><V54/><F125/><W127/><G127/><T23/><D23/><U22/><E22/><V108/><F54/><RYUUKYOKU ba="0,1" sc="256,-10,183,30,228,-10,323,-10" hai1="8,14,18,30,31,36,39,76,77,78,132,133,135" />
</Scene>
<Scene>
<INIT seed="5,1,1,5,1,68" ten="246,213,218,313" oya="1" hai0="105,84,51,43,28,34,52,32,71,82,50,13,19" hai1="108,38,119,121,96,111,67,20,49,40,101,4,113" hai2="87,131,54,6,128,134,59,69,99,25,61,36,74" hai3="39,124,98,76,44,64,26,73,114,94,27,29,100"/><U60/><E119/><V132/><F74/><W122/><G122/><T11/><D105/><U125/><E121/><V90/><F6/><W83/><G114/><T81/><D71/><U42/><E113/><V89/><F36/><W127/><G64/><T130/><D130/><N who="2" m="49706" /><F69/><W57/><G57/><T93/><D28/><U126/><E4/><V7/><F7/><W107/><G94/><T12/><D93/><N who="1" m="58511" /><E49/><V116/><F116/><W133/><G133/><N who="2" m="51305" /><F99/><W8/><G8/><T53/><D43/><N who="1" m="16427" /><E20/><V9/><F9/><W35/><G27/><T24/><D24/><U15/><E15/><V75/><F75/><W10/><G10/><T135/><D135/><U91/><E38/><V30/><F87/><W37/><G44/><T77/><D12/><U22/><E22/><AGARI ba="1,1" hai="22,25,30,54,59,61,89,90" m="51305,49706" machi="22" ten="30,2000,0" yaku="19,1,20,1" doraHai="68" who="2" fromWho="1" sc="246,0,213,-23,218,33,313,0" />
</Scene>
<Scene>
<INIT seed="6,0,0,2,5,8" ten="246,190,251,313" oya="2" hai0="56,85,21,125,110,32,93,47,26,3,133,50,114" hai1="63,24,116,74,127,38,28,92,134,31,70,52,100" hai2="59,73,45,77,46,123,6,49,99,51,43,111,30" hai3="53,105,39,91,7,120,97,33,80,25,89,87,104"/><V76/><F123/><W69/><G120/><T95/><D110/><U1/><E116/><V10/><F111/><W135/><G39/><T112/><D3/><U12/><E1/><V68/><F68/><W107/><G69/><T66/><D125/><U64/><E74/><V14/><F73/><W124/><G124/><T90/><D32/><U130/><E127/><V44/><F30/><W18/><G7/><T121/><D133/><U37/><E134/><V61/><F99/><W102/><G135/><T41/><D121/><U126/><E126/><V86/><F86/><W4/><G4/><T81/><D112/><U42/><E130/><V60/><F60/><W27/><G91/><T75/><D75/><U58/><E28/><V79/><REACH who="2" step="1"/><F43/><REACH who="2" ten="246,190,241,313" step="2"/><W19/><G97/><T2/><D114/><U62/><E42/><V101/><F101/><W98/><G98/><T128/><D128/><U108/><E108/><V13/><F13/><W132/><G102/><T40/><D40/><U72/><E72/><V106/><F106/><W22/><G132/><T36/><D2/><U29/><E29/><V117/><F117/><W67/><G105/><T17/><D36/><N who="1" m="13931" /><E12/><V94/><F94/><W82/><G107/><T11/><D93/><U48/><E63/><V9/><F9/><W113/><G104/><T5/><D95/><U118/><E118/><V0/><F0/><W15/><G113/><T88/><D11/><U54/><E92/><V109/><F109/><W16/><G15/><T119/><D119/><U115/><E115/><V71/><F71/><W122/><G122/><T103/><D41/><RYUUKYOKU ba="0,1" sc="246,-10,190,-10,241,30,313,-10" hai2="6,10,14,44,45,46,49,51,59,61,76,77,79" />
</Scene>
<Scene>
<INIT seed="6,1,1,1,0,75" ten="236,180,271,303" oya="2" hai0="65,45,67,55,56,115,133,98,104,25,49,84,62" hai1="12,90,36,95,123,100,107,64,113,131,83,105,11" hai2="54,13,109,40,63,91,108,102,6,116,89,7,47" hai3="71,128,87,114,125,106,135,82,132,23,58,48,59"/><V134/><F102/><W19/><G106/><T44/><D115/><U32/><E32/><V37/><F116/><W124/><G71/><T111/><D111/><N who="2" m="42570" /><F134/><N who="3" m="51243" /><G114/><T86/><D133/><U119/><E36/><V99/><F99/><W68/><G68/><T5/><D5/><N who="2" m="1546" /><F13/><N who="3" m="9711" /><G48/><T94/><D104/><U117/><E113/><V51/><F63/><W21/><G21/><T79/><D25/><U93/><E119/><V1/><F1/><W34/><G34/><T15/><D15/><U28/><E117/><V26/><F26/><W57/><G128/><T66/><D44/><AGARI ba="1,1" hai="37,40,44,47,51,54,89,91" m="1546,42570" machi="44" ten="30,1500,0" yaku="10,1" doraHai="75" who="2" fromWho="0" sc="236,-18,180,0,271,28,303,0" />
</Scene>
<Scene>
<INIT seed="6,2,0,1,5,57" ten="218,180,299,303" oya="2" hai0="49,67,43,82,80,91,23,42,93,8,25,97,18" hai1="68,114,2,110,55,29,113,125,65,87,73,46,95" hai2="92,51,81,130,44,38,98,28,17,121,123,47,56" hai3="69,127,128,0,27,5,39,9,71,31,85,86,133"/><V3/><F3/><W131/><G39/><T72/><D72/><U108/><E73/><V105/><F105/><W33/><G127/><T14/><D67/><U120/><E2/><V112/><F28/><W129/><REACH who="3" step="1"/><G133/><REACH who="3" ten="218,180,299,293" step="2"/><T101/><D101/><U119/><E125/><V40/><F38/><W13/><G13/><T77/><D77/><U75/><E110/><V11/><F121/><W22/><G22/><T109/><D109/><U34/><E108/><V64/><F123/><W78/><G78/><T36/><D36/><U6/><E120/><V74/><F11/><W32/><G32/><T4/><D42/><U24/><E119/><V117/><F40/><W107/><G107/><T15/><D15/><U124/><E124/><V58/><F117/><W76/><G76/><T48/><D43/><U53/><E114/><V61/><F130/><W16/><G16/><T52/><REACH who="0" step="1"/><D48/><REACH who="0" ten="208,180,299,293" step="2"/><U54/><E113/><V21/><F51/><W79/><G79/><T7/><D7/><U118/><E118/><V102/><F112/><W66/><G66/><T70/><D70/><AGARI ba="2,2" hai="0,5,9,27,31,33,69,70,71,85,86,128,129,131" machi="70" ten="50,3200,0" yaku="1,1,19,1,53,0" doraHai="57" doraHaiUra="132" who="3" fromWho="0" sc="208,-38,180,0,299,0,293,58" />
</Scene>
<Scene>
<INIT seed="7,0,0,0,2,35" ten="170,180,299,351" oya="3" hai0="82,16,129,124,52,65,8,1,95,118,134,61,110" hai1="49,48,21,83,109,125,115,11,30,123,13,81,42" hai2="96,32,133,98,60,97,63,31,91,112,5,6,22" hai3="2,73,34,36,80,43,107,46,14,89,72,86,58"/><W84/><G2/><T18/><D110/><U4/><E109/><V0/><F32/><W26/><G107/><T117/><D117/><U111/><E111/><V3/><F112/><W25/><G14/><T57/><D118/><U7/><E123/><V116/><F116/><W103/><G103/><T90/><D129/><U39/><E39/><V45/><F45/><W99/><G99/><T88/><D134/><U79/><E115/><V41/><F41/><W47/><G47/><T104/><D104/><U93/><E125/><V23/><F91/><W71/><G71/><T10/><D124/><U94/><E7/><N who="2" m="2571" /><F31/><W106/><G106/><T64/><D1/><N who="2" m="586" /><F133/><W44/><G44/><T131/><D131/><U113/><E113/><V67/><F67/><N who="0" m="25674" /><D82/><N who="1" m="31243" /><E42/><V92/><F92/><N who="1" m="35433" /><E79/><V27/><F27/><AGARI ba="0,0" hai="4,11,13,21,27,30,48,49" m="35433,31243" machi="27" ten="30,1000,0" yaku="8,1" doraHai="35" who="1" fromWho="2" sc="170,0,180,10,299,-10,351,0" owari="170,-33.0,190,-21.0,289,9.0,351,45.0" />
</Scene>
</mjloggm>