<mjloggm ver="2.3"><GO type="169" lobby="0"/><UN n0="%E5%A4%AA%E3%81%8F%E3%81%AA%E3%81%84%E3%81%8A" n1="%73%6C%30%31" n2="%67%61%72%75%63%69%61" n3="%E6%81%8B%E6%96%87" dan="18,16,17,16" rate="2205.60,2078.12,2237.89,2211.04" sx="F,M,M,M"/><TAIKYOKU oya="0"/>

<Scene>
<INIT seed="0,0,0,4,3,107" ten="250,250,250,250" oya="0" hai0="23,54,22,32,67,44,75,97,46,4,134,11,59" hai1="135,36,100,132,81,129,115,70,57,124,126,87,64" hai2="0,25,69,5,39,49,33,30,45,16,109,55,130" hai3="3,117,95,94,113,13,116,99,93,133,52,90,98"/><T85/><D32/><U79/><E36/><V40/><F109/><W89/><G3/><T83/><D134/><N who="1" m="51243" /><E100/><V61/><F130/><W9/><G133/><T77/><D97/><U37/><E37/><V47/><F0/><W2/><G2/><T74/><D67/><U7/><E70/><V60/><F5/><W76/><G95/><T26/><D46/><U92/><E7/><V66/><REACH who="2" step="1"/><F60/><REACH who="2" ten="250,250,240,250" step="2"/><W28/><G113/><T128/><D128/><U114/><E129/><V103/><F103/><W50/><G117/><T73/><D44/><U1/><E1/><V86/><F86/><W53/><G116/><T27/><D4/><U65/><E65/><V104/><F104/><W56/><G98/><T34/><D11/><U112/><E64/><V48/><F48/><W111/><G111/><T82/><D82/><N who="1" m="47583" /><E57/><V29/><F29/><W8/><G28/><T71/><D71/><U91/><E81/><V110/><F110/><W123/><G56/><T24/><REACH who="0" step="1"/><D34/><REACH who="0" ten="240,250,240,250" step="2"/><U58/><E58/><V108/><F108/><W12/><G99/><AGARI ba="0,2" hai="91,92,99,112,114,115,124,126" m="47583,51243" machi="99" ten="40,8000,1" yaku="11,1,20,1,34,2" doraHai="107" who="1" fromWho="3" sc="240,0,250,100,240,0,250,-80" />
</Scene>
<Scene>
<INIT seed="1,0,0,3,3,78" ten="240,350,240,170" oya="1" hai0="54,82,66,83,105,103,98,47,62,121,29,68,49" hai1="14,36,41,35,107,114,61,63,48,8,57,12,86" hai2="76,72,53,37,22,84,116,16,60,23,126,88,1" hai3="32,28,25,122,118,50,123,95,131,58,110,75,26"/><U43/><E35/><V120/><F116/><W113/><G75/><T24/><REACH who="0" step="1"/><D121/><REACH who="0" ten="230,350,240,170" step="2"/><U99/><E114/><V70/><F120/><N who="3" m="46123" /><G113/><T133/><D133/><U46/><E107/><V129/><F126/><W101/><G118/><T79/><D79/><U94/><E36/><V20/><F37/><W4/><G131/><T38/><D38/><U27/><E43/><V31/><F129/><W134/><G134/><T10/><D10/><U17/><E27/><V109/><F109/><W7/><G26/><T34/><AGARI ba="0,1" hai="24,29,34,47,49,54,62,66,68,82,83,98,103,105" machi="34" ten="20,16000,3" yaku="21,2,0,1,7,1,25,2,52,2,53,0" doraHai="78" doraHaiUra="80" who="0" fromWho="0" sc="230,170,350,-80,240,-40,170,-40" />
</Scene>
<Scene>
<INIT seed="2,0,0,2,5,27" ten="400,270,200,130" oya="2" hai0="39,1,28,108,32,116,40,3,41,16,102,107,5" hai1="105,111,100,12,46,133,115,112,135,114,11,124,9" hai2="127,93,17,34,81,47,63,76,79,71,50,60,121" hai3="38,101,94,120,31,14,130,95,92,106,25,131,59"/><V19/><F121/><W78/><G38/><T43/><D39/><U75/><E75/><V123/><F123/><W86/><G120/><T13/><D108/><U68/><E68/><V85/><F34/><W45/><G14/><T99/><D116/><U74/><E74/><V113/><F113/><W73/><G59/><T4/><D32/><U20/><E105/><V109/><F109/><W70/><G45/><T51/><D28/><U82/><E100/><V83/><F127/><W126/><G70/><T87/><D51/><U90/><E111/><V22/><F93/><N who="3" m="35947" /><G126/><T88/><D1/><U117/><E46/><V64/><F60/><W49/><G49/><T84/><D3/><U77/><E77/><V42/><REACH who="2" step="1"/><F22/><REACH who="2" ten="400,270,190,130" step="2"/><W21/><G95/><T98/><D102/><U110/><E110/><V2/><F2/><W53/><G101/><T36/><D107/><U44/><E124/><V7/><F7/><W52/><G106/><T23/><D4/><U54/><E115/><V48/><F48/><W0/><G0/><T6/><D36/><U24/><E114/><V104/><F104/><W58/><G73/><AGARI ba="0,1" hai="17,19,42,47,50,63,64,71,73,76,79,81,83,85" machi="73" ten="30,2900,0" yaku="1,1,7,1,53,0" doraHai="27" doraHaiUra="69" who="2" fromWho="3" sc="400,0,270,0,190,39,130,-29" />
</Scene>
<Scene>
<INIT seed="2,1,0,4,2,80" ten="400,270,229,101" oya="2" hai0="20,18,62,12,34,19,43,131,103,132,55,0,101" hai1="78,33,113,120,68,10,84,21,67,115,51,133,69" hai2="1,128,42,56,74,65,105,59,126,70,32,116,22" hai3="79,118,30,83,28,129,3,66,14,4,46,58,107"/><V92/><F105/><W72/><G107/><T61/><D0/><U123/><E33/><V91/><F32/><W31/><G118/><T134/><D34/><U100/><E100/><N who="0" m="38473" /><D43/><U53/><E133/><N who="0" m="51305" /><D131/><U124/><E124/><V96/><F74/><W90/><G90/><T36/><D36/><U49/><E67/><V82/><F1/><W57/><G129/><T86/><D55/><U5/><E21/><V114/><F114/><N who="1" m="43529" /><E78/><V71/><F116/><W112/><G112/><T26/><D86/><U111/><E111/><V50/><F128/><W25/><G14/><T11/><AGARI ba="1,0" hai="11,12,18,19,20,26,61,62" m="51305,38473" machi="11" ten="30,1100,0" yaku="20,1" doraHai="80" who="0" fromWho="0" sc="400,14,270,-4,229,-6,101,-4" />
</Scene>
<Scene>
<INIT seed="3,0,0,1,1,68" ten="414,266,223,97" oya="3" hai0="23,98,26,130,70,46,77,110,108,90,21,120,119" hai1="107,7,2,10,16,67,4,66,96,129,49,39,38" hai2="15,35,11,63,55,53,117,81,1,126,29,47,42" hai3="124,30,20,24,91,109,25,131,60,89,71,44,57"/><W40/><G71/><T97/><D119/><U121/><E121/><V64/><F117/><W132/><G109/><T76/><D120/><U101/><E4/><V62/><F1/><W19/><G132/><T114/><D70/><U8/><E129/><V105/><F105/><W134/><G124/><T87/><D130/><U0/><E0/><V9/><F126/><W78/><G134/><T118/><D118/><U52/><E67/><V14/><F81/><W123/><G78/><T33/><D33/><U95/><E66/><V58/><F35/><W79/><G79/><T5/><D5/><U27/><E107/><V12/><F29/><W125/><G125/><T133/><D133/><U94/><E95/><V54/><REACH who="2" step="1"/><F63/><REACH who="2" ten="414,266,213,97" step="2"/><W92/><G123/><T86/><D110/><U135/><E135/><V17/><F17/><W111/><G111/><T112/><D108/><U99/><E99/><V82/><F82/><W104/><G104/><T31/><D97/><U59/><REACH who="1" step="1"/><E27/><REACH who="1" ten="414,256,213,97" step="2"/><V102/><F102/><W93/><G131/><T41/><D98/><U65/><E65/><V128/><F128/><W122/><G122/><T43/><D26/><U83/><E83/><V127/><F127/><W85/><G25/><T106/><D106/><U69/><E69/><V116/><F116/><W48/><G30/><T45/><D31/><U103/><E103/><V100/><F100/><W115/><G93/><T18/><D18/><U56/><E56/><V50/><AGARI ba="0,2" hai="9,11,12,14,15,42,47,50,53,54,55,58,62,64" machi="50" ten="30,4000,0" yaku="1,1,0,1,8,1,53,0" doraHai="68" doraHaiUra="75" who="2" fromWho="2" sc="414,-10,256,-10,213,60,97,-20" />
</Scene>
<Scene>
<INIT seed="4,0,0,2,2,101" ten="404,246,273,77" oya="0" hai0="29,76,110,27,92,33,128,40,43,80,107,93,114" hai1="117,19,74,134,28,59,22,82,97,96,1,8,71" hai2="16,102,104,7,53,129,100,123,58,126,111,83,39" hai3="106,67,91,84,99,105,36,78,119,108,133,131,103"/><T55/><D114/><U61/><E117/><V38/><F123/><W72/><G36/><T0/><D0/><U77/><E71/><V56/><F7/><W23/><G108/><T3/><D3/><U52/><E134/><V68/><F68/><W116/><G67/><T14/><D110/><U32/><E32/><V34/><F34/><W25/><G133/><T44/><D128/><U20/><E20/><V41/><F111/><W89/><G131/><T30/><D30/><U46/><E28/><V69/><F69/><W66/><G66/><T124/><D124/><U130/><E130/><V132/><F41/><W54/><G54/><T50/><D107/><N who="3" m="40969" /><G25/><T9/><D55/><U4/><E46/><V121/><F53/><W122/><G23/><T45/><D45/><U11/><REACH who="1" step="1"/><E11/><REACH who="1" ten="404,236,273,77" step="2"/><V88/><F132/><W31/><G31/><T79/><D29/><U57/><E57/><V75/><F56/><W125/><G122/><T70/><D70/><U26/><AGARI ba="0,1" hai="1,4,8,19,22,26,52,59,61,74,77,82,96,97" machi="26" ten="20,5200,0" yaku="1,1,0,1,7,1,54,1,53,0" doraHai="101" doraHaiUra="24" who="1" fromWho="1" sc="404,-26,236,62,273,-13,77,-13" />
</Scene>
<Scene>
<INIT seed="5,0,0,3,4,50" ten="378,298,260,64" oya="1" hai0="135,10,38,97,125,107,6,128,84,17,71,56,80" hai1="68,96,74,53,52,8,12,31,126,44,90,77,66" hai2="16,79,39,72,78,73,45,42,67,115,86,121,37" hai3="22,104,26,69,55,131,13,49,114,18,9,88,20"/><U58/><E68/><V92/><F121/><W2/><G69/><T109/><D71/><U113/><E74/><V48/><F115/><W83/><G131/><T47/><D109/><U103/><E77/><V129/><F129/><W36/><G36/><T4/><D128/><U60/><E113/><V100/><F39/><W32/><G114/><T5/><D125/><U106/><E126/><V98/><F78/><W127/><G127/><T95/><D107/><U116/><E116/><V110/><F110/><W99/><G104/><T122/><D122/><U59/><E31/><V89/><F67/><W82/><G2/><T130/><D130/><U30/><E30/><V7/><F7/><W108/><G108/><T85/><D135/><U81/><E44/><V15/><F37/><W124/><G124/><T133/><D133/><U28/><E28/><V65/><F65/><W23/><G32/><T93/><D38/><U119/><E119/><V27/><F79/><W61/><G61/><T43/><D43/><U70/><E70/><V123/><F27/><W29/><G83/><T105/><D47/><U14/><E66/><V117/><F117/><W132/><G132/><T120/><D120/><U94/><E8/><N who="2" m="6247" /><F123/><W21/><G21/><T40/><D105/><U41/><E41/><V101/><F101/><W35/><G35/><T3/><D40/><U34/><E34/><V76/><F76/><W62/><G62/><T102/><D10/><U75/><E75/><V11/><F11/><W19/><G29/><T51/><D3/><U118/><E118/><V33/><F33/><W64/><G9/><RYUUKYOKU ba="0,0" sc="378,-10,298,-10,260,30,64,-10" hai2="42,45,48,72,73,86,89,92,98,100" />
</Scene>
<Scene>
<INIT seed="6,1,0,3,4,110" ten="368,288,290,54" oya="2" hai0="9,36,89,88,82,101,8,19,74,11,96,135,20" hai1="103,59,72,133,65,26,42,122,111,61,67,128,76" hai2="50,93,37,40,2,6,33,130,39,73,57,81,34" hai3="25,14,98,90,127,117,97,13,48,23,21,18,22"/><V102/><F130/><W125/><G48/><T91/><D36/><U75/><E111/><V32/><F2/><W131/><G131/><T95/><D135/><U77/><E128/><V100/><F6/><W24/><G117/><T121/><D121/><U56/><E133/><V115/><F115/><W47/><G47/><T123/><D123/><U35/><E122/><V108/><F108/><W132/><G132/><T46/><D46/><U54/><E103/><V55/><F40/><W106/><G106/><T28/><D28/><U5/><E5/><V124/><F124/><W99/><G90/><T15/><D74/><U58/><E42/><V27/><F27/><W68/><G68/><T45/><D45/><U3/><E3/><V116/><F116/><W31/><G31/><T87/><AGARI ba="1,0" hai="8,9,11,15,19,20,82,87,88,89,91,95,96,101" machi="87" ten="30,4000,0" yaku="0,1,8,1,54,1" doraHai="110" who="0" fromWho="0" sc="368,43,288,-11,290,-21,54,-11" />
</Scene>
<Scene>
<INIT seed="7,0,0,3,3,90" ten="411,277,269,43" oya="3" hai0="119,97,35,78,31,24,98,67,22,0,79,46,49" hai1="134,36,121,3,120,126,85,17,29,132,106,99,103" hai2="81,15,125,111,8,41,107,100,34,123,14,61,101" hai3="80,55,131,109,21,13,76,2,69,108,37,110,5"/><W40/><G55/><T12/><D0/><U105/><E126/><V87/><F111/><W130/><G21/><T65/><D119/><U96/><E36/><V91/><F34/><W86/><G13/><T113/><D113/><U25/><E3/><V59/><F107/><N who="1" m="40969" /><E17/><N who="2" m="8391" /><F125/><W82/><G69/><T74/><D74/><U38/><E38/><V68/><F68/><W72/><G82/><T4/><D35/><N who="1" m="20911" /><E85/><N who="2" m="50607" /><F123/><N who="1" m="47177" /><E103/><V84/><F41/><W122/><G86/><N who="2" m="32809" /><F15/><W45/><REACH who="3" step="1"/><G122/><REACH who="3" ten="411,277,269,33" step="2"/><T39/><D22/><U33/><E33/><V26/><F26/><W23/><G23/><T112/><D24/><U7/><E7/><V95/><F95/><W88/><G88/><T9/><D4/><U30/><E30/><V32/><F32/><W70/><G70/><T48/><D31/><U104/><E104/><V47/><F47/><W115/><G115/><T53/><D112/><U129/><E99/><V63/><F63/><W42/><G42/><T102/><D53/><AGARI ba="0,1" hai="53,59,61,100,101" m="32809,50607,8391" machi="53" ten="30,1000,0" yaku="8,1" doraHai="90" who="2" fromWho="0" sc="411,-10,277,0,269,20,33,0" owari="401,50.0,277,-12.0,289,9.0,33,-47.0" />
</Scene>
</mjloggm>