<mjloggm ver="2.3"><GO type="169" lobby="0"/><UN n0="%E6%99%82%E9%9B%A8%E5%BA%B5" n1="%65%69%6B%31" n2="%E5%A4%AA%E3%81%8F%E3%81%AA%E3%81%84%E3%81%8A" n3="%E5%8F%8A%E5%B7%9D%E5%86%B0%E9%BA%97" dan="16,17,18,16" rate="2083.84,2113.59,2250.20,2088.14" sx="M,M,F,F"/><TAIKYOKU oya="0"/>

<Scene>
<INIT seed="0,0,0,1,2,44" ten="250,250,250,250" oya="0" hai0="13,104,83,112,49,16,110,23,87,7,91,9,20" hai1="67,121,65,94,131,89,37,62,96,114,12,19,102" hai2="70,118,10,57,17,122,79,84,41,113,32,27,71" hai3="60,35,72,133,125,3,31,56,78,30,33,42,22"/><T130/><D104/><U6/><E121/><V117/><F122/><W105/><G105/><T81/><D112/><U26/><E37/><V54/><F113/><W86/><G72/><T2/><D130/><U123/><E123/><V124/><F41/><W14/><G133/><T28/><D110/><U69/><E114/><V68/><F124/><W25/><G125/><T53/><D28/><U11/><E131/><V45/><F45/><W134/><G3/><T101/><D101/><U34/><E67/><V58/><F32/><W80/><G134/><T135/><D135/><U5/><E34/><V43/><F43/><W128/><G128/><T74/><D74/><U108/><E108/><V18/><F27/><W15/><G42/><T119/><D119/><N who="2" m="45578" /><F10/><W73/><G73/><T21/><REACH who="0" step="1"/><D83/><REACH who="0" ten="240,250,250,250" step="2"/><U52/><E102/><V64/><F64/><N who="3" m="38919" /><G31/><T126/><D126/><U29/><E29/><V48/><F58/><AGARI ba="0,1" hai="2,7,9,13,16,20,21,23,49,53,58,81,87,91" machi="58" ten="30,11600,0" yaku="1,1,7,1,52,1,54,1,53,0" doraHai="44" doraHaiUra="36" who="0" fromWho="2" sc="240,126,250,0,250,-116,250,0" />
</Scene>
<Scene>
<INIT seed="0,1,0,4,5,95" ten="366,250,134,250" oya="0" hai0="5,31,53,46,6,52,39,60,11,106,38,54,96" hai1="105,126,114,45,112,77,72,92,51,100,74,124,111" hai2="14,43,78,24,132,123,23,82,2,3,27,33,120" hai3="99,127,34,84,66,73,70,94,15,26,65,125,22"/><T12/><D31/><U109/><E105/><V42/><F132/><W69/><G73/><N who="1" m="28266" /><E77/><V56/><F78/><W101/><G34/><T81/><D81/><U98/><E51/><V80/><F23/><W116/><G116/><T102/><D5/><U131/><E45/><V89/><F14/><W122/><G122/><T61/><REACH who="0" step="1"/><D46/><REACH who="0" ten="356,250,134,250" step="2"/><U20/><E131/><V130/><F130/><W118/><G118/><T49/><D49/><U30/><E30/><V76/><F76/><W135/><G135/><T103/><D103/><U40/><E100/><V90/><REACH who="2" step="1"/><F56/><REACH who="2" ten="356,250,124,250" step="2"/><W4/><G69/><T16/><D16/><U91/><E114/><V25/><F25/><W121/><G70/><T75/><D75/><U47/><E112/><V115/><F115/><W55/><G26/><T10/><D10/><U68/><E20/><V36/><F36/><AGARI ba="1,2" hai="6,11,12,36,38,39,52,53,54,60,61,96,102,106" machi="36" ten="40,7700,0" yaku="1,1,52,1,54,1,53,0" doraHai="95" doraHaiUra="128" who="0" fromWho="2" sc="356,100,250,0,124,-80,250,0" />
</Scene>
<Scene>
<INIT seed="0,2,0,1,1,97" ten="456,250,44,250" oya="0" hai0="110,125,76,87,33,55,36,1,28,32,132,17,111" hai1="58,0,60,126,21,6,16,9,72,2,83,94,24" hai2="18,50,117,71,79,103,22,59,69,118,134,95,54" hai3="85,10,88,25,46,31,99,128,100,101,45,105,92"/><T61/><D36/><U15/><E126/><V43/><F134/><W130/><G10/><T89/><D1/><U82/><E94/><V38/><F79/><W44/><REACH who="3" step="1"/><G100/><REACH who="3" ten="456,250,44,240" step="2"/><T131/><D125/><U120/><E120/><V30/><F118/><W74/><G74/><T52/><D132/><U41/><E72/><V3/><F117/><W124/><G124/><T122/><D122/><U47/><E0/><V86/><F3/><W12/><G12/><T20/><D111/><U108/><E108/><V11/><F11/><W127/><G127/><T23/><D110/><U62/><E2/><V66/><F103/><W7/><G7/><T27/><D131/><U5/><E5/><V40/><F38/><W53/><G53/><T109/><D52/><U98/><E15/><V106/><F54/><W115/><G115/><T84/><D109/><U119/><E6/><V116/><F116/><W102/><G102/><T13/><D55/><N who="1" m="33887" /><E9/><V121/><F121/><W93/><G93/><T65/><D13/><U75/><E75/><V67/><F95/><W19/><G19/><T96/><D17/><U113/><E113/><V90/><F18/><W57/><G57/><T4/><D4/><U49/><E119/><V64/><F59/><W63/><G63/><T29/><D61/><U133/><E133/><V91/><F67/><W77/><G77/><T14/><D65/><U80/><E62/><V56/><F66/><W68/><G68/><T114/><D76/><U34/><E16/><V48/><F64/><W35/><AGARI ba="2,1" hai="25,31,35,44,45,46,85,88,92,99,101,105,128,130" machi="35" ten="30,7900,0" yaku="1,1,0,1,52,1,54,1,53,0" doraHai="97" doraHaiUra="107" who="3" fromWho="3" sc="456,-41,250,-22,44,-22,240,95" />
</Scene>
<Scene>
<INIT seed="1,0,0,0,0,6" ten="415,228,22,335" oya="1" hai0="32,134,91,54,48,69,2,65,115,120,66,97,11" hai1="62,49,111,0,5,31,9,94,109,68,118,30,60" hai2="57,101,86,17,52,38,119,78,104,135,24,45,28" hai3="122,133,3,43,84,15,112,56,132,1,131,96,53"/><U61/><E118/><V8/><F119/><W90/><G122/><T42/><D97/><U105/><E105/><V39/><F135/><N who="3" m="51787" /><G112/><T81/><D115/><U55/><E68/><V82/><F104/><W67/><G67/><T103/><D103/><U125/><E125/><V127/><F101/><W87/><G43/><T4/><D32/><U74/><E74/><V106/><F106/><W75/><G75/><T7/><D7/><U18/><E18/><V99/><F99/><W47/><G47/><T93/><D81/><U124/><E124/><V76/><F127/><W79/><G96/><T102/><D102/><U83/><E94/><V13/><F45/><W117/><G84/><T29/><D42/><U71/><E83/><V126/><F126/><W51/><G79/><T70/><D69/><U129/><E71/><V85/><F85/><W113/><G113/><T123/><D70/><U22/><E129/><V21/><REACH who="2" step="1"/><F78/><REACH who="2" ten="415,228,12,335" step="2"/><W100/><G117/><T114/><D114/><U77/><E77/><V130/><F130/><W88/><G131/><T121/><D134/><U72/><E72/><V26/><F26/><W128/><G128/><T33/><D120/><U89/><E89/><V23/><F23/><W58/><G90/><T36/><D121/><U98/><E98/><V63/><AGARI ba="0,1" hai="8,13,17,21,24,28,38,39,52,57,63,76,82,86" machi="63" ten="20,12000,2" yaku="1,1,0,1,7,1,52,1,54,1,53,1" doraHai="6" doraHaiUra="59" who="2" fromWho="2" sc="415,-30,228,-60,12,130,335,-30" />
</Scene>
<Scene>
<INIT seed="2,0,0,5,1,82" ten="385,168,142,305" oya="2" hai0="25,97,87,102,89,98,100,112,131,26,24,78,72" hai1="118,65,13,50,27,86,84,43,110,54,59,106,68" hai2="73,17,64,56,12,134,5,127,76,113,34,104,124" hai3="95,107,91,125,123,0,39,96,62,47,57,93,15"/><V105/><F113/><W58/><G0/><T69/><D69/><U42/><E118/><V117/><F117/><W126/><G123/><T33/><D112/><U46/><E106/><V61/><F34/><W133/><G133/><T128/><D78/><U52/><E110/><V75/><F5/><W10/><G107/><N who="2" m="41033" /><F76/><W41/><G95/><N who="0" m="54719" /><D72/><U120/><E120/><V4/><F4/><W108/><G108/><T88/><D33/><U80/><E68/><V94/><F94/><W14/><G58/><T109/><D109/><U70/><E70/><V51/><F51/><W90/><G90/><T8/><D8/><U53/><E43/><V71/><F71/><W114/><G114/><T16/><D16/><U7/><E80/><V55/><F64/><W22/><G22/><T116/><D116/><U19/><E27/><V29/><F29/><W9/><G9/><T44/><D24/><U92/><E7/><V60/><F60/><W129/><G10/><T130/><D25/><U81/><E81/><V49/><F61/><W23/><G23/><T20/><D20/><N who="1" m="11375" /><E92/><V45/><F134/><W35/><G35/><T101/><D131/><U48/><E48/><N who="2" m="30823" /><F17/><W119/><G129/><T79/><D130/><U11/><E11/><V63/><F12/><N who="3" m="4651" /><G119/><T122/><D128/><U38/><E38/><V30/><F30/><W28/><G28/><T1/><D122/><U32/><E32/><V21/><F21/><W6/><G6/><T18/><D26/><U40/><E42/><N who="2" m="24759" /><F63/><AGARI ba="0,0" hai="40,46,50,52,53,54,59,63,65,84,86" m="11375" machi="63" ten="30,7700,0" yaku="8,1,52,2,54,1" doraHai="82" who="1" fromWho="2" sc="385,0,168,77,142,-77,305,0" />
</Scene>
<Scene>
<INIT seed="3,0,0,1,3,50" ten="385,245,65,305" oya="3" hai0="127,28,16,45,12,113,100,87,88,58,25,117,15" hai1="92,104,109,17,36,121,11,33,78,107,101,19,62" hai2="47,135,24,60,6,44,105,76,65,98,54,122,35" hai3="73,40,130,83,49,52,106,48,66,1,75,67,5"/><W102/><G130/><T38/><D117/><U96/><E121/><V99/><F122/><W22/><G40/><T27/><D27/><U63/><E36/><V56/><F135/><W18/><G49/><T103/><D12/><U23/><E33/><V21/><F35/><W26/><G106/><T131/><D131/><U79/><E109/><V97/><F105/><W46/><G102/><T55/><D127/><U123/><E123/><V57/><F76/><N who="1" m="29225" /><E107/><V72/><F6/><W110/><G110/><T124/><D45/><U108/><E104/><V111/><F72/><W68/><G83/><T14/><D14/><N who="1" m="7391" /><E108/><V9/><F9/><W0/><G0/><T93/><D38/><U120/><E120/><V119/><F119/><W95/><G68/><T37/><D37/><U82/><E82/><V71/><F111/><W132/><G132/><T39/><D39/><U125/><E125/><V32/><F32/><W61/><G73/><T118/><D118/><U7/><E7/><V70/><F70/><W86/><G75/><T30/><D124/><U3/><E3/><V116/><F116/><W133/><G133/><T94/><D94/><U53/><E53/><V84/><F71/><W112/><G112/><T31/><D25/><AGARI ba="0,0" hai="19,23,25,62,63,92,96,101" m="7391,29225" machi="25" ten="30,1000,0" yaku="8,1" doraHai="50" who="1" fromWho="0" sc="385,-10,245,10,65,0,305,0" />
</Scene>
<Scene>
<INIT seed="4,0,0,0,2,17" ten="375,255,65,305" oya="0" hai0="21,85,15,104,111,115,105,107,76,69,35,56,101" hai1="16,27,25,117,92,50,0,60,61,11,84,118,73" hai2="28,63,77,88,30,3,128,26,120,109,126,131,121" hai3="110,47,5,29,44,83,106,48,9,90,14,8,113"/><T46/><D69/><U42/><E73/><V114/><F77/><W41/><G106/><T133/><D35/><U40/><E84/><V36/><F36/><W130/><G113/><T122/><D122/><N who="2" m="47210" /><F63/><W98/><G130/><N who="2" m="49705" /><F88/><W55/><G110/><T12/><D46/><U71/><E60/><V13/><F109/><W37/><G29/><N who="2" m="11369" /><F114/><W54/><G83/><T22/><D56/><U67/><E61/><V52/><F52/><W129/><G90/><T96/><D115/><U68/><E71/><V91/><F91/><W64/><G55/><T80/><D111/><U31/><E68/><V132/><F3/><W86/><G64/><T97/><D101/><U100/><E0/><V6/><F132/><W79/><G54/><T18/><D133/><U89/><E89/><V38/><F38/><W95/><G37/><T103/><D103/><U78/><E78/><V62/><F62/><W119/><G79/><T94/><D94/><U125/><E92/><V66/><F66/><W45/><G95/><T74/><D74/><U7/><E67/><V81/><F81/><W123/><G129/><T108/><D108/><U134/><E100/><V93/><F93/><W135/><G123/><T51/><D51/><U59/><E50/><V2/><F126/><W72/><G48/><T10/><D97/><U112/><E125/><V82/><F82/><W58/><G98/><T99/><D96/><U87/><E134/><V20/><F2/><W32/><G135/><T70/><D99/><U33/><E112/><V65/><F65/><W4/><G72/><T19/><D70/><U24/><E87/><RYUUKYOKU ba="0,0" sc="375,30,255,-10,65,-10,305,-10" hai0="10,12,15,18,19,21,22,76,80,85,104,105,107" />
</Scene>
<Scene>
<INIT seed="4,1,0,1,4,18" ten="405,245,55,295" oya="0" hai0="124,16,75,5,30,53,59,63,67,109,66,29,32" hai1="11,62,110,46,65,86,0,27,50,133,121,61,36" hai2="37,71,125,64,58,116,21,122,23,34,42,25,35" hai3="104,87,114,120,48,20,103,91,82,99,105,13,117"/><T130/><D75/><U92/><E110/><V93/><F122/><W101/><G117/><T8/><D109/><U57/><E121/><V70/><F116/><W51/><G120/><T69/><D124/><U55/><E133/><V41/><F93/><W73/><G114/><T129/><D66/><U2/><E36/><V102/><F64/><W76/><G103/><T7/><D32/><U85/><E27/><V1/><F25/><W94/><G105/><T119/><D119/><U84/><E92/><V17/><F102/><W132/><G132/><T72/><D72/><U14/><REACH who="1" step="1"/><E62/><REACH who="1" ten="405,235,55,295" step="2"/><V4/><F37/><W128/><G128/><T47/><D130/><U106/><E106/><V135/><F135/><W118/><G118/><T12/><D129/><U56/><E56/><V45/><F58/><W127/><G127/><T123/><D123/><U26/><E26/><V98/><F125/><W96/><G96/><T77/><D69/><U113/><E113/><V89/><F98/><W49/><G49/><T111/><D111/><U83/><E83/><V95/><F95/><W74/><G74/><T19/><D59/><U44/><E44/><V54/><F45/><W68/><G68/><T33/><D47/><U28/><E28/><V3/><F70/><W6/><G51/><T115/><D30/><U97/><E97/><V78/><F71/><W79/><G48/><T134/><D29/><U90/><E90/><V60/><F89/><W31/><G31/><T126/><D134/><U107/><E107/><V80/><F60/><W40/><G91/><T39/><D126/><U10/><E10/><RYUUKYOKU ba="1,1" sc="405,-10,235,30,55,-10,295,-10" hai1="0,2,11,14,46,50,55,57,61,65,84,85,86" />
</Scene>
<Scene>
<INIT seed="5,2,1,2,3,112" ten="395,265,45,285" oya="1" hai0="41,83,45,57,22,106,9,96,27,29,128,59,66" hai1="34,78,38,70,117,113,88,111,65,98,73,10,77" hai2="104,68,123,49,60,133,24,107,129,75,62,8,90" hai3="102,118,39,35,63,20,40,97,69,4,15,52,5"/><U44/><E34/><V36/><F24/><W55/><G35/><T58/><D128/><U127/><E117/><V100/><F8/><W72/><G72/><T19/><D83/><U94/><E113/><V122/><F49/><W110/><G110/><T76/><D76/><U101/><E111/><V71/><F100/><W64/><G118/><T84/><D84/><U2/><E127/><V115/><F115/><W119/><G119/><T109/><D109/><U121/><E121/><V86/><F86/><W132/><G132/><T33/><D9/><U0/><E70/><V81/><F81/><W14/><G39/><T130/><D130/><U99/><E65/><V3/><F36/><W124/><G40/><T108/><D108/><U42/><E73/><V56/><F75/><W25/><G124/><T51/><D96/><U131/><E131/><V93/><F129/><W105/><G15/><T126/><D106/><U54/><E54/><V82/><F82/><W95/><G105/><T12/><REACH who="0" step="1"/><D126/><REACH who="0" ten="385,265,45,285" step="2"/><U135/><E10/><V87/><F87/><W120/><G120/><T37/><D37/><U114/><E114/><V31/><F93/><W47/><G95/><T1/><D1/><U46/><E0/><V18/><F3/><W7/><G97/><T61/><AGARI ba="2,2" hai="12,19,22,27,29,33,41,45,51,57,58,59,61,66" machi="61" ten="30,4000,0" yaku="1,1,0,1,53,1" doraHai="112" doraHaiUra="17" who="0" fromWho="0" sc="385,66,265,-22,45,-12,285,-12" />
</Scene>
<Scene>
<INIT seed="6,0,0,4,2,40" ten="451,243,33,273" oya="2" hai0="20,4,52,60,88,9,43,96,93,62,108,119,10" hai1="82,79,39,98,72,91,65,80,6,0,61,127,19" hai2="107,117,24,135,51,58,133,5,28,109,7,44,120" hai3="92,47,83,54,17,97,132,36,12,3,22,57,64"/><V56/><F107/><W34/><G34/><T13/><D119/><U2/><E39/><V55/><F117/><W35/><G35/><T8/><D43/><U112/><E112/><V105/><F105/><W77/><G132/><N who="2" m="50761" /><F120/><W63/><G3/><T81/><D108/><U78/><E127/><V115/><F115/><W129/><G36/><T15/><D81/><U33/><E33/><N who="2" m="20615" /><F109/><W99/><G129/><T25/><D4/><AGARI ba="0,0" hai="4,5,7,44,51,55,56,58" m="20615,50761" machi="4" ten="30,2900,0" yaku="20,1,52,1" doraHai="40" who="2" fromWho="0" sc="451,-29,243,0,33,29,273,0" />
</Scene>
<Scene>
<INIT seed="6,1,0,5,4,65" ten="422,243,62,273" oya="2" hai0="58,4,15,127,108,55,40,78,24,70,131,88,96" hai1="106,28,14,80,64,107,3,119,27,83,110,113,66" hai2="97,104,135,91,5,0,56,74,133,124,54,92,81" hai3="73,53,33,132,120,101,77,102,43,100,121,22,123"/><V69/><F124/><W87/><G33/><T90/><D108/><U103/><E110/><V59/><F104/><W99/><G43/><T130/><D78/><U20/><E3/><V95/><F69/><W86/><G22/><T128/><D40/><U122/><E119/><V16/><F5/><W1/><G1/><T126/><D70/><U41/><E113/><V32/><F32/><W42/><G42/><T89/><D24/><U48/><E122/><V49/><F0/><W26/><G26/><T17/><D96/><U134/><E134/><N who="2" m="51211" /><F16/><W109/><G53/><T117/><D4/><U79/><E14/><V93/><F59/><W111/><G132/><T76/><D76/><AGARI ba="1,0" hai="49,54,56,74,76,81,91,92,93,95,97" m="51211" machi="76" ten="30,1500,0" yaku="20,1" doraHai="65" who="2" fromWho="0" sc="422,-18,243,0,62,18,273,0" />
</Scene>
<Scene>
<INIT seed="6,2,0,5,4,133" ten="404,243,80,273" oya="2" hai0="69,24,8,129,101,105,43,111,96,106,39,50,31" hai1="127,47,44,108,109,36,40,33,14,34,132,134,116" hai2="60,41,121,85,17,107,9,125,63,98,89,95,75" hai3="128,26,70,37,112,10,81,88,7,23,64,77,71"/><V103/><F121/><W91/><G37/><T126/><D111/><N who="1" m="42571" /><E116/><V130/><F130/><W83/><G128/><T49/><D50/><U11/><E47/><V82/><F41/><W20/><G112/><T25/><D25/><U32/><E127/><V58/><F125/><W59/><G59/><T4/><D126/><U67/><E67/><V118/><F118/><W104/><G104/><T51/><D49/><U84/><E84/><V21/><F9/><W18/><G23/><T94/><D51/><U15/><E11/><V114/><F114/><W16/><G18/><T6/><D6/><U38/><E38/><V124/><F124/><W123/><G123/><T100/><D69/><U73/><E73/><V102/><F102/><W12/><G70/><T120/><D100/><U1/><E1/><V80/><F75/><W76/><G64/><T53/><D120/><U87/><E87/><V55/><REACH who="2" step="1"/><F63/><REACH who="2" ten="404,243,70,273" step="2"/><W2/><G2/><N who="0" m="23" /><D43/><U35/><E40/><V45/><F45/><W62/><G62/><T29/><D101/><U86/><E44/><V135/><F135/><W93/><G10/><T115/><D129/><U0/><E0/><V57/><F57/><W99/><G71/><T22/><D115/><U68/><E68/><V90/><F90/><W65/><G91/><T61/><D61/><U30/><E134/><V52/><F52/><W74/><G74/><T46/><D53/><U48/><E132/><V78/><F78/><N who="3" m="30315" /><G65/><T66/><D66/><U119/><E119/><V110/><F110/><W3/><G3/><T56/><D46/><U122/><N who="1" m="8192" /><DORA hai="131" /><U28/><E122/><RYUUKYOKU ba="2,1" sc="404,-15,243,-15,70,15,273,15" hai2="17,21,55,58,60,80,82,85,89,95,98,103,107" hai3="7,12,16,20,26,81,83,88,93,99" />
</Scene>
<Scene>
<INIT seed="6,3,1,0,5,72" ten="389,228,85,288" oya="2" hai0="56,5,115,90,44,67,104,131,55,108,20,100,34" hai1="73,12,88,62,75,1,33,32,91,64,15,7,10" hai2="126,102,51,58,109,46,85,103,116,76,27,43,119" hai3="9,89,4,79,61,105,65,47,26,94,17,117,23"/><V66/><F126/><W28/><G105/><T128/><D108/><U124/><E75/><V13/><F109/><W84/><G117/><T6/><D34/><U70/><E73/><V92/><F119/><W41/><G28/><T19/><D90/><U24/><E124/><V101/><F116/><W81/><G61/><T3/><D3/><U112/><E112/><V38/><F27/><W59/><G59/><T130/><D44/><U123/><E123/><V57/><F38/><W125/><G125/><T97/><D67/><U40/><E40/><V110/><F110/><W2/><G65/><T78/><D78/><U11/><E1/><V98/><F13/><W71/><G71/><T53/><D115/><U22/><E33/><V54/><F66/><W39/><G94/><T30/><D30/><U60/><E60/><N who="2" m="35895" /><F58/><W87/><REACH who="3" step="1"/><G89/><REACH who="3" ten="389,228,85,278" step="2"/><T83/><D56/><U111/><E111/><V31/><F31/><W52/><G52/><N who="0" m="20043" /><D83/><AGARI ba="3,2" hai="43,46,51,76,83,85,92,98,101,102,103" m="35895" machi="83" ten="30,2900,0" yaku="8,1,52,1" doraHai="72" who="2" fromWho="0" sc="389,-38,228,0,85,58,278,0" />
</Scene>
<Scene>
<INIT seed="6,4,0,5,0,13" ten="351,228,143,278" oya="2" hai0="65,129,134,133,4,31,41,67,42,119,30,57,27" hai1="28,45,135,19,38,32,123,108,78,39,127,18,77" hai2="104,111,103,11,125,112,121,97,36,1,51,24,130" hai3="35,99,110,85,100,93,15,33,22,75,43,102,21"/><V68/><RYUUKYOKU type="yao9" ba="4,0" sc="351,0,228,0,143,0,278,0" hai2="1,11,24,36,51,68,97,103,104,111,112,121,125,130" />
</Scene>
<Scene>
<INIT seed="6,5,0,1,3,54" ten="351,228,143,278" oya="2" hai0="132,96,56,62,73,87,97,90,130,34,89,36,48" hai1="88,18,98,120,84,20,127,57,116,119,6,69,47" hai2="93,70,112,31,1,37,41,110,135,126,39,32,23" hai3="80,63,77,94,30,118,58,9,74,65,125,49,121"/><V44/><F1/><W103/><G121/><T35/><D36/><U128/><E69/><V92/><F70/><W5/><G118/><T13/><D73/><U104/><E120/><V52/><F32/><W11/><G125/><T61/><D48/><U28/><E127/><V78/><F126/><W59/><G30/><T4/><D130/><U67/><E128/><V79/><F39/><W55/><REACH who="3" step="1"/><G5/><REACH who="3" ten="351,228,143,268" step="2"/><T101/><D4/><U8/><E28/><V122/><F122/><W107/><G107/><T33/><D132/><U72/><E104/><V95/><F135/><W29/><G29/><T82/><D34/><U51/><E6/><V117/><F117/><W133/><G133/><T25/><D35/><U24/><E119/><V46/><F110/><W105/><G105/><T16/><D33/><U42/><E116/><V38/><F112/><W83/><G83/><T108/><D82/><U53/><E8/><V102/><F102/><W22/><G22/><T111/><D101/><U50/><E18/><V66/><F66/><W45/><G45/><T100/><D100/><U76/><E20/><V109/><F109/><W131/><G131/><T99/><D111/><U68/><E47/><V43/><REACH who="2" step="1"/><F52/><REACH who="2" ten="351,228,133,268" step="2"/><W129/><G129/><T27/><D108/><U113/><E53/><V115/><F115/><W123/><G123/><T3/><D3/><U85/><E67/><V71/><F71/><W124/><G124/><T64/><D64/><U75/><E68/><V114/><F114/><W21/><G21/><T26/><D16/><U10/><E113/><V86/><F86/><W19/><G19/><RYUUKYOKU ba="5,2" sc="351,-15,228,-15,133,15,268,15" hai2="23,31,37,38,41,43,44,46,78,79,92,93,95" hai3="9,11,49,55,58,59,63,65,74,77,80,94,103" />
</Scene>
<Scene>
<INIT seed="6,6,2,2,1,31" ten="336,213,148,283" oya="2" hai0="52,45,103,112,70,34,44,123,14,60,47,13,78" hai1="0,82,108,73,125,87,119,72,118,120,30,51,50" hai2="9,79,24,96,39,17,63,11,59,76,135,19,26" hai3="36,111,93,80,130,56,43,109,8,98,89,66,48"/><V114/><F39/><W69/><G130/><T115/><D78/><N who="2" m="29738" /><F114/><N who="0" m="43562" /><D103/><U1/><E120/><V22/><F135/><W27/><G80/><T67/><D34/><U107/><E107/><V32/><F32/><W129/><G129/><T83/><D123/><U113/><E113/><V38/><F38/><W62/><G8/><N who="2" m="3145" /><F96/><W133/><G133/><T28/><D28/><U16/><E30/><N who="2" m="17687" /><F26/><W58/><G27/><T134/><D83/><U86/><E82/><V131/><F131/><W74/><G74/><T18/><D134/><U91/><E108/><V55/><AGARI ba="6,2" hai="17,19,55,59,63" m="17687,3145,29738" machi="55" ten="30,1500,0" yaku="8,1" doraHai="31" who="2" fromWho="2" sc="336,-11,213,-11,148,53,283,-11" />
</Scene>
<Scene>
<INIT seed="6,7,0,5,0,120" ten="325,202,201,272" oya="2" hai0="64,39,133,77,4,72,63,53,19,116,9,20,14" hai1="108,81,7,1,118,98,129,104,48,82,127,37,88" hai2="29,3,128,109,22,35,115,86,122,15,134,61,65" hai3="93,78,13,51,76,46,24,119,44,32,58,54,36"/><V131/><F122/><W71/><G119/><T31/><D39/><U45/><E108/><V18/><F115/><W52/><G71/><T110/><D110/><U40/><E118/><V27/><F109/><W2/><G2/><T121/><D121/><U79/><E127/><V67/><F134/><W117/><G117/><T100/><D100/><U47/><E129/><N who="2" m="49739" /><F3/><W132/><G132/><T34/><D53/><U125/><E125/><V107/><F107/><W43/><G13/><T25/><D77/><U55/><E79/><V66/><F86/><W126/><G126/><T57/><D133/><U112/><E112/><V101/><F101/><W62/><REACH who="3" step="1"/><G93/><REACH who="3" ten="325,202,201,262" step="2"/><T83/><D116/><U75/><E1/><V114/><F114/><W70/><G70/><AGARI ba="7,1" hai="15,18,22,27,29,35,61,65,66,67,70" m="49739" machi="70" ten="30,1500,0" yaku="19,1" doraHai="120" who="2" fromWho="3" sc="325,0,202,0,201,46,262,-36" />
</Scene>
<Scene>
<INIT seed="6,8,0,2,1,92" ten="325,202,247,226" oya="2" hai0="93,73,82,115,81,125,66,84,108,44,62,35,32" hai1="100,99,17,47,42,75,63,52,126,6,2,55,111" hai2="132,118,112,109,97,43,64,131,124,1,119,15,135" hai3="50,113,16,60,22,69,101,21,98,39,78,71,46"/><V107/><F1/><W5/><G39/><T76/><D108/><U127/><E111/><V114/><F109/><W87/><G113/><N who="2" m="43625" /><F43/><N who="3" m="24927" /><G69/><T14/><D115/><U120/><E75/><V133/><F64/><W104/><G104/><T121/><D125/><N who="1" m="47627" /><E120/><V80/><F124/><W51/><G71/><T88/><D44/><U102/><E17/><V3/><F3/><W58/><G51/><T74/><D14/><U122/><E122/><V27/><F131/><W90/><G5/><T45/><D45/><U33/><E33/><V10/><F80/><N who="3" m="47511" /><G101/><N who="1" m="39018" /><E63/><V25/><F107/><W36/><G36/><T67/><D67/><U30/><E30/><V13/><F119/><W18/><G21/><T34/><D121/><U8/><E99/><V117/><F97/><W77/><G77/><T0/><D0/><U40/><E40/><V23/><F118/><W70/><G70/><T129/><D76/><U31/><E31/><V130/><F117/><W116/><G116/><T57/><D129/><U85/><E85/><V72/><F72/><W24/><G18/><T103/><D103/><U41/><E41/><V20/><F130/><W105/><G105/><T123/><D123/><U106/><E106/><V68/><F68/><W83/><G98/><T12/><D74/><U56/><E56/><V19/><F23/><W54/><G90/><T29/><D73/><U79/><E79/><V4/><AGARI ba="8,0" hai="4,10,13,15,19,20,25,27,132,133,135" m="43625" machi="4" ten="40,12000,1" yaku="20,1,15,1,34,2" doraHai="92" who="2" fromWho="2" sc="325,-48,202,-48,247,144,226,-48" />
</Scene>
<Scene>
<INIT seed="6,9,0,4,0,48" ten="277,154,391,178" oya="2" hai0="55,12,91,119,129,93,51,117,103,20,121,76,64" hai1="68,79,112,134,53,135,5,84,33,108,67,46,122" hai2="16,109,17,27,65,118,133,89,38,54,86,15,82" hai3="124,61,74,63,49,90,131,35,50,13,102,96,7"/><V114/><F118/><N who="0" m="45066" /><D121/><U107/><E122/><V88/><F38/><W97/><G74/><T30/><D76/><U130/><E108/><V60/><F114/><W120/><G120/><T94/><D64/><U101/><E112/><V110/><F133/><N who="1" m="50697" /><E33/><V111/><F27/><W75/><G75/><T113/><D113/><U72/><E72/><V81/><F54/><W99/><G35/><T77/><D77/><U41/><E130/><V36/><F36/><W3/><G3/><T32/><D32/><U6/><E53/><V128/><F128/><W59/><G131/><T18/><D30/><U70/><E84/><N who="2" m="50191" /><F15/><W44/><G124/><T58/><D103/><U106/><E79/><V29/><F29/><W23/><G102/><T28/><D28/><U95/><E67/><V42/><F42/><N who="3" m="24727" /><G90/><T22/><D129/><U62/><E62/><V78/><F78/><W73/><G73/><T34/><D34/><U105/><E70/><AGARI ba="9,0" hai="16,17,60,65,70,82,86,89,109,110,111" m="50191" machi="70" ten="30,5800,0" yaku="10,1,54,2" doraHai="48" who="2" fromWho="1" sc="277,0,154,-85,391,85,178,0" />
</Scene>
<Scene>
<INIT seed="6,10,0,2,4,80" ten="277,69,476,178" oya="2" hai0="30,4,82,17,76,101,43,46,105,51,96,61,100" hai1="120,60,67,29,86,109,13,125,115,99,48,50,57" hai2="135,124,18,128,132,35,33,64,116,16,0,40,122" hai3="36,27,110,34,24,106,113,77,94,62,15,59,1"/><V84/><F116/><W103/><G1/><T32/><D4/><U37/><E109/><V21/><F122/><W102/><G36/><T65/><D101/><U56/><E37/><V130/><F40/><W49/><G110/><T133/><D17/><U89/><E120/><V111/><F111/><W38/><G38/><T52/><D133/><N who="2" m="51274" /><F64/><W93/><G106/><T45/><D30/><U69/><E115/><V127/><F84/><W42/><G113/><T63/><D32/><N who="2" m="12362" /><F0/><W79/><G42/><T71/><D61/><U6/><E99/><V97/><F97/><W26/><G62/><T8/><D8/><N who="1" m="4247" /><E69/><V121/><F18/><W118/><G118/><T91/><D91/><U7/><E29/><V39/><F39/><W117/><G117/><T90/><D90/><U41/><E41/><V131/><F121/><W134/><G134/><T66/><D66/><N who="1" m="39175" /><E7/><V22/><F16/><W47/><G34/><T3/><D3/><U83/><E125/><AGARI ba="10,0" hai="21,22,124,125,127,128,130,131" m="12362,51274" machi="125" ten="40,48000,5" yakuman="39" doraHai="80" who="2" fromWho="1" sc="277,0,69,-510,476,510,178,0" owari="277,8.0,-441,-94.0,986,108.0,178,-22.0" />
</Scene>
</mjloggm>