<mjloggm ver="2.3"><GO type="169" lobby="0"/><UN n0="%52%69%2D%4D%6F%2D" n1="%E9%AD%94%E6%B3%95%E5%B0%91%E5%A5%B3%E7%9C%9F%E5%B8%86" n2="%E5%A4%AA%E3%81%8F%E3%81%AA%E3%81%84%E3%81%8A" n3="%E3%83%8D%E3%83%BC%E3%83%A0%E3%83%AC%E3%82%B9%EF%BC%97" dan="16,16,19,16" rate="2077.17,2076.04,2311.79,2150.66" sx="M,M,F,M"/><TAIKYOKU oya="0"/>

<Scene>
<INIT seed="0,0,0,3,1,129" ten="250,250,250,250" oya="0" hai0="45,13,15,114,52,60,78,119,48,75,0,81,33" hai1="104,73,46,41,83,5,105,103,107,29,17,51,25" hai2="63,50,16,65,133,120,4,24,91,64,98,44,87" hai3="30,130,8,101,134,2,95,34,38,28,1,58,92"/><T21/><D114/><U93/><E5/><V69/><F120/><W96/><G38/><T125/><D119/><U62/><E17/><V12/><F98/><W67/><G34/><T88/><D33/><U31/><E62/><V43/><F64/><W54/><G67/><T117/><D117/><U128/><E128/><V113/><F113/><W20/><G130/><T118/><D118/><U135/><E135/><V85/><F133/><W121/><G134/><T131/><D131/><U22/><E93/><V97/><F4/><W126/><G2/><T57/><D0/><U77/><REACH who="1" step="1"/><E103/><REACH who="1" ten="250,240,250,250" step="2"/><V100/><F100/><W82/><G95/><T32/><D125/><U35/><E35/><V74/><F16/><W55/><G126/><T11/><D32/><U109/><E109/><V110/><F63/><W76/><G92/><T122/><D122/><U112/><E112/><V27/><F110/><W123/><G101/><T42/><D11/><U3/><E3/><V124/><F124/><W132/><G8/><T111/><D111/><U127/><E127/><V86/><F97/><W61/><G1/><T71/><D21/><U56/><E56/><V79/><F69/><W116/><G132/><T23/><D23/><U70/><E70/><V108/><F108/><W99/><G116/><T80/><REACH who="0" step="1"/><D71/><REACH who="0" ten="240,240,250,250" step="2"/><U47/><E47/><V49/><F44/><W10/><G123/><T94/><D94/><U53/><E53/><V59/><F65/><W19/><G121/><T6/><D6/><U39/><E39/><V36/><F36/><W115/><G54/><T68/><D68/><U89/><E89/><RYUUKYOKU ba="0,2" sc="240,15,240,15,250,-15,250,-15" hai0="13,15,42,45,48,52,57,60,75,78,80,81,88" hai1="22,25,29,31,41,46,51,73,77,83,104,105,107" />
</Scene>
<Scene>
<INIT seed="0,1,2,0,4,81" ten="255,255,235,235" oya="0" hai0="2,125,86,61,52,131,68,0,116,65,25,8,23" hai1="57,53,70,121,130,30,102,63,37,75,22,60,74" hai2="36,92,135,108,26,49,29,119,14,76,122,133,7" hai3="129,39,114,104,35,50,44,56,105,20,43,134,88"/><T103/><D116/><U128/><E37/><V79/><F36/><W10/><G35/><T94/><D125/><U126/><E121/><V110/><F49/><W19/><G114/><T78/><D131/><N who="1" m="50219" /><E102/><V5/><F92/><W1/><G129/><T89/><D103/><U48/><E126/><V21/><F122/><W115/><G115/><T64/><D64/><N who="1" m="41247" /><E48/><V47/><F47/><W90/><G1/><T72/><D8/><U58/><E57/><V120/><F120/><W112/><G112/><T97/><D72/><U46/><E46/><V118/><F79/><W4/><G104/><T42/><D42/><U77/><E77/><V100/><F76/><W55/><G105/><T91/><D52/><U17/><E30/><V113/><F100/><W40/><G40/><T82/><REACH who="0" step="1"/><D78/><REACH who="0" ten="245,255,235,235" step="2"/><U98/><E75/><V12/><F113/><W71/><G10/><T80/><D80/><U38/><E74/><V87/><F118/><W95/><G43/><T96/><D96/><U117/><E117/><V24/><F119/><W83/><G83/><T109/><D109/><U62/><E62/><V59/><F110/><W66/><G55/><T84/><D84/><U54/><E60/><V124/><F108/><W69/><G66/><T107/><D107/><U31/><E54/><V18/><F124/><W101/><G101/><T111/><D111/><U51/><E53/><V123/><F123/><W11/><G11/><T32/><D32/><U106/><E106/><V99/><F99/><W132/><G44/><T16/><AGARI ba="1,3" hai="0,2,16,23,25,61,65,68,82,86,89,91,94,97" machi="16" ten="20,12000,1" yaku="1,1,0,1,7,1,52,1,54,1,53,0" doraHai="81" doraHaiUra="3" who="0" fromWho="0" sc="245,153,255,-41,235,-41,235,-41" />
</Scene>
<Scene>
<INIT seed="0,2,0,3,5,118" ten="398,214,194,194" oya="0" hai0="5,45,48,26,96,131,46,127,83,18,3,32,107" hai1="126,102,64,123,130,6,53,119,101,70,134,59,133" hai2="50,121,51,74,20,125,37,27,30,91,78,39,66" hai3="95,8,2,12,113,81,103,61,55,124,9,135,117"/><T105/><D127/><U111/><E6/><V106/><F106/><W93/><G117/><T77/><D131/><U22/><E22/><V68/><F125/><W79/><G113/><T129/><D129/><U62/><E130/><V115/><F115/><W31/><G124/><T34/><D46/><U75/><E126/><V110/><F110/><W14/><G2/><T35/><D3/><U58/><E75/><V54/><F51/><W100/><G31/><T21/><D96/><U33/><E33/><V73/><F73/><W92/><G135/><N who="1" m="51722" /><E119/><V57/><F91/><W85/><G61/><T47/><D5/><U82/><E111/><V11/><F11/><N who="3" m="4171" /><G55/><T97/><D97/><U89/><E53/><V108/><F108/><W63/><G63/><T94/><D94/><U41/><E41/><V99/><F99/><W24/><G24/><T15/><D47/><U42/><E42/><V38/><F74/><W132/><G132/><T52/><REACH who="0" step="1"/><D26/><REACH who="0" ten="388,214,194,194" step="2"/><U128/><E128/><V28/><F27/><W19/><G12/><T87/><AGARI ba="2,1" hai="15,18,21,32,34,35,45,48,52,77,83,87,105,107" machi="87" ten="30,11700,0" yaku="1,1,2,1,0,1,54,1,53,0" doraHai="118" doraHaiUra="36" who="0" fromWho="0" sc="388,133,214,-41,194,-41,194,-41" />
</Scene>
<Scene>
<INIT seed="0,3,0,1,2,130" ten="521,173,153,153" oya="0" hai0="7,65,111,56,74,26,9,8,115,53,31,0,15" hai1="84,104,60,12,10,39,59,58,77,69,66,50,57" hai2="129,5,123,106,43,23,133,95,52,21,120,108,81" hai3="134,97,83,103,16,112,71,98,24,45,73,6,116"/><T62/><D115/><U54/><E104/><V61/><F106/><W132/><G71/><T22/><D74/><U38/><E84/><V30/><F43/><W13/><G112/><T121/><D111/><U79/><E77/><V131/><F5/><W3/><G116/><T82/><D82/><U109/><E79/><V101/><F108/><W70/><G70/><T78/><D78/><U67/><E109/><V28/><F81/><W91/><G3/><T94/><D94/><U75/><E75/><V128/><F101/><W114/><G114/><T32/><D121/><N who="2" m="46666" /><F95/><W36/><G6/><T126/><D126/><U20/><E20/><N who="2" m="7755" /><F133/><N who="3" m="51307" /><G73/><T122/><D122/><U96/><E69/><V49/><F61/><W34/><G83/><T107/><D7/><U110/><E110/><V14/><F14/><W113/><G91/><T51/><D15/><U25/><E12/><V92/><F92/><N who="3" m="58791" /><G98/><T135/><D135/><U117/><E96/><V76/><F76/><W80/><G80/><T48/><D107/><U64/><E117/><V4/><F4/><W1/><G1/><T100/><D0/><U119/><E119/><V46/><AGARI ba="3,0" hai="28,30,46,49,52,128,129,131" m="7755,46666" machi="46" ten="40,2700,0" yaku="19,1,54,1" doraHai="130" who="2" fromWho="2" sc="521,-16,173,-10,153,36,153,-10" />
</Scene>
<Scene>
<INIT seed="1,0,0,5,1,96" ten="505,163,189,143" oya="1" hai0="11,119,122,100,106,27,50,49,8,42,3,64,82" hai1="32,44,101,22,77,69,57,120,134,12,37,43,110" hai2="113,46,79,48,116,80,88,105,111,26,41,130,103" hai3="89,125,85,21,16,1,112,35,67,81,74,25,19"/><U13/><E32/><V59/><F116/><W87/><G112/><T33/><D119/><U55/><E69/><V92/><F113/><W124/><G74/><T36/><D122/><U39/><E120/><V90/><F111/><W17/><G1/><T86/><D36/><U2/><E2/><V10/><F130/><W94/><G35/><T38/><D38/><U9/><E39/><V60/><F105/><W128/><G67/><T7/><D11/><U135/><E110/><V107/><F107/><W108/><G108/><T68/><D42/><U62/><E77/><V84/><F26/><W65/><G65/><T127/><D127/><N who="3" m="48713" /><G128/><T6/><D6/><U54/><E55/><N who="2" m="33919" /><F10/><W71/><G71/><T53/><D53/><U118/><E118/><V61/><F61/><W104/><G104/><T56/><D106/><U131/><E131/><V91/><F92/><W114/><G114/><T34/><D3/><U98/><E9/><V76/><F76/><AGARI ba="0,0" hai="16,17,19,21,25,76,81,85,87,89,94" m="48713" machi="76" ten="30,2000,0" yaku="18,1,54,1" doraHai="96" who="3" fromWho="2" sc="505,0,163,0,189,-20,143,20" />
</Scene>
<Scene>
<INIT seed="2,0,0,0,3,44" ten="505,163,169,163" oya="2" hai0="126,88,15,74,94,111,66,72,28,39,121,53,52" hai1="81,36,30,26,56,107,119,5,117,130,109,61,3" hai2="69,112,75,37,68,102,98,84,79,40,120,57,71" hai3="80,116,9,1,78,114,93,99,25,62,58,19,86"/><V48/><F112/><W76/><G116/><T90/><D39/><U91/><E36/><V12/><F120/><W54/><G1/><T97/><D121/><U60/><E107/><V70/><F75/><W110/><G110/><T8/><D111/><U64/><E109/><V95/><F37/><W2/><G2/><T32/><D66/><U50/><E130/><V31/><F31/><W63/><G78/><T29/><D126/><U46/><E61/><V108/><F108/><W83/><G83/><T21/><D32/><U105/><E105/><V27/><F27/><W129/><G129/><T55/><D21/><U51/><E51/><V45/><N who="2" m="17408" /><DORA hai="115" /><V35/><F35/><W113/><G63/><T59/><D59/><U38/><E38/><V34/><F34/><W6/><G6/><N who="0" m="3479" /><D74/><U42/><E30/><V124/><F124/><W33/><G33/><T134/><D134/><U103/><E26/><V43/><F57/><W24/><G9/><T104/><D104/><U20/><E20/><V133/><F12/><W23/><REACH who="3" step="1"/><G25/><REACH who="3" ten="505,163,169,153" step="2"/><T67/><D72/><U22/><E5/><V49/><F133/><W65/><G65/><T14/><D67/><U132/><E3/><V41/><REACH who="2" step="1"/><F45/><REACH who="2" ten="505,163,159,153" step="2"/><W96/><G96/><N who="0" m="57415" /><D14/><U10/><E132/><V89/><F89/><AGARI ba="0,2" hai="19,23,24,54,58,62,76,80,86,89,93,99,113,114" machi="89" ten="40,5200,0" yaku="1,1,25,2,53,0" doraHai="44,115" doraHaiUra="135,7" who="3" fromWho="2" sc="505,0,163,0,159,-52,153,72" />
</Scene>
<Scene>
<INIT seed="3,0,0,0,3,28" ten="505,163,107,225" oya="3" hai0="46,53,29,40,52,56,23,24,95,103,80,8,105" hai1="134,33,61,4,51,2,106,14,104,58,71,65,13" hai2="127,21,9,50,47,112,5,113,74,87,43,34,107" hai3="78,60,26,98,6,126,59,77,66,0,30,130,82"/><W108/><G0/><T110/><D110/><U92/><E134/><V117/><F74/><W81/><G6/><T12/><D105/><U42/><E92/><V131/><F117/><W68/><G68/><T64/><D80/><U96/><E33/><V102/><F127/><W15/><G126/><T25/><D25/><U101/><E104/><V73/><F73/><W129/><G15/><T54/><D64/><U31/><E31/><V122/><F131/><N who="3" m="50187" /><G98/><N who="0" m="59871" /><D40/><U75/><E75/><V100/><F122/><W44/><G44/><T120/><D46/><U132/><E132/><V124/><F124/><W16/><G108/><T1/><D1/><U11/><REACH who="1" step="1"/><E42/><REACH who="1" ten="505,153,107,225" step="2"/><V70/><F34/><N who="3" m="20823" /><G82/><T7/><D120/><U10/><E10/><V135/><F135/><W83/><G83/><T27/><D27/><U89/><E89/><V35/><F43/><W76/><G81/><T121/><D121/><U90/><E90/><V67/><F107/><W79/><G79/><T123/><D123/><U19/><E19/><AGARI ba="0,1" hai="16,19,59,60,66,76,77,78" m="20823,50187" machi="19" ten="30,5800,0" yaku="19,1,52,1,54,1" doraHai="28" who="3" fromWho="1" sc="505,0,153,-58,107,0,225,68" />
</Scene>
<Scene>
<INIT seed="3,1,0,4,1,56" ten="505,95,107,293" oya="3" hai0="88,41,28,78,61,101,36,50,22,26,39,5,128" hai1="129,33,27,2,90,63,86,32,60,35,20,112,47" hai2="97,72,23,89,103,116,130,107,109,64,38,76,83" hai3="96,17,87,126,102,42,134,95,48,77,3,58,71"/><W0/><G71/><T85/><D128/><U92/><E112/><V37/><F116/><W125/><G17/><T121/><D121/><U8/><E129/><V117/><F117/><W123/><G123/><T104/><D78/><U59/><E47/><V108/><F130/><W62/><G48/><T54/><D5/><U118/><E118/><V99/><F23/><W114/><G42/><T68/><D41/><U127/><E127/><N who="3" m="48650" /><G114/><T14/><D14/><U12/><E59/><V29/><F29/><W79/><G87/><T45/><D101/><U49/><E49/><V67/><F37/><W113/><G113/><T115/><D104/><U6/><REACH who="1" step="1"/><E2/><REACH who="1" ten="505,85,107,293" step="2"/><N who="3" m="554" /><G134/><T43/><D115/><U65/><E65/><AGARI ba="1,1" hai="58,62,65,77,79,95,96,102" m="554,48650" machi="65" ten="30,2900,0" yaku="18,1,52,1" doraHai="56" who="3" fromWho="1" sc="505,0,85,-32,107,0,293,42" />
</Scene>
<Scene>
<INIT seed="3,2,0,2,5,132" ten="505,53,107,335" oya="3" hai0="73,116,109,19,96,66,112,106,35,26,97,114,126" hai1="125,55,86,9,134,111,58,65,129,16,107,25,8" hai2="42,104,124,2,92,84,13,90,63,61,130,44,85" hai3="24,14,95,105,72,29,37,100,87,3,103,128,75"/><W115/><G3/><T43/><D109/><U102/><E65/><V41/><F2/><W32/><G37/><T68/><D116/><U67/><E67/><V28/><F104/><W17/><G115/><N who="0" m="44075" /><D126/><U76/><E125/><V30/><F124/><W52/><G105/><T135/><D135/><U99/><E111/><V108/><F108/><W88/><G75/><T10/><D73/><U48/><E134/><V131/><F13/><W7/><G72/><T101/><D43/><U117/><E129/><N who="2" m="49163" /><F42/><W98/><G128/><T1/><D97/><U21/><REACH who="1" step="1"/><E117/><REACH who="1" ten="505,43,107,335" step="2"/><V0/><F0/><W82/><G7/><T70/><D66/><U45/><E45/><V127/><F127/><W51/><G103/><T79/><D1/><U57/><E57/><V81/><F63/><W77/><G100/><T34/><D70/><U36/><E36/><N who="2" m="21543" /><F61/><W91/><G51/><T120/><D68/><U49/><E49/><V64/><F64/><W56/><G56/><T83/><D101/><U47/><E47/><V121/><F121/><W6/><G6/><T69/><D120/><U38/><E38/><V133/><F133/><W123/><G123/><T78/><D69/><U74/><E74/><V12/><F12/><W110/><G110/><T113/><D113/><U89/><E89/><AGARI ba="2,1" hai="28,30,81,84,85,89,90,92" m="21543,49163" machi="89" ten="30,1000,0" yaku="19,1" doraHai="132" who="2" fromWho="1" sc="505,0,43,-16,107,26,335,0" />
</Scene>
<Scene>
<INIT seed="4,0,0,2,4,1" ten="505,27,133,335" oya="0" hai0="102,75,66,80,84,17,25,65,72,32,110,134,76" hai1="10,62,5,121,83,22,26,30,37,50,119,36,20" hai2="135,108,112,19,73,93,117,122,58,94,133,3,81" hai3="109,125,79,4,67,24,96,53,101,31,115,99,28"/><T82/><D134/><N who="2" m="51210" /><F3/><W40/><G109/><T49/><D110/><U97/><E119/><V0/><F0/><W57/><G67/><T70/><D102/><U16/><E121/><V60/><F108/><W21/><G40/><T127/><D127/><U64/><E50/><V88/><F122/><W98/><G79/><T100/><D100/><U48/><E48/><V34/><F34/><W12/><G125/><T45/><D70/><U128/><E128/><V11/><F117/><W13/><G115/><T54/><D75/><U52/><E97/><V132/><F112/><W129/><G129/><T77/><REACH who="0" step="1"/><D17/><REACH who="0" ten="495,27,133,335" step="2"/><U55/><E83/><V23/><F19/><W63/><G101/><T18/><D18/><U103/><E103/><V95/><F73/><W9/><G31/><AGARI ba="0,1" hai="25,31,32,45,49,54,65,66,72,76,77,80,82,84" machi="31" ten="40,2000,0" yaku="1,1,53,0" doraHai="1" doraHaiUra="6" who="0" fromWho="3" sc="495,30,27,0,133,0,335,-20" />
</Scene>
<Scene>
<INIT seed="4,1,0,2,5,29" ten="525,27,133,315" oya="0" hai0="105,121,26,130,113,81,28,15,132,25,110,123,96" hai1="87,125,63,122,0,82,8,21,66,1,103,57,112" hai2="53,2,99,86,94,40,97,48,114,133,49,124,13" hai3="129,37,77,72,108,11,43,4,78,93,116,95,65"/><T69/><D113/><U68/><E122/><V54/><F2/><W118/><G65/><T80/><D130/><U119/><E119/><V6/><F124/><W67/><G67/><T39/><D39/><U128/><E125/><V19/><F6/><W35/><G35/><T91/><D69/><U115/><E128/><V127/><F133/><W135/><G43/><T31/><D132/><U46/><E68/><V3/><F3/><W73/><G37/><T75/><D15/><U90/><E103/><V89/><F40/><W111/><G11/><T27/><D110/><N who="3" m="42025" /><G4/><T10/><D10/><U85/><E8/><N who="2" m="6567" /><F114/><N who="1" m="43561" /><E46/><N who="2" m="27799" /><F127/><W17/><G17/><T102/><D102/><U62/><E21/><V7/><F7/><W22/><G22/><T50/><D121/><U47/><E47/><AGARI ba="1,0" hai="47,49,54,86,89,94,97,99" m="27799,6567" machi="47" ten="30,1000,0" yaku="8,1" doraHai="29" who="2" fromWho="1" sc="525,0,27,-13,133,13,315,0" />
</Scene>
<Scene>
<INIT seed="5,0,0,2,0,113" ten="525,14,146,315" oya="1" hai0="30,82,48,56,55,57,63,135,35,7,85,10,9" hai1="79,114,4,87,102,24,53,34,111,1,86,8,22" hai2="116,11,78,128,43,36,73,119,112,3,77,129,132" hai3="134,0,83,2,31,101,44,125,100,71,108,96,5"/><U127/><E34/><V12/><F3/><W42/><G71/><T23/><D35/><U94/><E114/><V68/><F68/><W89/><G31/><T33/><D33/><U21/><E127/><V47/><F112/><W92/><G108/><T18/><D30/><U80/><E111/><V59/><F132/><W41/><G5/><T40/><D7/><U84/><E53/><V20/><F20/><W130/><G42/><T124/><D135/><U69/><E69/><V64/><F64/><W62/><G62/><T29/><D29/><U76/><E24/><V115/><F59/><W118/><G134/><T117/><D117/><N who="2" m="45130" /><F73/><W74/><G118/><T90/><D40/><U99/><REACH who="1" step="1"/><E87/><REACH who="1" ten="525,4,146,315" step="2"/><V123/><F115/><W28/><G125/><T61/><D124/><U126/><E126/><V32/><F32/><W70/><G70/><T67/><D61/><U60/><E60/><V50/><F123/><W75/><G75/><T93/><D63/><U25/><E25/><V26/><F26/><W107/><G74/><T109/><D55/><U65/><E65/><V121/><F121/><W14/><G41/><T19/><D67/><U16/><E16/><N who="2" m="8223" /><F50/><W104/><G28/><T133/><D48/><U49/><E49/><V122/><F122/><W13/><G44/><T17/><D133/><U52/><E52/><V97/><F47/><W131/><G107/><T51/><D51/><U15/><E15/><V37/><F43/><W110/><G13/><T106/><D109/><U54/><E54/><V45/><F45/><W6/><G14/><T27/><D27/><U103/><E103/><RYUUKYOKU ba="0,1" sc="525,-10,4,30,146,-10,315,-10" hai1="1,4,8,21,22,76,79,80,84,86,94,99,102" />
</Scene>
<Scene>
<INIT seed="5,1,1,2,2,64" ten="515,34,136,305" oya="1" hai0="69,133,128,23,78,134,43,66,55,83,9,92,123" hai1="80,16,71,117,5,81,50,82,22,25,0,67,95" hai2="21,86,102,113,20,12,109,76,37,51,45,77,17" hai3="7,118,19,36,114,97,53,39,63,68,40,129,47"/><U121/><E117/><V30/><F109/><W34/><G34/><T56/><D128/><U14/><E121/><V6/><F37/><W18/><G36/><T112/><D112/><U119/><E119/><V49/><F113/><W135/><G7/><T116/><D116/><U4/><E50/><V99/><F6/><W125/><G118/><T84/><D43/><U79/><E0/><V44/><F30/><W3/><G3/><T111/><D111/><U46/><E79/><V41/><F21/><W32/><G32/><T115/><D115/><U33/><E46/><V75/><F86/><W13/><G114/><T60/><D9/><U89/><E25/><V110/><F75/><W65/><G97/><T57/><D23/><U104/><E33/><V88/><F88/><W122/><G122/><T87/><D123/><U26/><E26/><V31/><F31/><W131/><G125/><T52/><D92/><U132/><E104/><V11/><F11/><W120/><G120/><T28/><D84/><U2/><E2/><V93/><REACH who="2" step="1"/><F110/><REACH who="2" ten="515,34,126,305" step="2"/><W62/><G39/><T100/><D28/><U58/><E132/><V48/><F48/><W70/><G135/><T24/><D133/><U96/><REACH who="1" step="1"/><E71/><REACH who="1" ten="515,24,126,305" step="2"/><V8/><F8/><N who="3" m="6439" /><G70/><T59/><D134/><U38/><E38/><V126/><F126/><W94/><G68/><T1/><D69/><U61/><AGARI ba="1,3" hai="4,5,14,16,22,58,61,67,80,81,82,89,95,96" machi="61" ten="30,11700,0" yaku="1,1,0,1,8,1,54,1,53,0" doraHai="64" doraHaiUra="106" who="1" fromWho="1" sc="515,-40,24,150,126,-40,305,-40" />
</Scene>
<Scene>
<INIT seed="5,2,0,3,4,40" ten="475,174,86,265" oya="1" hai0="47,123,81,124,13,48,56,117,78,106,90,36,112" hai1="96,5,60,134,19,116,120,21,93,102,53,22,6" hai2="128,101,121,125,29,99,27,135,119,11,17,32,95" hai3="126,79,115,94,80,54,14,23,86,105,131,111,107"/><U113/><E116/><V110/><F110/><W69/><G111/><T104/><D117/><U75/><E120/><V51/><F119/><W63/><G107/><T39/><D112/><U103/><E75/><V61/><F121/><W33/><G33/><T65/><D90/><N who="1" m="55351" /><E113/><V3/><F125/><W58/><G105/><T16/><D106/><U28/><E134/><V26/><F135/><W57/><G69/><T42/><D104/><U122/><E28/><V68/><F128/><W132/><G115/><T88/><D124/><U2/><E2/><V100/><F68/><W97/><G132/><T77/><D39/><U70/><E70/><V108/><F108/><W114/><G131/><T67/><D123/><U34/><E22/><V1/><F61/><W129/><G129/><T118/><D36/><U4/><E34/><V52/><F100/><W31/><G114/><T15/><D15/><N who="1" m="9471" /><E122/><V98/><F98/><W73/><G73/><T35/><D35/><U46/><E60/><V9/><F26/><N who="3" m="16863" /><G14/><T133/><D13/><U24/><E24/><V127/><F127/><W38/><G38/><T66/><D118/><U30/><E30/><V59/><REACH who="2" step="1"/><F17/><REACH who="2" ten="475,174,76,265" step="2"/><W7/><G126/><T44/><D16/><U109/><E109/><V91/><F91/><N who="3" m="55519" /><G7/><T74/><D133/><U41/><E103/><V82/><F82/><W45/><G63/><T0/><D81/><U71/><E71/><V55/><F55/><W83/><G83/><T43/><D88/><U76/><E102/><V10/><AGARI ba="2,1" hai="1,3,9,10,11,27,29,32,51,52,59,95,99,101" machi="10" ten="30,4000,0" yaku="1,1,0,1,54,1,53,0" doraHai="40" doraHaiUra="84" who="2" fromWho="2" sc="475,-12,174,-22,76,56,265,-12" />
</Scene>
<Scene>
<INIT seed="6,0,0,3,0,63" ten="463,152,132,253" oya="2" hai0="124,135,92,119,72,105,48,112,134,126,23,21,122" hai1="98,84,76,38,61,67,40,85,47,107,111,113,108" hai2="102,50,49,118,131,56,20,52,80,22,46,34,19" hai3="45,90,86,104,11,69,106,132,75,81,125,74,95"/><V37/><F118/><W39/><G69/><T4/><D105/><N who="3" m="40553" /><G45/><T100/><D122/><U13/><E113/><V14/><F34/><W6/><G11/><T1/><D119/><U65/><E13/><V36/><F131/><W70/><G6/><T29/><D112/><U117/><E117/><V41/><F102/><W99/><G70/><T129/><D72/><N who="3" m="27689" /><G39/><T130/><D48/><U26/><E67/><V53/><F80/><W127/><G132/><N who="0" m="50731" /><D92/><U66/><E66/><V121/><F121/><W68/><G68/><T82/><D100/><AGARI ba="0,0" hai="81,86,90,95,99,100,125,127" m="27689,40553" machi="100" ten="30,2000,0" yaku="34,2" doraHai="63" who="3" fromWho="0" sc="463,-20,152,0,132,0,253,20" />
</Scene>
<Scene>
<INIT seed="7,0,0,5,0,24" ten="443,152,132,273" oya="3" hai0="61,111,70,77,95,17,59,35,89,38,81,0,121" hai1="50,88,129,25,105,52,79,22,21,45,15,1,75" hai2="98,57,84,8,115,110,93,9,26,135,63,53,131" hai3="85,78,71,40,130,18,124,122,39,60,16,58,64"/><W126/><G122/><T133/><D111/><U69/><E1/><V94/><F115/><W107/><G107/><T108/><D108/><U127/><E69/><V48/><F131/><W65/><G40/><T29/><D121/><U113/><E127/><N who="3" m="48682" /><G39/><T102/><D0/><U104/><E88/><N who="2" m="53383" /><F135/><W41/><G41/><T96/><D38/><U66/><E129/><V132/><F132/><W6/><G6/><T125/><D133/><U3/><E3/><V12/><F110/><W10/><G10/><N who="2" m="4201" /><F12/><W36/><G36/><T14/><D70/><U30/><E113/><V123/><F123/><W101/><G101/><T68/><D68/><U99/><E15/><V47/><F26/><W33/><G33/><T51/><D125/><U20/><E20/><V73/><F73/><W82/><G130/><T128/><D128/><U13/><E22/><V119/><F119/><W46/><G46/><T55/><D102/><U86/><E13/><V4/><F4/><W106/><G106/><N who="1" m="41066" /><E75/><V2/><F2/><W91/><G91/><T97/><D89/><U112/><E112/><V11/><N who="2" m="4209" /><V76/><DORA hai="87" /><F76/><W109/><G109/><T49/><D77/><U92/><E79/><V37/><F37/><W118/><G118/><T90/><D35/><U56/><E86/><V117/><F117/><W43/><G43/><T34/><D34/><U100/><E45/><V116/><F116/><W74/><G74/><T80/><D90/><U72/><E72/><V54/><F94/><W120/><G85/><T31/><D95/><U44/><E44/><V28/><F28/><W42/><G78/><RYUUKYOKU ba="0,0" sc="443,-15,152,15,132,15,273,-15" hai1="21,25,30,50,52,56,66,92,99,100" hai2="47,48,53,54,57,63,98" owari="428,52.0,167,-23.0,147,-35.0,258,6.0" />
</Scene>
</mjloggm>