<mjloggm ver="2.3"><GO type="169" lobby="0"/><UN n0="%E2%80%A0%41%71%75%61%E2%80%A0" n1="%76%65%74%6F%6F" n2="%E3%83%8A%E3%82%AB%E3%83%9E%E3%82%B9%E3%83%86%E3%82%A3%E3%83%95" n3="%E5%A4%AA%E3%81%8F%E3%81%AA%E3%81%84%E3%81%8A" dan="16,16,16,18" rate="2131.29,2059.85,2068.49,2262.68" sx="M,M,M,F"/><TAIKYOKU oya="0"/>

<Scene>
<INIT seed="0,0,0,4,2,114" ten="250,250,250,250" oya="0" hai0="68,101,35,57,74,27,66,128,62,51,6,117,38" hai1="94,132,72,108,133,131,23,4,48,30,5,36,20" hai2="34,64,41,96,102,17,77,65,92,122,106,89,119" hai3="52,28,60,84,22,45,95,18,9,53,97,115,109"/><T67/><D38/><U107/><E107/><V135/><F122/><W15/><G109/><T86/><D74/><U56/><E36/><V47/><F135/><N who="1" m="51785" /><E72/><V49/><F34/><W112/><G115/><T1/><D128/><U75/><E75/><V121/><F121/><W2/><G112/><T61/><D101/><U25/><E108/><V87/><F119/><W14/><G2/><T40/><D117/><U85/><E131/><V26/><F77/><W111/><G111/><T90/><D1/><U80/><E94/><N who="2" m="54591" /><F106/><W10/><G84/><T116/><D116/><U110/><E110/><V21/><AGARI ba="0,0" hai="17,21,26,41,47,49,64,65,92,96,102" m="54591" machi="21" ten="30,1100,0" yaku="8,1" doraHai="114" who="2" fromWho="2" sc="250,-5,250,-3,250,11,250,-3" />
</Scene>
<Scene>
<INIT seed="1,0,0,0,5,29" ten="245,247,261,247" oya="1" hai0="16,128,39,0,71,130,99,41,101,87,58,62,21" hai1="89,54,4,117,124,100,64,35,76,79,13,113,103" hai2="49,92,80,114,104,37,56,118,6,7,34,84,3" hai3="135,27,129,8,77,122,112,72,24,70,106,119,55"/><U25/><E113/><V51/><F118/><W32/><RYUUKYOKU type="yao9" ba="0,0" sc="245,0,247,0,261,0,247,0" hai3="8,24,27,32,55,70,72,77,106,112,119,122,129,135" />
</Scene>
<Scene>
<INIT seed="1,1,0,0,3,131" ten="245,247,261,247" oya="1" hai0="126,1,68,66,54,86,99,73,7,79,70,51,103" hai1="14,24,130,69,40,9,90,18,15,62,39,115,124" hai2="38,58,119,100,57,117,47,74,78,22,134,3,4" hai3="95,8,112,50,116,106,94,30,84,105,21,67,55"/><U63/><E115/><V33/><F33/><W91/><G112/><T76/><D73/><U32/><E130/><V123/><F123/><W26/><G116/><T82/><D79/><U88/><E124/><V0/><F22/><W128/><G128/><T59/><D126/><U12/><E39/><V125/><F125/><W60/><G8/><T109/><D109/><U10/><E40/><N who="2" m="22935" /><F100/><W11/><G11/><N who="1" m="4106" /><E69/><V133/><F58/><W56/><REACH who="3" step="1"/><G95/><REACH who="3" ten="245,247,261,237" step="2"/><T118/><D118/><U81/><E32/><V97/><F117/><W16/><G16/><T96/><D7/><U36/><E36/><V71/><F119/><W31/><G31/><T129/><D129/><U104/><E104/><V108/><F108/><W37/><G37/><T65/><D1/><U111/><E111/><V17/><F4/><W20/><G20/><T5/><D5/><U53/><E18/><V13/><F0/><W110/><G110/><T83/><D70/><AGARI ba="1,1" hai="21,26,30,50,55,56,60,67,70,84,91,94,105,106" machi="70" ten="30,2000,0" yaku="1,1,7,1,53,0" doraHai="131" doraHaiUra="122" who="3" fromWho="0" sc="245,-23,247,0,261,0,237,33" />
</Scene>
<Scene>
<INIT seed="2,0,0,2,1,116" ten="222,247,261,270" oya="2" hai0="14,113,68,107,55,83,25,18,10,42,54,102,78" hai1="129,47,67,59,75,8,56,104,13,45,94,72,17" hai2="30,79,76,77,62,95,106,118,127,103,44,38,32" hai3="100,52,66,126,120,6,88,112,92,37,82,23,60"/><V1/><F118/><W105/><G37/><T64/><D113/><U63/><E129/><V87/><F1/><W135/><G112/><T122/><D42/><U22/><E104/><V4/><F4/><W31/><G135/><T51/><D122/><U49/><E45/><V133/><F133/><W124/><G6/><T115/><D115/><U74/><E94/><V48/><F38/><W19/><G31/><T57/><D25/><U81/><E59/><V96/><F127/><N who="3" m="48683" /><G82/><T84/><D68/><U58/><E58/><V27/><F62/><W119/><G119/><T117/><D117/><U99/><E99/><V34/><F34/><W86/><G52/><T0/><D0/><U3/><E3/><V15/><F15/><N who="3" m="9727" /><G100/><T20/><D64/><U108/><E108/><V40/><REACH who="2" step="1"/><F106/><REACH who="2" ten="222,247,251,270" step="2"/><W73/><G105/><T21/><D107/><U9/><E49/><V121/><F121/><W28/><G120/><T85/><D51/><U5/><E47/><V110/><F110/><W123/><G123/><T114/><D114/><U130/><E130/><V98/><F98/><W39/><G39/><T61/><D14/><U109/><E109/><V26/><F26/><W71/><G60/><T35/><D35/><U70/><E5/><V125/><F125/><W43/><G71/><T7/><D7/><U91/><E70/><V89/><F89/><W128/><G128/><T134/><D134/><U11/><REACH who="1" step="1"/><E91/><REACH who="1" ten="222,237,251,270" step="2"/><V24/><F24/><W132/><G132/><T80/><D57/><U65/><E65/><V69/><F69/><W41/><G66/><T90/><D90/><U97/><E97/><RYUUKYOKU ba="0,2" sc="222,-15,237,15,251,15,270,-15" hai1="8,9,11,13,17,22,56,63,67,72,74,75,81" hai2="27,30,32,40,44,48,76,77,79,87,95,96,103" />
</Scene>
<Scene>
<INIT seed="2,1,2,4,2,1" ten="207,252,266,255" oya="2" hai0="132,61,73,74,40,115,27,75,121,128,39,107,71" hai1="24,66,63,52,133,78,76,33,50,2,113,44,85" hai2="134,87,60,10,3,123,36,46,28,99,47,19,103" hai3="67,106,26,95,112,34,12,111,20,49,135,101,16"/><V109/><F123/><W30/><G111/><T72/><D121/><U35/><E113/><V94/><F109/><W15/><G112/><T11/><D115/><U64/><E133/><V122/><F122/><W18/><G135/><T82/><D132/><U23/><E2/><V127/><F134/><W59/><G106/><T29/><D128/><U37/><E37/><V92/><F127/><W77/><G77/><T0/><D107/><U89/><E33/><V45/><F36/><W80/><G80/><T126/><D126/><U83/><E35/><V90/><F3/><W86/><G67/><N who="1" m="25642" /><E63/><V100/><F28/><AGARI ba="1,2" hai="23,24,28,44,50,52,76,78,83,85,89" m="25642" machi="28" ten="30,2000,0" yaku="8,1,54,1" doraHai="1" who="1" fromWho="2" sc="207,0,252,43,266,-23,255,0" />
</Scene>
<Scene>
<INIT seed="3,0,0,5,2,35" ten="207,295,243,255" oya="3" hai0="75,11,108,51,65,30,110,116,53,79,89,68,52" hai1="88,117,90,127,57,86,17,43,25,32,58,54,61" hai2="2,115,49,16,130,107,103,12,134,19,94,124,22" hai3="71,27,96,74,120,78,64,97,28,38,1,128,121"/><W21/><G38/><T3/><D116/><U114/><E114/><V60/><F115/><W46/><G128/><T119/><D119/><U8/><E117/><V126/><F107/><W84/><G74/><T123/><D123/><U56/><E127/><N who="2" m="48683" /><F130/><W112/><G112/><T133/><D133/><U106/><E106/><V31/><F134/><W95/><G46/><T40/><D30/><U76/><E43/><V100/><F31/><W59/><G71/><T92/><D79/><U39/><E39/><V63/><F49/><W87/><G1/><T109/><D75/><U50/><E32/><V10/><F94/><W101/><G96/><N who="0" m="57359" /><D68/><U105/><E105/><V131/><F131/><W132/><G132/><T9/><D65/><U62/><E50/><V98/><F98/><W5/><G5/><N who="0" m="1215" /><D11/><U111/><E76/><V93/><F93/><W44/><G44/><AGARI ba="0,0" hai="40,44,51,52,53,108,109,110" m="1215,57359" machi="44" ten="30,3900,0" yaku="14,1,52,1,54,1" doraHai="35" who="0" fromWho="3" sc="207,39,295,0,243,0,255,-39" />
</Scene>
<Scene>
<INIT seed="4,0,0,4,3,96" ten="246,295,243,216" oya="0" hai0="76,41,0,133,29,50,114,25,49,118,88,78,120" hai1="1,87,42,67,38,18,79,5,125,126,108,65,59" hai2="99,4,17,33,2,72,6,106,19,3,55,11,8" hai3="80,7,14,64,62,85,94,75,28,128,16,44,61"/><T39/><D120/><U130/><E108/><V69/><F72/><W97/><G128/><T54/><D0/><U31/><E31/><V93/><F106/><W53/><G75/><T24/><D118/><U111/><E111/><V129/><F129/><W15/><G28/><T47/><D114/><U91/><E130/><V12/><F69/><W26/><G26/><T68/><D68/><U34/><E34/><V52/><F33/><W84/><G7/><T122/><D122/><U107/><E107/><V86/><F86/><W71/><G80/><T115/><D115/><U116/><E79/><V124/><F124/><W100/><G15/><T105/><D105/><U56/><E18/><V102/><F19/><W112/><G112/><T104/><D104/><U23/><E23/><AGARI ba="0,0" hai="2,3,4,6,8,11,12,17,23,52,55,93,99,102" machi="23" ten="30,7700,0" yaku="7,1,9,1,52,1,54,1" doraHai="96" who="2" fromWho="1" sc="246,0,295,-77,243,77,216,0" />
</Scene>
<Scene>
<INIT seed="5,0,0,5,5,82" ten="246,218,320,216" oya="1" hai0="114,93,132,118,46,42,25,51,37,119,6,135,7" hai1="61,21,34,39,81,86,68,0,26,109,87,23,116" hai2="125,18,29,89,96,91,131,123,101,36,121,60,57" hai3="20,15,103,111,56,2,45,105,47,98,128,94,126"/><U73/><E116/><N who="0" m="44585" /><D114/><U63/><E39/><V85/><F36/><W4/><G111/><T107/><D107/><U11/><E109/><V50/><F125/><W54/><G126/><T22/><D37/><U1/><E34/><V97/><F131/><W110/><G110/><T19/><D93/><U100/><E100/><V9/><F29/><W70/><G70/><T28/><D28/><U59/><E73/><V133/><F133/><AGARI ba="0,0" hai="6,7,19,22,25,42,46,51,132,133,135" m="44585" machi="133" ten="30,1000,0" yaku="20,1" doraHai="82" who="0" fromWho="2" sc="246,10,218,0,320,-10,216,0" />
</Scene>
<Scene>
<INIT seed="6,0,0,0,0,57" ten="256,218,310,216" oya="2" hai0="90,115,63,44,111,61,5,50,114,34,47,45,74" hai1="71,65,33,18,91,77,58,16,29,25,96,95,38" hai2="60,123,41,124,86,15,43,109,98,116,59,79,69" hai3="3,127,14,4,17,133,56,40,13,36,1,104,89"/><V85/><F116/><W28/><G104/><T102/><D111/><U93/><E38/><V72/><F123/><W0/><G36/><T27/><D74/><U11/><E77/><V80/><F69/><W70/><G70/><T53/><D102/><U48/><E11/><V21/><F124/><W2/><G40/><T103/><D103/><U39/><E39/><V99/><F72/><W87/><G127/><T83/><D5/><U125/><E125/><V110/><F86/><W134/><G56/><N who="0" m="32823" /><D83/><U9/><E9/><V20/><F41/><W78/><G78/><T119/><D90/><U120/><E120/><V105/><F43/><W121/><G121/><T117/><D27/><U31/><E31/><V68/><F68/><W49/><G49/><T131/><D34/><U73/><E73/><V132/><F132/><N who="3" m="50795" /><G28/><T12/><D12/><N who="3" m="4713" /><G17/><T122/><D131/><U126/><E126/><V112/><F105/><W55/><G55/><T64/><D122/><U46/><E71/><V107/><F107/><W22/><G22/><T42/><D42/><U129/><E129/><V108/><F21/><W26/><G26/><T7/><D7/><U113/><E33/><V81/><F20/><W94/><N who="3" m="0" /><DORA hai="51" /><W62/><G4/><T100/><D119/><U8/><E29/><V130/><F130/><W23/><G23/><T101/><D117/><U37/><E37/><V97/><F15/><W92/><G92/><T54/><D54/><N who="1" m="29975" /><E93/><V66/><F81/><W75/><G75/><T135/><D135/><U32/><E32/><V24/><F24/><W67/><G67/><T118/><D64/><RYUUKYOKU ba="0,0" sc="256,-15,218,-15,310,15,216,15" hai2="59,60,66,79,80,85,97,98,99,108,109,110,112" hai3="62,87,89,94" />
</Scene>
<Scene>
<INIT seed="6,1,0,0,4,107" ten="241,203,325,231" oya="2" hai0="40,124,111,108,59,42,78,71,97,15,21,6,91" hai1="24,11,32,2,104,128,76,17,12,94,55,83,0" hai2="69,117,61,82,114,123,79,125,57,74,135,51,49" hai3="95,106,101,53,34,77,44,50,87,19,80,99,65"/><V115/><F117/><W118/><G118/><T105/><D71/><U119/><E104/><V122/><F123/><W93/><G34/><T4/><D78/><U112/><E112/><N who="2" m="43051" /><F122/><W25/><G65/><T23/><D124/><U46/><E119/><V1/><F1/><W73/><G25/><T45/><D59/><U102/><E128/><V116/><F116/><W113/><G113/><T14/><D105/><U29/><E102/><V92/><F135/><W81/><REACH who="3" step="1"/><G19/><REACH who="3" ten="241,203,325,221" step="2"/><T109/><D109/><U28/><E28/><V90/><F69/><W8/><G8/><T88/><D45/><U70/><E70/><V103/><F125/><W18/><G18/><T134/><D134/><U52/><E24/><V131/><F131/><W100/><G100/><T7/><D7/><U85/><E29/><V47/><F103/><W129/><G129/><T98/><AGARI ba="1,1" hai="4,6,14,15,21,23,40,42,88,91,97,98,108,111" machi="98" ten="25,6400,0" yaku="0,1,22,2,54,1" doraHai="107" who="0" fromWho="0" sc="241,77,203,-17,325,-33,221,-17" />
</Scene>
<Scene>
<INIT seed="7,0,0,5,5,5" ten="318,186,292,204" oya="3" hai0="65,53,66,106,72,58,84,77,15,115,44,90,51" hai1="122,95,8,38,27,25,32,89,31,43,35,62,30" hai2="134,110,10,13,103,19,67,91,1,7,131,118,112" hai3="76,42,130,70,75,92,105,101,16,127,39,111,116"/><W64/><G116/><T68/><D68/><U94/><E122/><V17/><F110/><W88/><G111/><T121/><D121/><U108/><E108/><V0/><F103/><W78/><G130/><T59/><D106/><U41/><E62/><V129/><F67/><N who="0" m="25610" /><D72/><U49/><E49/><V36/><F36/><W135/><G127/><T132/><D132/><U83/><E83/><V102/><F102/><W73/><G135/><T12/><D77/><U100/><E100/><V26/><F91/><W96/><G75/><T18/><D115/><U117/><E117/><V45/><F45/><W29/><G29/><T52/><D18/><N who="2" m="6666" /><F118/><W133/><G133/><T114/><D114/><U113/><E113/><V97/><F97/><W40/><G39/><T50/><D44/><U99/><E38/><V46/><F46/><W69/><G16/><T74/><D74/><U79/><E79/><V37/><F37/><W54/><G54/><T33/><D33/><U4/><E95/><AGARI ba="0,0" hai="12,15,50,51,52,53,58,59,84,90,95" m="25610" machi="95" ten="30,2000,0" yaku="8,1,54,1" doraHai="5" who="0" fromWho="1" sc="318,20,186,-20,292,0,204,0" owari="338,44.0,166,-33.0,292,9.0,204,-20.0" />
</Scene>
</mjloggm>