<mjloggm ver="2.3"><GO type="169" lobby="0"/><UN n0="%E3%83%AB%E3%83%8D%E3%82%B9%E3%82%BF" n1="%E5%BF%83%E6%BB%85" n2="%E5%A4%AA%E3%81%8F%E3%81%AA%E3%81%84%E3%81%8A" n3="%E3%83%8A%E3%82%AB%E3%83%9E%E3%82%B9%E3%83%86%E3%82%A3%E3%83%95" dan="16,18,18,16" rate="2092.36,2249.24,2248.96,2063.01" sx="M,M,M,M"/><TAIKYOKU oya="0"/>

<Scene>
<INIT seed="0,0,0,4,3,83" ten="250,250,250,250" oya="0" hai0="84,109,46,56,70,14,79,18,119,106,41,0,103" hai1="75,21,20,35,69,26,111,78,118,127,17,66,120" hai2="34,128,36,72,3,76,9,47,97,85,29,61,33" hai3="64,68,12,6,60,30,8,129,48,125,54,63,28"/><T37/><D0/><U55/><E120/><V86/><F97/><W91/><G125/><T135/><D70/><U50/><E118/><V95/><F61/><W58/><G129/><T98/><D119/><U104/><E104/><V49/><F128/><W38/><G38/><T131/><D131/><U23/><E127/><V51/><F95/><W71/><REACH who="3" step="1"/><G91/><REACH who="3" ten="250,250,250,240" step="2"/><T22/><D135/><U96/><E111/><V115/><F36/><W43/><G43/><T100/><D109/><U105/><E78/><V27/><F76/><W7/><G7/><T133/><D133/><U132/><E132/><V32/><F115/><W108/><G108/><T117/><D117/><U80/><E75/><V44/><F72/><W112/><G112/><T130/><D130/><U16/><E80/><V10/><F3/><W113/><G113/><T13/><D37/><U15/><E17/><V1/><F1/><W124/><G124/><T110/><D18/><U82/><E82/><V89/><F89/><W5/><G5/><T77/><D77/><U67/><E16/><V62/><F62/><W57/><G57/><T101/><D56/><U73/><E73/><V94/><F49/><W39/><G39/><T88/><D79/><U81/><E81/><V25/><F51/><W2/><G2/><T74/><D88/><U134/><E134/><V24/><F29/><W59/><G59/><T19/><D74/><U92/><E50/><V42/><F42/><W31/><G31/><T4/><D41/><U126/><E126/><V52/><F44/><W122/><G122/><T93/><D110/><U11/><E69/><RYUUKYOKU ba="0,1" sc="250,-10,250,-10,250,-10,240,30" hai3="6,8,12,28,30,48,54,58,60,63,64,68,71" />
</Scene>
<Scene>
<INIT seed="1,1,1,0,5,114" ten="240,240,240,270" oya="1" hai0="116,21,131,105,2,68,36,35,109,1,117,57,100" hai1="110,76,134,128,23,111,98,41,102,122,77,93,103" hai2="8,10,101,52,124,72,3,120,55,84,62,71,4" hai3="25,37,58,6,12,47,75,61,119,92,0,26,29"/><U14/><E122/><V50/><F72/><W53/><G75/><T66/><D21/><U44/><E103/><V80/><F120/><W33/><G0/><N who="0" m="107" /><D57/><U104/><E134/><V89/><F124/><W74/><G74/><T56/><D56/><U45/><E128/><V32/><F32/><W115/><G115/><T17/><D17/><N who="1" m="10679" /><E104/><V28/><F28/><W99/><G26/><T54/><D54/><U133/><E133/><V112/><F112/><W40/><G12/><T15/><D15/><U78/><E41/><V34/><F34/><W24/><G6/><T123/><D131/><U42/><E42/><V81/><F10/><W97/><G25/><T125/><D123/><U106/><E106/><V90/><F101/><W31/><G31/><T85/><D85/><U18/><E18/><V13/><F3/><W11/><G11/><T59/><D125/><U82/><E82/><V113/><F113/><W129/><G129/><T64/><D35/><U91/><E102/><V108/><F80/><W51/><G92/><T121/><D100/><U95/><E95/><V79/><F71/><W65/><REACH who="3" step="1"/><G119/><REACH who="3" ten="240,240,240,260" step="2"/><T83/><D116/><U107/><E107/><V27/><F27/><W132/><G132/><T38/><D105/><U49/><E111/><V7/><F108/><W20/><G20/><T16/><D109/><U73/><E110/><V63/><F4/><W130/><G130/><T70/><D117/><U86/><E73/><V127/><F127/><W46/><AGARI ba="1,2" hai="24,29,33,37,40,46,47,51,53,58,61,65,97,99" machi="46" ten="20,5200,0" yaku="1,1,0,1,7,1,53,1" doraHai="114" doraHaiUra="60" who="3" fromWho="3" sc="240,-14,240,-27,240,-14,260,75" />
</Scene>
<Scene>
<INIT seed="2,0,0,3,3,115" ten="226,213,226,335" oya="2" hai0="52,36,94,89,104,85,122,113,88,40,29,23,129" hai1="81,68,108,70,103,109,61,71,38,50,9,134,46" hai2="106,84,78,135,63,25,60,90,105,15,6,21,12" hai3="107,87,96,121,93,39,4,98,10,80,95,3,83"/><V67/><F135/><W11/><G121/><T45/><D104/><U77/><E103/><V100/><F78/><W114/><G39/><T32/><D113/><U19/><E134/><V55/><F55/><W28/><G28/><T56/><D32/><U79/><E38/><V92/><F60/><W47/><G47/><T57/><D122/><U126/><E126/><V13/><F6/><W17/><G107/><T51/><D129/><U124/><E124/><V111/><F111/><N who="1" m="42569" /><E61/><V35/><F35/><W64/><G64/><T112/><D112/><U132/><E132/><V43/><F43/><W33/><G33/><T8/><D8/><U2/><E81/><V18/><REACH who="2" step="1"/><F100/><REACH who="2" ten="226,213,216,335" step="2"/><W41/><G41/><T53/><D53/><U27/><E79/><V116/><F116/><W42/><G42/><T65/><D65/><U69/><E77/><V73/><F73/><W20/><G4/><T91/><REACH who="0" step="1"/><D56/><AGARI ba="0,1" hai="12,13,15,18,21,25,56,63,67,84,90,92,105,106" machi="56" ten="40,2000,0" yaku="1,1,53,0" doraHai="115" doraHaiUra="49" who="2" fromWho="0" sc="226,-20,213,0,216,30,335,0" />
</Scene>
<Scene>
<INIT seed="2,1,0,0,0,91" ten="206,213,246,335" oya="2" hai0="78,71,51,55,121,115,32,97,65,76,131,63,60" hai1="49,82,83,40,105,6,4,31,34,57,75,125,9" hai2="95,38,69,28,37,42,87,12,122,134,1,21,24" hai3="48,129,124,18,128,41,30,135,103,23,80,3,113"/><V106/><F122/><W98/><G124/><T94/><D121/><U36/><E105/><V107/><F1/><W114/><G135/><T16/><D32/><U19/><E125/><V47/><F69/><W118/><G3/><T52/><D115/><N who="3" m="44041" /><G118/><T93/><D131/><U132/><E132/><V89/><F134/><W130/><G80/><T10/><D71/><U108/><E108/><V99/><F38/><W53/><G41/><T73/><D73/><U64/><E36/><V15/><F15/><N who="3" m="9695" /><G30/><T120/><D120/><U101/><E40/><V88/><REACH who="2" step="1"/><F12/><REACH who="2" ten="206,213,236,335" step="2"/><W20/><G129/><T100/><D65/><U112/><E64/><V27/><F27/><W33/><G128/><T127/><D127/><U117/><E112/><V133/><F133/><W7/><G130/><T72/><D72/><U17/><E75/><V123/><F123/><W50/><G7/><T77/><D55/><U67/><E4/><V102/><F102/><W44/><G33/><T66/><D66/><U119/><E67/><V81/><AGARI ba="1,1" hai="21,24,28,37,42,47,81,87,88,89,95,99,106,107" machi="81" ten="20,18000,2" yaku="1,1,0,1,7,1,52,1,54,1,53,2" doraHai="91" doraHaiUra="85" who="2" fromWho="2" sc="206,-61,213,-61,236,193,335,-61" />
</Scene>
<Scene>
<INIT seed="2,2,0,5,0,11" ten="145,152,429,274" oya="2" hai0="135,110,105,56,120,116,73,8,67,30,24,90,46" hai1="134,108,76,58,47,61,77,98,88,51,117,65,113" hai2="59,69,119,130,19,99,17,79,114,87,128,40,29" hai3="50,2,107,62,34,33,54,86,6,75,96,48,64"/><V132/><F69/><W60/><G75/><T94/><D120/><U68/><E117/><V5/><F119/><W92/><G50/><T15/><D105/><U26/><E113/><V101/><F114/><W41/><G41/><T102/><D116/><U104/><E108/><V133/><F5/><W71/><G62/><T52/><D73/><U27/><E134/><N who="2" m="51819" /><F29/><W115/><G115/><T103/><D135/><U45/><E68/><V129/><F40/><W16/><G86/><T74/><D74/><U36/><E36/><V70/><F70/><W12/><G107/><T31/><D46/><U37/><E37/><V13/><F59/><W91/><G6/><N who="0" m="3479" /><D67/><U43/><E47/><V82/><F13/><W21/><REACH who="3" step="1"/><G2/><REACH who="3" ten="145,152,429,264" step="2"/><T111/><D110/><U125/><E104/><AGARI ba="2,1" hai="17,19,79,82,87,99,101,104,128,129,130" m="51819" machi="104" ten="40,3900,0" yaku="19,1,20,1" doraHai="11" who="2" fromWho="1" sc="145,0,152,-45,429,55,264,0" />
</Scene>
<Scene>
<INIT seed="2,3,0,3,3,77" ten="145,107,484,264" oya="2" hai0="67,65,68,52,32,34,119,0,31,104,19,121,134" hai1="70,45,24,129,110,39,120,44,98,2,25,86,13" hai2="130,54,105,41,82,48,59,46,43,66,83,4,73" hai3="109,117,60,35,29,131,30,22,58,100,122,123,69"/><V38/><F105/><W114/><G117/><T88/><D121/><U101/><E2/><V55/><F130/><W16/><G131/><T51/><D104/><U112/><E112/><V23/><F73/><W135/><G69/><T53/><D0/><U111/><E70/><V87/><F66/><W133/><G109/><T36/><D36/><U85/><E129/><V17/><F4/><W61/><G100/><T91/><D119/><U93/><E120/><V40/><F87/><W28/><G114/><T42/><D134/><N who="3" m="51209" /><G35/><T15/><D42/><U56/><E56/><V5/><F5/><W94/><G94/><T50/><D15/><U124/><E13/><N who="2" m="9647" /><F38/><W10/><G10/><T89/><D68/><U1/><E1/><V92/><F92/><W57/><G57/><T14/><D32/><U125/><E39/><V102/><F102/><W27/><G60/><AGARI ba="3,0" hai="40,41,43,46,48,54,55,59,60,82,83" m="9647" machi="60" ten="30,5800,0" yaku="8,1,52,2" doraHai="77" who="2" fromWho="3" sc="145,0,107,0,484,67,264,-67" />
</Scene>
<Scene>
<INIT seed="2,4,0,4,2,12" ten="145,107,551,197" oya="2" hai0="2,15,46,94,83,39,108,85,43,21,60,35,126" hai1="10,24,109,77,86,76,11,105,37,122,17,65,27" hai2="23,22,81,127,112,7,111,84,131,1,42,134,53" hai3="100,128,55,40,92,32,58,119,117,59,29,56,75"/><V20/><F112/><W64/><G75/><T102/><D2/><U107/><E37/><V115/><F115/><W129/><G40/><T88/><D35/><U61/><E109/><V9/><F127/><W130/><G29/><T34/><D34/><U87/><E61/><V95/><F131/><W72/><G72/><T97/><D108/><U18/><REACH who="1" step="1"/><E65/><REACH who="1" ten="145,97,551,197" step="2"/><V3/><F111/><W66/><G66/><T121/><D126/><U47/><E47/><V44/><F134/><W30/><G64/><T38/><D60/><U79/><E79/><V96/><F53/><W116/><G55/><T57/><D57/><U120/><AGARI ba="4,1" hai="10,11,17,18,24,27,76,77,86,87,105,107,120,122" machi="120" ten="25,16000,3" yaku="1,1,0,1,22,2,52,2,53,2" doraHai="12" doraHaiUra="6" who="1" fromWho="1" sc="145,-44,97,182,551,-84,197,-44" />
</Scene>
<Scene>
<INIT seed="3,0,0,5,2,116" ten="101,279,467,153" oya="3" hai0="108,61,91,41,32,128,21,85,76,44,36,55,46" hai1="70,126,25,71,66,58,26,127,60,112,30,38,118" hai2="122,62,37,131,22,67,48,7,109,117,132,11,94" hai3="123,89,99,56,42,47,68,134,87,63,92,74,110"/><W88/><G123/><T80/><D32/><U35/><E112/><V124/><F117/><W19/><G134/><T130/><D108/><U54/><E118/><V78/><F37/><W100/><G110/><T6/><D6/><U27/><E38/><V72/><F109/><W105/><G68/><T17/><D46/><U125/><REACH who="1" step="1"/><E71/><REACH who="1" ten="101,269,467,153" step="2"/><V53/><F132/><W20/><G74/><T98/><D36/><U12/><E12/><V51/><F72/><W90/><G47/><T29/><D44/><U96/><E96/><V104/><F124/><W65/><REACH who="3" step="1"/><G42/><REACH who="3" ten="101,269,467,143" step="2"/><T81/><D41/><U16/><E16/><V114/><F114/><W3/><G3/><T50/><D17/><U18/><E18/><V113/><F113/><W5/><G5/><T97/><D29/><U33/><E33/><V10/><F7/><W82/><G82/><T121/><D80/><U57/><E57/><V34/><F34/><W77/><G77/><T86/><D81/><U102/><E102/><V23/><F78/><W59/><G59/><T83/><D76/><U52/><E52/><V49/><F53/><W13/><AGARI ba="0,2" hai="13,19,20,56,63,65,87,88,89,90,92,99,100,105" machi="13" ten="20,12000,1" yaku="1,1,0,1,7,1,54,1,53,1" doraHai="116" doraHaiUra="101" who="3" fromWho="3" sc="101,-40,269,-40,467,-40,143,140" />
</Scene>
<Scene>
<INIT seed="3,1,0,0,4,101" ten="61,229,427,283" oya="3" hai0="69,49,54,28,14,62,39,105,95,115,9,123,37" hai1="66,18,76,1,13,92,119,50,36,58,77,100,47" hai2="42,65,89,57,109,22,59,32,11,4,3,116,5" hai3="117,132,24,124,51,55,114,84,63,34,71,121,20"/><W130/><G114/><T12/><D115/><U87/><E1/><V126/><F116/><W75/><G117/><T56/><D123/><U112/><E112/><V93/><F32/><W43/><G75/><T21/><D105/><U30/><E30/><V134/><F109/><W103/><G121/><T122/><D122/><U111/><E111/><V128/><F128/><W2/><G2/><T31/><D37/><U48/><E119/><V90/><F126/><W67/><G124/><T26/><D39/><U29/><E29/><V102/><F42/><W64/><G64/><T78/><D31/><U120/><E36/><V80/><F22/><W10/><G10/><T27/><D27/><U15/><E15/><V8/><F134/><W113/><G113/><T97/><D78/><U131/><E131/><V0/><F65/><W40/><G34/><T125/><D125/><U33/><E33/><V25/><F25/><W53/><G130/><T6/><D69/><U107/><E107/><V46/><F46/><W52/><G20/><T106/><D106/><U44/><E44/><V82/><F102/><W86/><G103/><N who="0" m="60863" /><D14/><U110/><E110/><V133/><F133/><W73/><G24/><T135/><D135/><U17/><E120/><V60/><F93/><W99/><G132/><T23/><D23/><U129/><E13/><V118/><F118/><W45/><G71/><T41/><D41/><N who="1" m="24687" /><E129/><V72/><REACH who="2" step="1"/><F60/><AGARI ba="1,0" hai="6,9,12,21,26,28,49,54,56,60,62" m="60863" machi="60" ten="30,1000,0" yaku="8,1" doraHai="101" who="0" fromWho="2" sc="61,13,229,0,427,-13,283,0" />
</Scene>
<Scene>
<INIT seed="4,0,0,1,5,87" ten="74,229,414,283" oya="0" hai0="134,3,54,57,34,20,86,74,128,121,56,76,8" hai1="135,4,36,53,29,7,51,94,26,62,96,19,65" hai2="119,103,27,88,118,78,97,38,58,77,69,85,127" hai3="40,10,131,71,61,101,5,132,125,66,21,84,12"/><T90/><D34/><U45/><E36/><V95/><F69/><W2/><G125/><T105/><D105/><U83/><E19/><V67/><F38/><W92/><G131/><T102/><D121/><U41/><E83/><V129/><F129/><W64/><G132/><T48/><D128/><U13/><E135/><V123/><F123/><W79/><G40/><T14/><D134/><U106/><E41/><V0/><F0/><W47/><G47/><T35/><D35/><U31/><E106/><V114/><F114/><W30/><G64/><T23/><D102/><U73/><E73/><V33/><F127/><W107/><G107/><T59/><D3/><U109/><E109/><V17/><F67/><W120/><G79/><T89/><D74/><U68/><E13/><V110/><F58/><N who="0" m="22634" /><D86/><U75/><E75/><V122/><F122/><W42/><G84/><T16/><D76/><U32/><E31/><N who="2" m="19711" /><F17/><W9/><G2/><T126/><D126/><U6/><E6/><V52/><F52/><W93/><G30/><T113/><D113/><U124/><E124/><V39/><F39/><W104/><G5/><N who="0" m="3343" /><D23/><U130/><E130/><V44/><F110/><W43/><G120/><T60/><D60/><U55/><E55/><V133/><F133/><W82/><G104/><T116/><D116/><N who="2" m="44586" /><F44/><W80/><G61/><T37/><D37/><U25/><E32/><V22/><F22/><W91/><G66/><T115/><D115/><U111/><E111/><V49/><F49/><W24/><G71/><T98/><D98/><U99/><E99/><V112/><F112/><W28/><G21/><RYUUKYOKU ba="0,0" sc="74,15,229,-15,414,15,283,-15" hai0="16,20,48,54,59,89,90" hai2="77,78,85,88,95,97,103" />
</Scene>
<Scene>
<INIT seed="4,1,0,2,5,127" ten="89,214,429,268" oya="0" hai0="103,22,19,36,27,81,55,46,135,5,124,20,108" hai1="71,65,106,66,100,128,79,99,33,134,51,83,120" hai2="125,37,7,34,86,30,2,53,74,3,87,110,68" hai3="73,64,57,54,11,1,78,10,44,48,91,62,102"/><T59/><D124/><U119/><E120/><V16/><F74/><W96/><G1/><T80/><D108/><U17/><E119/><V25/><F125/><W131/><G131/><T18/><D135/><U113/><E134/><V60/><F37/><W76/><G91/><T26/><D5/><U23/><E33/><V95/><F110/><W28/><G28/><T13/><D13/><U93/><E113/><V116/><F116/><W107/><G73/><T90/><D103/><U111/><E111/><V82/><F7/><W109/><G109/><T24/><D24/><U38/><E38/><V130/><F130/><W35/><G35/><T47/><D36/><U94/><E128/><V77/><F95/><W114/><G114/><T8/><D8/><U70/><E51/><V92/><F92/><W40/><G11/><T75/><D75/><U117/><E93/><V69/><F86/><W49/><REACH who="3" step="1"/><G10/><REACH who="3" ten="89,214,429,258" step="2"/><T105/><D90/><U72/><E117/><V112/><F112/><W50/><G50/><T129/><D129/><U29/><E29/><V126/><F126/><W118/><G118/><T101/><D101/><U39/><E39/><V45/><F2/><W43/><G43/><T88/><D88/><U14/><REACH who="1" step="1"/><E106/><REACH who="1" ten="89,204,429,258" step="2"/><V0/><F34/><W98/><G98/><T12/><D105/><U104/><E104/><V41/><F30/><W15/><G15/><T58/><D12/><U52/><E52/><AGARI ba="1,2" hai="18,19,20,22,26,27,46,47,52,55,58,59,80,81" machi="52" ten="25,9600,0" yaku="22,2,8,1,54,1" doraHai="127" who="0" fromWho="1" sc="89,119,204,-99,429,0,258,0" />
</Scene>
<Scene>
<INIT seed="4,2,0,3,5,105" ten="208,105,429,258" oya="0" hai0="132,45,72,13,65,112,79,111,68,106,6,67,59" hai1="31,52,60,36,83,126,133,27,55,119,86,127,14" hai2="22,131,81,61,66,7,75,84,3,102,97,49,70" hai3="121,91,94,39,5,85,101,115,42,1,56,24,46"/><T89/><D106/><U90/><E119/><V100/><F131/><W76/><G115/><T32/><D112/><U54/><E36/><V33/><F33/><W82/><G121/><T134/><D32/><U80/><E133/><N who="0" m="51305" /><D68/><U4/><E60/><V98/><F22/><W50/><G24/><T116/><D116/><U37/><E37/><V103/><F49/><W124/><G124/><T17/><D6/><U23/><REACH who="1" step="1"/><E83/><REACH who="1" ten="208,95,429,258" step="2"/><V93/><F81/><W29/><G39/><T40/><D111/><U130/><E130/><V9/><F61/><W47/><G82/><N who="0" m="45415" /><D89/><U118/><E118/><V129/><F129/><W125/><G125/><T41/><D67/><U8/><AGARI ba="2,1" hai="4,8,14,23,27,31,52,54,55,80,86,90,126,127" machi="8" ten="30,4000,0" yaku="1,1,0,1,54,1,53,0" doraHai="105" doraHaiUra="88" who="1" fromWho="1" sc="208,-22,95,56,429,-12,258,-12" />
</Scene>
<Scene>
<INIT seed="5,0,0,3,4,85" ten="186,151,417,246" oya="1" hai0="16,68,76,88,59,30,111,3,6,73,112,128,29" hai1="52,114,20,96,36,101,95,116,46,91,106,102,74" hai2="107,134,62,21,66,122,24,17,104,129,133,90,12" hai3="113,64,67,125,124,110,11,15,7,57,44,43,81"/><U48/><E116/><V109/><F109/><W49/><G110/><T4/><D111/><U78/><E114/><V118/><F118/><W10/><G113/><T56/><D68/><U130/><E130/><V28/><F122/><W0/><G57/><T9/><D112/><U5/><E5/><V89/><F129/><W70/><G70/><T86/><D128/><U92/><E106/><N who="2" m="40491" /><F62/><W1/><G81/><T131/><D76/><U93/><E36/><V19/><F66/><W65/><REACH who="3" step="1"/><G11/><REACH who="3" ten="186,151,417,236" step="2"/><T71/><D71/><U37/><E37/><V41/><F134/><W127/><AGARI ba="0,1" hai="0,1,7,10,15,43,44,49,64,65,67,124,125,127" machi="127" ten="40,8000,1" yaku="1,1,2,1,0,1,18,1,53,0" doraHai="85" doraHaiUra="75" who="3" fromWho="3" sc="186,-20,151,-40,417,-20,236,90" />
</Scene>
<Scene>
<INIT seed="6,0,0,2,2,6" ten="166,111,397,326" oya="2" hai0="64,75,56,19,41,0,49,112,2,95,78,91,115" hai1="76,12,88,68,123,82,8,110,69,119,54,94,30" hai2="24,77,9,63,55,120,42,81,92,116,122,39,129" hai3="100,11,135,71,7,124,20,66,84,52,83,86,80"/><V125/><F116/><W103/><G124/><T45/><D75/><U111/><E119/><V59/><F125/><W106/><G106/><T62/><D78/><U128/><E30/><V133/><F133/><W10/><G135/><T44/><D19/><U89/><E128/><V108/><F129/><W34/><G34/><T46/><D44/><U23/><E123/><V48/><F108/><W114/><G114/><N who="0" m="43563" /><D46/><U28/><E111/><V33/><F39/><W96/><G20/><T43/><D43/><U104/><E104/><V107/><F107/><W53/><G66/><T15/><D15/><U13/><E110/><V14/><F42/><W97/><G71/><T47/><D47/><U22/><E69/><V31/><F92/><W99/><G99/><AGARI ba="0,0" hai="0,2,41,45,49,56,62,64,91,95,99" m="43563" machi="99" ten="30,1000,0" yaku="15,1" doraHai="6" who="0" fromWho="3" sc="166,10,111,0,397,0,326,-10" />
</Scene>
<Scene>
<INIT seed="7,0,0,1,3,103" ten="176,111,397,316" oya="3" hai0="98,133,31,111,130,125,91,70,47,49,14,33,51" hai1="97,71,30,45,13,18,32,124,19,58,16,119,57" hai2="93,56,10,80,15,116,115,118,29,94,59,39,9" hai3="135,35,106,61,50,44,109,46,25,122,89,72,114"/><W95/><G72/><T86/><D70/><U83/><E71/><V127/><F39/><W7/><G109/><T87/><D111/><U120/><E120/><V79/><F29/><W67/><G122/><T54/><D133/><U12/><E124/><V4/><F127/><W3/><G135/><T132/><D125/><U36/><E119/><V113/><F80/><W76/><G76/><T40/><D132/><U63/><E32/><V123/><F79/><W101/><G114/><N who="2" m="43529" /><F123/><W100/><G46/><T5/><D33/><U85/><E30/><V77/><F77/><W17/><G106/><T96/><D31/><U81/><E36/><V11/><F59/><N who="3" m="37311" /><G3/><T110/><D87/><U28/><E28/><V107/><F107/><W52/><G7/><T65/><D65/><U0/><E0/><N who="2" m="135" /><F56/><W64/><G64/><T129/><D110/><U23/><E97/><V102/><F102/><W55/><G35/><T1/><D14/><U2/><E2/><V75/><F75/><W74/><G74/><T78/><D78/><U88/><E83/><V112/><F112/><W68/><G68/><T43/><D5/><U92/><E81/><V84/><F116/><W62/><G62/><T21/><D1/><U48/><E63/><V6/><F118/><W27/><G55/><T105/><D105/><U38/><E38/><V117/><F117/><W126/><G126/><T69/><D69/><U41/><E19/><N who="2" m="8695" /><F84/><N who="3" m="52647" /><G17/><T131/><D40/><U8/><AGARI ba="0,0" hai="8,12,13,16,18,23,41,45,48,57,58,85,88,92" machi="8" ten="20,8000,1" yaku="0,1,7,1,8,1,54,2" doraHai="103" who="1" fromWho="1" sc="176,-20,111,80,397,-20,316,-40" owari="156,-34.0,191,-21.0,377,47.0,276,8.0" />
</Scene>
</mjloggm>