<mjloggm ver="2.3"><GO type="169" lobby="0"/><UN n0="%E3%83%AA%E3%83%A7%E3%82%AA" n1="%E3%83%92%E3%83%AB%E3%83%99%E3%83%AB%E3%83%88" n2="%E4%B8%87%E8%83%BD%E3%81%AD%E3%81%8E" n3="%E5%A4%AA%E3%81%8F%E3%81%AA%E3%81%84%E3%81%8A" dan="16,18,16,18" rate="2042.01,2294.16,2113.13,2259.28" sx="M,M,M,M"/><TAIKYOKU oya="0"/>

<Scene>
<INIT seed="0,0,0,3,2,104" ten="250,250,250,250" oya="0" hai0="58,20,76,86,74,26,36,89,57,22,78,129,63" hai1="85,64,117,16,88,87,44,113,100,135,39,131,127" hai2="107,70,94,5,14,27,38,116,95,59,25,54,109" hai3="61,47,34,99,9,128,8,65,75,132,31,69,56"/><T123/><D123/><U6/><E117/><V49/><F107/><W92/><G128/><T1/><D1/><U68/><E131/><V51/><F38/><W62/><G132/><T82/><D36/><U114/><E100/><V48/><F70/><W45/><G75/><T121/><D121/><U4/><E127/><V134/><F109/><W40/><G31/><T0/><D0/><U24/><E87/><V2/><F2/><W112/><G34/><T52/><D129/><U66/><E135/><V71/><F71/><W115/><G8/><T77/><D20/><N who="1" m="13319" /><E39/><V126/><F126/><W102/><G9/><T17/><REACH who="0" step="1"/><D58/><REACH who="0" ten="240,250,250,250" step="2"/><U43/><E68/><V3/><F3/><W81/><G56/><T119/><D119/><U122/><E122/><V19/><F116/><W91/><G69/><T21/><D21/><U42/><E114/><V130/><F130/><W72/><G115/><T96/><D96/><U12/><E113/><V90/><F134/><W60/><G112/><T15/><D15/><U83/><E12/><V32/><F32/><W93/><G99/><T10/><D10/><U50/><E43/><V103/><F14/><W18/><G40/><T133/><D133/><U55/><E42/><V37/><F37/><W33/><G33/><T35/><D35/><U120/><E120/><V13/><F13/><W97/><G97/><T11/><D11/><U110/><E110/><V106/><F59/><W98/><G98/><T79/><D79/><U23/><E23/><V125/><F125/><W67/><G102/><T28/><D28/><U73/><E73/><AGARI ba="0,1" hai="17,22,26,52,57,63,73,74,76,77,78,82,86,89" machi="73" ten="40,12000,1" yaku="1,1,52,2,54,1,53,0" doraHai="104" doraHaiUra="101" who="0" fromWho="1" sc="240,130,250,-120,250,0,250,0" />
</Scene>
<Scene>
<INIT seed="0,1,0,5,0,93" ten="370,130,250,250" oya="0" hai0="41,58,79,123,121,47,34,90,55,127,111,122,49" hai1="27,95,61,97,109,92,38,67,71,8,36,128,101" hai2="98,126,30,78,1,7,2,6,0,4,17,112,57" hai3="28,15,56,64,60,33,113,130,9,74,12,40,96"/><T102/><D34/><U10/><E128/><V88/><F78/><W85/><G74/><T129/><D129/><U114/><E114/><V19/><F112/><W59/><G113/><T103/><D79/><U108/><E95/><N who="2" m="56679" /><F30/><W43/><G130/><T62/><D127/><U118/><E118/><V125/><F57/><W100/><G85/><T73/><D73/><U3/><E27/><V24/><F24/><W94/><G33/><T81/><D111/><N who="1" m="42571" /><E10/><V16/><AGARI ba="1,0" hai="0,1,2,4,6,7,16,17,19,125,126" m="56679" machi="16" ten="40,8000,1" yaku="29,2,52,1,54,2" doraHai="93" who="2" fromWho="2" sc="370,-41,130,-21,250,83,250,-21" />
</Scene>
<Scene>
<INIT seed="1,0,0,5,0,73" ten="329,109,333,229" oya="1" hai0="14,60,6,26,39,12,38,118,121,11,19,50,24" hai1="103,116,135,83,96,119,43,32,35,3,105,127,87" hai2="8,64,77,124,108,57,80,70,128,113,129,81,98" hai3="72,30,17,48,42,28,69,94,107,104,10,66,89"/><U45/><E127/><V37/><F70/><W114/><G114/><T54/><D118/><U33/><E135/><V86/><F124/><W53/><G72/><T101/><D121/><U40/><E3/><V95/><F113/><W15/><G42/><T31/><D60/><U88/><REACH who="1" step="1"/><E43/><REACH who="1" ten="329,99,333,229" step="2"/><V41/><F41/><W29/><G69/><T56/><D39/><AGARI ba="0,1" hai="32,33,35,39,40,45,83,87,88,96,103,105,116,119" machi="39" ten="40,12000,1" yaku="1,1,2,1,54,1,53,1" doraHai="73" doraHaiUra="78" who="1" fromWho="0" sc="329,-120,99,130,333,0,229,0" />
</Scene>
<Scene>
<INIT seed="1,1,0,0,0,97" ten="209,229,333,229" oya="1" hai0="82,112,42,30,22,14,107,52,11,90,129,114,21" hai1="126,67,132,4,40,124,24,25,33,134,55,20,84" hai2="57,85,37,88,75,13,8,26,79,66,61,65,130" hai3="68,108,87,41,16,64,72,104,103,78,109,50,76"/><U127/><E67/><V63/><F37/><W48/><G72/><T2/><D2/><U18/><E40/><V77/><F75/><W93/><G104/><T110/><D110/><N who="3" m="42601" /><G68/><T38/><D107/><U117/><E55/><V47/><F47/><N who="3" m="25711" /><G64/><T34/><D34/><U119/><E84/><V89/><F26/><W58/><G16/><T29/><D29/><N who="1" m="19631" /><E4/><V9/><F130/><W115/><G87/><T99/><D30/><U133/><AGARI ba="1,0" hai="18,20,24,117,119,124,126,127,132,133,134" m="19631" machi="133" ten="40,12000,1" yaku="18,1,20,1,34,2" doraHai="97" who="1" fromWho="1" sc="209,-41,229,123,333,-41,229,-41" />
</Scene>
<Scene>
<INIT seed="1,2,0,3,1,11" ten="168,352,292,188" oya="1" hai0="125,104,121,10,58,75,91,74,53,23,101,49,38" hai1="89,120,102,36,33,130,31,135,47,72,1,105,0" hai2="2,111,8,60,78,34,127,80,132,117,92,55,112" hai3="95,100,16,45,103,26,20,17,12,107,64,5,40"/><U99/><E89/><V51/><F117/><W67/><G107/><T110/><D121/><U119/><E119/><V4/><F111/><W79/><G5/><T22/><D38/><U133/><E120/><V98/><F127/><W71/><G79/><T59/><D110/><U85/><E85/><V129/><F132/><N who="1" m="50761" /><E72/><V96/><F129/><W106/><G106/><T25/><D125/><U50/><E130/><V84/><F34/><W37/><G71/><T66/><D10/><U35/><E36/><V134/><F134/><W3/><G3/><N who="1" m="1098" /><E31/><V44/><F112/><W122/><G122/><T69/><D91/><U61/><E61/><V63/><F96/><W123/><G123/><T70/><D101/><AGARI ba="2,0" hai="2,4,8,44,51,55,60,63,78,80,84,92,98,101" machi="101" ten="30,1000,0" yaku="7,1" doraHai="11" who="2" fromWho="0" sc="168,-16,352,0,292,16,188,0" />
</Scene>
<Scene>
<INIT seed="2,0,0,1,5,53" ten="152,352,308,188" oya="2" hai0="100,92,33,18,115,88,24,35,48,87,122,102,63" hai1="60,9,108,47,51,135,17,127,7,66,130,2,14" hai2="125,131,39,123,78,4,59,40,0,84,55,45,86" hai3="93,110,23,113,76,97,132,107,41,80,105,79,11"/><V104/><F123/><W98/><G41/><T37/><D37/><U50/><E108/><V54/><F131/><W49/><G110/><T34/><D115/><U36/><E127/><V42/><F125/><W46/><G113/><T124/><D124/><U69/><E135/><V109/><F109/><W13/><G132/><T133/><D133/><U73/><E73/><V128/><F128/><W72/><G79/><T95/><D122/><U111/><E130/><V99/><F54/><W6/><G97/><T103/><D48/><U27/><E111/><V56/><F55/><W83/><G83/><T129/><D129/><U119/><E119/><V70/><F70/><W81/><G81/><T19/><D63/><U43/><E27/><V26/><F42/><W106/><G23/><AGARI ba="0,0" hai="2,7,9,14,17,23,36,43,47,50,51,60,66,69" machi="23" ten="30,1000,0" yaku="7,1" doraHai="53" who="1" fromWho="3" sc="152,0,352,10,308,0,188,-10" />
</Scene>
<Scene>
<INIT seed="3,0,0,4,5,32" ten="152,362,308,178" oya="3" hai0="3,9,70,47,120,11,128,97,116,48,30,78,82" hai1="31,127,64,112,111,135,15,118,68,79,83,67,98" hai2="107,36,89,86,41,8,20,123,16,101,14,73,25" hai3="66,28,61,60,37,53,87,49,24,100,125,26,62"/><W7/><G37/><T42/><D120/><U124/><E112/><V105/><F73/><W129/><G129/><T104/><D116/><U23/><E111/><V54/><F101/><W45/><G125/><T99/><D70/><U55/><E135/><V110/><F110/><W58/><G100/><T122/><D122/><U0/><E0/><V90/><F90/><W126/><G126/><N who="1" m="48170" /><E68/><V17/><F123/><W114/><G114/><T113/><D128/><U1/><E1/><V13/><F25/><W74/><G74/><T65/><D65/><U76/><E98/><N who="0" m="37385" /><D3/><U33/><E33/><V6/><F6/><W21/><G7/><T5/><D104/><U46/><E79/><V75/><F75/><W77/><REACH who="3" step="1"/><G24/><REACH who="3" ten="152,362,308,168" step="2"/><T134/><D5/><U27/><E118/><V4/><F4/><W85/><G85/><N who="0" m="48343" /><D113/><U106/><E15/><V10/><F14/><W29/><G29/><T2/><D30/><U43/><E106/><V81/><F107/><W52/><G52/><T103/><D2/><U84/><E55/><V88/><F54/><W63/><G63/><T40/><D103/><U130/><E130/><V132/><F105/><W39/><G39/><AGARI ba="0,1" hai="23,27,31,39,43,46,64,67,76,83,84" m="48170" machi="39" ten="30,1000,0" yaku="18,1" doraHai="32" who="1" fromWho="3" sc="152,0,362,20,308,0,168,-10" />
</Scene>
<Scene>
<INIT seed="4,0,0,3,4,112" ten="152,382,308,158" oya="0" hai0="91,25,56,63,94,23,52,125,15,3,72,20,68" hai1="12,67,55,129,42,46,1,71,59,24,21,51,108" hai2="73,16,64,114,49,83,30,5,58,124,7,0,61" hai3="127,90,66,45,57,82,78,27,34,22,99,87,29"/><T47/><D72/><U133/><E1/><V75/><F114/><W116/><G127/><T65/><D3/><U98/><E108/><V2/><F30/><W86/><G99/><T97/><D125/><U119/><E129/><V101/><F124/><W84/><G34/><T53/><D47/><U10/><E133/><V18/><F101/><W4/><G4/><T38/><D38/><U102/><E67/><V122/><F122/><W69/><G69/><T40/><D40/><U130/><E71/><V92/><F92/><W37/><G116/><T132/><D132/><U85/><E85/><V110/><F110/><W77/><G37/><T31/><D68/><U100/><E130/><V70/><F73/><W26/><G45/><T33/><D33/><U134/><E119/><V11/><F5/><W106/><G106/><T118/><REACH who="0" step="1"/><D118/><REACH who="0" ten="142,382,308,158" step="2"/><U79/><E134/><V44/><F2/><W36/><G36/><T54/><D54/><U121/><E46/><V74/><F70/><W39/><G39/><T48/><D48/><U80/><E42/><V120/><F74/><W126/><G126/><T104/><D104/><U128/><E128/><V8/><F0/><W96/><G77/><T93/><D93/><U28/><E121/><V111/><F120/><W95/><G66/><T131/><D131/><U13/><E79/><V35/><F64/><W43/><G43/><T17/><AGARI ba="0,1" hai="15,17,20,23,25,31,52,53,56,63,65,91,94,97" machi="17" ten="30,18000,2" yaku="1,1,0,1,8,1,54,1,53,2" doraHai="112" doraHaiUra="19" who="0" fromWho="0" sc="142,190,382,-60,308,-60,158,-60" />
</Scene>
<Scene>
<INIT seed="4,1,0,0,1,124" ten="332,322,248,98" oya="0" hai0="128,40,47,106,86,104,5,29,82,113,24,108,10" hai1="78,115,92,19,67,52,133,53,27,90,35,70,49" hai2="39,96,65,13,0,72,112,33,102,3,7,57,36" hai3="54,18,61,8,118,77,41,80,17,88,11,110,121"/><T132/><D113/><U131/><E115/><V22/><F33/><W122/><G110/><T60/><D132/><U120/><E120/><V123/><F123/><N who="3" m="47115" /><G118/><T6/><D108/><U134/><E78/><V68/><F68/><W91/><G41/><T4/><D60/><N who="1" m="40295" /><E49/><V107/><F72/><W20/><G61/><T69/><D69/><U28/><E19/><N who="3" m="7178" /><G20/><T74/><D74/><U21/><E21/><V135/><F22/><W89/><G54/><T111/><D10/><N who="3" m="3625" /><G77/><T119/><D119/><U50/><E52/><V130/><F57/><W99/><G80/><T26/><D111/><U32/><E32/><V30/><F112/><W101/><G101/><T62/><D62/><U16/><E53/><V105/><F102/><W103/><G103/><T37/><D40/><U117/><E50/><V79/><F79/><W84/><G84/><T58/><D47/><U75/><E75/><V127/><F65/><W94/><G94/><T66/><D86/><N who="1" m="52311" /><E16/><V76/><F76/><W34/><G99/><T114/><D114/><U56/><E56/><V98/><F96/><W45/><G34/><T2/><D58/><U83/><E83/><V95/><F98/><W38/><G45/><T85/><D82/><U31/><E117/><V48/><F48/><W63/><G63/><T59/><D59/><U12/><E12/><V93/><F13/><W109/><G109/><T1/><D66/><U129/><E28/><V81/><F93/><W23/><G23/><T71/><D29/><U116/><E116/><V42/><F30/><W55/><G55/><T51/><D85/><U9/><E9/><RYUUKYOKU ba="1,0" sc="332,-15,322,15,248,-15,98,15" hai1="27,31,35,129,131,133,134" hai3="38,88,89,91" />
</Scene>
<Scene>
<INIT seed="5,2,0,0,5,100" ten="317,337,233,113" oya="1" hai0="8,126,77,125,5,11,55,34,135,81,82,4,70" hai1="123,53,91,39,112,62,97,131,117,13,119,73,50" hai2="107,6,21,105,38,49,41,18,108,134,76,48,75" hai3="68,133,64,47,0,23,120,56,71,69,83,118,86"/><U44/><E73/><V15/><F108/><W29/><G120/><T60/><D34/><U61/><E91/><V43/><F38/><W127/><G0/><T36/><D36/><U122/><E97/><V65/><F65/><W102/><G127/><N who="0" m="48651" /><D135/><U93/><E93/><V2/><F134/><W124/><G124/><T98/><D98/><U116/><E13/><V3/><F75/><W132/><G118/><T58/><D70/><U10/><E10/><N who="0" m="3625" /><D82/><U111/><E131/><V16/><F76/><W92/><G83/><T59/><D59/><U31/><E31/><V54/><F15/><W130/><G130/><T85/><AGARI ba="2,0" hai="4,5,55,58,60,77,81,85" m="3625,48651" machi="85" ten="30,1100,0" yaku="18,1" doraHai="100" who="0" fromWho="0" sc="317,17,337,-7,233,-5,113,-5" />
</Scene>
<Scene>
<INIT seed="6,0,0,3,3,15" ten="334,330,228,108" oya="2" hai0="4,59,71,134,89,112,80,132,101,103,49,70,16" hai1="31,12,76,111,84,1,27,50,6,39,43,66,11" hai2="62,108,72,51,41,18,52,13,73,124,91,44,46" hai3="117,81,61,29,57,133,102,24,107,22,33,19,122"/><V104/><F104/><W135/><G117/><T90/><D112/><U113/><E113/><V47/><F124/><W60/><G122/><T109/><D4/><U126/><E126/><V9/><F108/><W85/><G102/><T87/><D109/><U56/><E111/><V115/><F115/><W42/><G42/><T96/><D90/><U17/><E39/><V99/><F62/><W93/><G93/><T114/><D103/><U58/><E66/><V36/><F46/><W64/><G107/><T110/><D110/><U25/><E43/><V20/><REACH who="2" step="1"/><F9/><REACH who="2" ten="334,330,218,108" step="2"/><W23/><G61/><T78/><D114/><U127/><E127/><V75/><F75/><W21/><G135/><T68/><D134/><U48/><E58/><V121/><F121/><W130/><G133/><T74/><D132/><U3/><E56/><V8/><F8/><W120/><G120/><T92/><D59/><U10/><E1/><V105/><F105/><W55/><G64/><T95/><D71/><U53/><E53/><V79/><F79/><W40/><G40/><T77/><D78/><U131/><E131/><V28/><F28/><W88/><REACH who="3" step="1"/><G130/><REACH who="3" ten="334,330,218,98" step="2"/><T37/><D70/><U86/><E3/><V2/><F2/><W82/><G82/><T63/><D68/><U34/><E6/><V118/><F118/><W100/><G100/><T5/><D101/><U54/><E54/><V119/><F119/><W32/><G32/><T0/><D80/><U65/><E34/><V45/><F45/><W123/><G123/><T7/><D0/><U26/><E65/><V38/><F38/><W35/><G35/><RYUUKYOKU ba="0,2" sc="334,-15,330,-15,218,15,98,15" hai2="13,18,20,36,41,44,47,51,52,72,73,91,99" hai3="19,21,22,23,24,29,33,55,57,60,81,85,88" />
</Scene>
<Scene>
<INIT seed="6,1,2,3,5,99" ten="319,315,233,113" oya="2" hai0="71,115,84,44,19,65,74,26,85,0,117,58,38" hai1="54,102,90,50,121,60,10,20,77,86,127,72,118" hai2="33,21,28,130,32,13,37,43,111,8,92,34,123" hai3="82,122,106,108,5,129,46,39,4,51,135,48,61"/><V45/><F123/><W63/><G122/><T87/><D74/><U80/><E127/><V52/><F130/><W69/><G108/><T101/><D0/><U131/><E131/><V119/><F119/><W124/><G129/><T88/><D71/><U3/><E118/><V55/><F111/><W89/><G106/><T18/><D117/><U81/><E121/><V42/><F42/><W73/><G124/><T96/><D115/><U67/><E20/><V105/><F105/><W36/><G135/><T98/><D98/><U103/><E10/><V47/><F47/><W17/><G17/><N who="0" m="6155" /><D44/><U25/><E25/><V114/><F114/><W41/><G73/><T109/><D38/><U49/><E3/><V2/><F2/><W57/><G69/><T133/><D26/><U14/><E14/><V132/><F132/><W100/><G46/><T107/><D133/><U12/><E12/><V23/><F23/><W56/><G41/><T16/><D16/><U66/><E66/><V79/><F21/><W1/><G1/><T53/><D65/><U9/><E9/><V76/><F28/><W62/><G36/><T11/><D11/><U78/><E78/><V113/><F13/><W104/><G39/><T70/><D70/><U125/><E125/><V94/><F8/><W126/><G126/><T24/><D24/><U91/><E91/><V40/><F113/><W22/><G22/><T31/><D31/><U95/><E80/><V83/><F83/><W30/><G30/><T112/><D112/><U75/><E72/><V93/><F40/><W7/><G82/><N who="0" m="49175" /><D109/><U6/><E75/><RYUUKYOKU ba="1,2" sc="319,15,315,-15,233,15,113,-15" hai0="53,58,85,87,96,101,107" hai2="32,33,34,37,43,45,52,55,76,79,92,93,94" />
</Scene>
<Scene>
<INIT seed="6,2,2,5,0,65" ten="334,300,248,98" oya="2" hai0="70,48,8,16,110,32,108,120,0,19,33,60,46" hai1="119,26,44,51,28,109,131,104,79,125,30,116,18" hai2="68,102,106,77,81,63,27,17,31,107,69,14,124" hai3="42,3,43,23,5,118,135,98,6,113,96,40,13"/><V121/><F121/><W100/><G118/><T87/><D120/><U49/><E104/><V37/><F37/><W54/><G135/><T84/><D0/><U91/><E109/><V25/><F25/><W55/><G3/><T67/><D19/><U61/><E125/><V94/><F124/><W38/><G38/><T78/><D33/><U95/><E131/><V97/><F63/><W2/><G2/><T73/><D32/><U75/><E18/><V103/><F103/><W129/><G129/><T57/><D57/><U88/><E61/><V35/><F107/><W71/><G113/><T90/><D78/><U7/><E7/><V36/><F106/><W45/><G71/><T128/><D73/><U59/><E59/><V134/><F36/><W133/><G133/><T53/><D87/><U130/><E130/><V52/><F52/><N who="3" m="20011" /><G45/><T82/><REACH who="0" step="1"/><D128/><REACH who="0" ten="324,300,248,98" step="2"/><U21/><E79/><V24/><F134/><W20/><G13/><AGARI ba="2,3" hai="8,13,16,46,48,53,60,67,70,82,84,90,108,110" machi="13" ten="40,12000,2" yaku="1,1,2,1,25,2,52,1,54,1,53,1" doraHai="65" doraHaiUra="11" who="0" fromWho="3" sc="324,156,300,0,248,0,98,-126" owari="480,58.0,300,10.0,248,-15.0,-28,-53.0" />
</Scene>
</mjloggm>