<mjloggm ver="2.3"><GO type="169" lobby="0"/><UN n0="%E5%A8%98%E3%80%82" n1="%E5%AE%AE%E5%B4%8E%E7%9C%8C%E4%BB%A3%E8%A1%A8" n2="%E3%81%BE%E3%81%BF%E3%81%AD%E3%81%93" n3="%E5%A4%AA%E3%81%8F%E3%81%AA%E3%81%84%E3%81%8A" dan="17,17,16,17" rate="2140.23,2130.18,2216.72,2261.14" sx="M,M,M,M"/><TAIKYOKU oya="0"/>

<Scene>
<INIT seed="0,0,0,3,2,32" ten="250,250,250,250" oya="0" hai0="26,37,123,60,97,57,2,94,40,38,12,8,77" hai1="29,69,59,93,67,21,25,125,71,106,0,129,133" hai2="115,72,65,24,22,50,43,126,54,89,114,73,79" hai3="58,9,10,70,63,104,116,108,99,128,23,110,127"/><T7/><D123/><U91/><E125/><V16/><F126/><W75/><G116/><T76/><D26/><U42/><E133/><V20/><F65/><W100/><G127/><T86/><D12/><U98/><E129/><V64/><F64/><N who="3" m="41247" /><G75/><T46/><D86/><U121/><E121/><V4/><F4/><W112/><G112/><T120/><D38/><U85/><E42/><V132/><F132/><W102/><G102/><T90/><REACH who="0" step="1"/><D120/><REACH who="0" ten="240,250,250,250" step="2"/><U27/><E25/><V68/><F73/><W41/><G128/><T17/><D17/><U122/><E122/><V88/><F72/><W11/><G110/><T124/><D124/><U34/><E34/><V130/><F130/><W83/><G108/><T48/><D48/><U18/><E18/><V135/><F135/><W95/><G99/><T15/><D15/><U105/><E27/><V61/><F16/><W44/><G23/><T55/><AGARI ba="0,1" hai="2,7,8,37,40,46,55,57,60,76,77,90,94,97" machi="55" ten="20,12000,1" yaku="1,1,0,1,7,1,52,1,53,1" doraHai="32" doraHaiUra="56" who="0" fromWho="0" sc="240,130,250,-40,250,-40,250,-40" />
</Scene>
<Scene>
<INIT seed="0,1,0,3,3,6" ten="370,210,210,210" oya="0" hai0="18,16,76,11,97,131,50,68,79,17,5,9,10" hai1="73,117,72,45,120,126,12,19,64,119,87,124,132" hai2="49,74,109,133,67,26,91,86,52,58,66,99,8" hai3="116,89,113,63,3,61,46,51,2,125,30,80,135"/><T0/><D68/><U60/><E120/><V4/><F109/><W57/><G113/><T111/><D111/><U38/><E132/><V83/><F133/><W84/><G135/><T24/><D131/><U123/><E123/><V69/><F69/><W36/><G116/><N who="1" m="44618" /><E87/><V103/><F26/><W47/><G30/><T81/><D24/><U55/><E55/><V102/><F74/><W20/><G20/><T7/><D97/><U78/><E78/><N who="0" m="29737" /><D0/><U32/><E32/><V13/><REACH who="2" step="1"/><F103/><REACH who="2" ten="370,210,200,210" step="2"/><W130/><G130/><T128/><D128/><U95/><E73/><V115/><F115/><W34/><G125/><T15/><D81/><U62/><E72/><V129/><F129/><W65/><G80/><T98/><D98/><U39/><E124/><V56/><F56/><W23/><G57/><T43/><D5/><U94/><E126/><V114/><F114/><W85/><G84/><T105/><D105/><AGARI ba="1,1" hai="4,8,13,49,52,58,66,67,83,86,91,99,102,105" machi="105" ten="30,7700,0" yaku="1,1,7,1,52,1,54,1,53,0" doraHai="6" doraHaiUra="40" who="2" fromWho="0" sc="370,-80,210,0,200,90,210,0" />
</Scene>
<Scene>
<INIT seed="1,0,0,4,4,5" ten="290,210,290,210" oya="1" hai0="45,76,14,43,108,15,40,115,78,112,39,46,24" hai1="105,29,12,56,19,113,67,92,70,47,99,132,94" hai2="86,109,35,93,135,64,17,34,52,66,102,57,58" hai3="123,96,85,26,33,6,110,98,130,114,88,125,4"/><U41/><E132/><V106/><F106/><W7/><G123/><T16/><D108/><U59/><E113/><V31/><F109/><W95/><G110/><T44/><D24/><U128/><E128/><V3/><F3/><W22/><G114/><T117/><D117/><U42/><E105/><V60/><F135/><W79/><G33/><T72/><D14/><U65/><E29/><V55/><F17/><W104/><G130/><T50/><D46/><U126/><E126/><V37/><F37/><W118/><G125/><T21/><REACH who="0" step="1"/><D78/><REACH who="0" ten="280,210,290,210" step="2"/><U80/><E12/><V87/><F35/><W2/><G118/><T97/><D97/><U111/><E47/><V62/><F34/><W101/><G79/><T27/><D27/><U13/><E13/><V54/><F31/><W121/><G98/><AGARI ba="0,1" hai="52,54,55,57,58,60,62,64,66,86,87,93,98,102" machi="98" ten="40,5200,0" yaku="9,1,8,1,54,1" doraHai="5" who="2" fromWho="3" sc="280,0,210,0,290,62,210,-52" />
</Scene>
<Scene>
<INIT seed="2,0,0,5,5,59" ten="280,210,352,158" oya="2" hai0="104,27,54,103,61,116,1,51,115,57,6,121,69" hai1="2,5,19,4,68,84,108,33,105,30,43,87,63" hai2="60,71,16,102,67,14,49,64,7,95,98,93,77" hai3="122,47,82,17,10,45,134,85,120,20,127,26,101"/><V62/><F7/><W46/><G127/><T91/><D121/><U129/><E108/><V131/><F131/><W65/><G134/><T94/><D115/><U119/><E119/><V135/><F135/><W89/><G101/><T12/><D116/><U128/><E105/><V42/><F77/><W88/><G10/><T70/><D1/><U124/><E124/><V37/><F37/><W114/><G114/><T75/><D75/><U56/><E68/><V109/><F109/><W83/><REACH who="3" step="1"/><G65/><REACH who="3" ten="280,210,352,148" step="2"/><N who="2" m="25161" /><F71/><W111/><G111/><T58/><D70/><U132/><E132/><V125/><F125/><W100/><G100/><T74/><D103/><U123/><E123/><V21/><F95/><W86/><AGARI ba="0,1" hai="17,20,26,45,46,47,82,83,85,86,88,89,120,122" machi="86" ten="30,12000,2" yaku="1,1,0,1,9,1,54,1,53,3" doraHai="59" doraHaiUra="41" who="3" fromWho="3" sc="280,-30,210,-30,352,-60,148,130" />
</Scene>
<Scene>
<INIT seed="3,0,0,5,2,114" ten="250,180,292,278" oya="3" hai0="33,18,118,37,3,26,40,131,66,15,123,27,100" hai1="71,106,110,108,20,38,94,61,42,36,1,88,2" hai2="124,67,72,133,44,104,76,77,93,12,21,64,81" hai3="59,87,29,89,116,54,10,120,30,119,57,92,0"/><W47/><G120/><T53/><D123/><U86/><E106/><V41/><F104/><W134/><G134/><T102/><D3/><N who="1" m="1035" /><E42/><V39/><F133/><W43/><G0/><T68/><D131/><U62/><E20/><V14/><F124/><W90/><G10/><T132/><D132/><U19/><E19/><V75/><F93/><W28/><G89/><T91/><D40/><U115/><E115/><V117/><F117/><W51/><REACH who="3" step="1"/><G59/><REACH who="3" ten="250,180,292,268" step="2"/><T55/><D91/><U9/><E9/><V122/><F122/><W23/><G23/><T128/><D102/><U129/><E129/><V78/><F21/><W109/><G109/><N who="1" m="42090" /><E71/><V16/><F78/><W121/><G121/><T101/><D128/><U60/><AGARI ba="0,1" hai="36,38,60,61,62,86,88,94" m="42090,1035" machi="60" ten="40,2700,0" yaku="14,1,54,1" doraHai="114" who="1" fromWho="1" sc="250,-7,180,37,292,-7,268,-13" />
</Scene>
<Scene>
<INIT seed="4,0,0,4,2,41" ten="243,217,285,255" oya="0" hai0="52,36,104,3,79,130,131,101,72,34,46,117,102" hai1="77,88,96,62,37,123,39,128,19,27,28,16,26" hai2="71,86,35,126,94,21,10,24,135,87,65,73,4" hai3="100,83,107,38,54,47,49,14,59,75,93,66,8"/><T103/><D117/><U45/><E123/><V98/><F73/><W82/><G107/><T61/><D34/><U42/><E128/><N who="0" m="49193" /><D3/><U6/><E39/><V0/><F35/><W23/><G23/><T91/><D91/><U68/><E77/><V110/><F110/><W95/><G75/><T85/><D72/><U67/><E6/><V20/><F20/><W124/><G124/><T13/><D13/><U109/><E109/><V50/><F135/><W111/><G111/><T9/><D9/><U22/><REACH who="1" step="1"/><E27/><REACH who="1" ten="243,207,285,255" step="2"/><V44/><F126/><W40/><G66/><T122/><D122/><U53/><E53/><V116/><F65/><W29/><G38/><T115/><D36/><U74/><E74/><V31/><F116/><W25/><G25/><T64/><D79/><U51/><E51/><V69/><F69/><W132/><G54/><T121/><D121/><U105/><E105/><V33/><F71/><W119/><G49/><N who="0" m="28727" /><D104/><U30/><E30/><V43/><F33/><W58/><G29/><T97/><D64/><U18/><E18/><V2/><F2/><W57/><G119/><T120/><D120/><U15/><E15/><V90/><AGARI ba="0,1" hai="0,4,10,21,24,31,43,44,50,86,87,90,94,98" machi="90" ten="20,2700,0" yaku="0,1,7,1,52,1" doraHai="41" who="2" fromWho="2" sc="243,-13,207,-7,285,37,255,-7" />
</Scene>
<Scene>
<INIT seed="5,0,0,1,1,123" ten="230,200,322,248" oya="1" hai0="83,80,48,95,121,84,53,102,112,51,94,85,99" hai1="124,47,67,88,26,90,9,23,10,32,104,109,1" hai2="131,29,71,11,45,62,7,98,31,116,35,16,81" hai3="126,4,15,34,24,37,74,111,106,39,133,56,13"/><U63/><E124/><V103/><F116/><W59/><G74/><T65/><D121/><U36/><E32/><V119/><F119/><W12/><G106/><T78/><D112/><U115/><E115/><V57/><F71/><W54/><G126/><T28/><D28/><U114/><E114/><V42/><F81/><W44/><G4/><T21/><D21/><U69/><E104/><V8/><F131/><W108/><G133/><T50/><D65/><U43/><E109/><V3/><F35/><W5/><G5/><T122/><D122/><U46/><E46/><V38/><F16/><W89/><G89/><T55/><REACH who="0" step="1"/><D95/><REACH who="0" ten="220,200,322,248" step="2"/><U70/><E70/><V87/><F29/><W41/><G34/><T72/><D72/><U130/><E130/><V14/><F31/><W93/><G93/><T2/><D2/><U97/><E1/><V75/><F75/><W58/><G24/><T19/><D19/><U107/><E107/><V49/><F3/><W76/><G108/><T91/><AGARI ba="0,1" hai="48,50,51,53,55,78,80,83,84,85,91,94,99,102" machi="91" ten="30,4000,0" yaku="1,1,0,1,8,1,53,0" doraHai="123" doraHaiUra="101" who="0" fromWho="0" sc="220,50,200,-20,322,-10,248,-10" />
</Scene>
<Scene>
<INIT seed="6,0,0,4,1,10" ten="270,180,312,238" oya="2" hai0="123,54,59,69,98,1,4,44,51,26,110,114,101" hai1="119,92,95,116,34,130,57,78,41,5,117,135,102" hai2="128,52,2,79,90,16,99,3,29,65,64,48,66" hai3="91,68,133,37,15,39,126,53,17,113,72,111,7"/><V20/><F128/><W122/><G122/><T127/><D110/><U134/><E34/><V56/><F79/><W9/><G111/><T73/><D123/><U60/><E130/><V112/><F112/><W121/><G121/><T28/><D73/><U124/><E124/><V85/><F99/><W104/><G104/><T115/><D69/><U14/><E41/><V22/><F22/><W55/><G68/><T11/><D44/><U25/><E25/><V21/><F21/><W83/><G126/><T13/><D127/><U93/><E78/><V76/><F76/><W45/><G72/><T81/><D81/><U109/><E102/><V70/><F70/><W71/><G71/><T97/><D1/><U38/><E38/><V75/><F75/><W32/><G32/><N who="0" m="20503" /><D101/><U62/><E109/><V0/><F29/><W30/><G133/><N who="1" m="50698" /><E57/><V94/><REACH who="2" step="1"/><F0/><REACH who="2" ten="270,180,302,238" step="2"/><W105/><G30/><T23/><D23/><U132/><N who="1" m="50706" /><U49/><DORA hai="100" /><E117/><V36/><F36/><W86/><G113/><AGARI ba="0,1" hai="4,11,13,51,54,59,97,98,113,114,115" m="20503" machi="113" ten="30,2000,0" yaku="15,1,52,1" doraHai="10,100" who="0" fromWho="3" sc="270,30,180,0,302,0,238,-20" />
</Scene>
<Scene>
<INIT seed="7,0,0,0,0,120" ten="300,180,302,218" oya="3" hai0="11,6,21,19,33,44,14,100,49,54,43,130,127" hai1="41,42,98,20,124,29,68,40,121,107,23,28,22" hai2="110,12,24,37,63,25,104,101,73,97,4,60,50" hai3="67,132,79,59,95,74,92,126,131,122,34,36,99"/><W65/><G122/><T52/><D127/><U134/><E121/><V31/><F37/><W85/><G36/><T3/><D130/><U7/><E124/><V56/><F73/><W93/><G126/><T77/><D33/><U64/><E134/><V26/><F110/><W117/><G117/><T87/><D100/><U96/><E107/><V32/><F50/><W69/><G34/><T81/><AGARI ba="0,0" hai="3,6,11,14,19,21,43,44,49,52,54,77,81,87" machi="81" ten="30,2000,0" yaku="0,1,54,1" doraHai="120" who="0" fromWho="0" sc="300,20,180,-5,302,-5,218,-10" owari="320,41.0,175,-32.0,297,10.0,208,-19.0" />
</Scene>
</mjloggm>