<mjloggm ver="2.3"><GO type="169" lobby="0"/><UN n0="%E6%96%91%E7%9B%AE%56" n1="%44%6F%72%61%6B%6F" n2="%E9%BA%BB%E7%94%9F%E9%9B%80%E5%AD%90" n3="%E5%A4%AA%E3%81%8F%E3%81%AA%E3%81%84%E3%81%8A" dan="17,17,16,17" rate="2151.60,2190.56,2069.65,2257.15" sx="M,F,F,M"/><TAIKYOKU oya="0"/>

<Scene>
<INIT seed="0,0,0,2,4,115" ten="250,250,250,250" oya="0" hai0="51,8,23,112,21,6,45,113,22,99,73,120,79" hai1="68,19,116,75,76,103,108,40,118,90,83,56,74" hai2="72,4,85,106,32,5,92,132,14,91,89,67,58" hai3="82,3,96,37,53,1,71,66,57,77,78,52,29"/><T46/><D120/><U95/><E68/><V17/><F72/><W102/><G37/><T47/><D51/><U61/><E40/><V36/><F106/><W107/><G29/><T114/><D99/><U94/><E74/><V131/><F32/><W129/><G129/><T88/><D73/><U125/><E108/><V59/><F36/><W104/><G104/><T128/><D79/><U30/><E125/><V43/><F43/><W110/><G110/><T7/><D128/><U54/><E30/><V122/><F122/><W117/><G117/><T126/><D126/><U50/><E19/><V48/><F131/><W123/><G123/><T38/><D38/><U49/><E103/><V69/><F69/><W119/><G119/><T15/><REACH who="0" step="1"/><D6/><REACH who="0" ten="240,250,250,250" step="2"/><U31/><E49/><V35/><F4/><W130/><G77/><T26/><D26/><U60/><E50/><V63/><F5/><W100/><G96/><T10/><D10/><U33/><E61/><V44/><F89/><AGARI ba="0,1" hai="7,8,15,21,22,23,45,46,47,88,89,112,113,114" machi="89" ten="50,12000,1" yaku="1,1,29,2,54,1,53,0" doraHai="115" doraHaiUra="62" who="0" fromWho="2" sc="240,130,250,0,250,-120,250,0" />
</Scene>
<Scene>
<INIT seed="0,1,0,3,3,68" ten="370,250,130,250" oya="0" hai0="76,47,96,118,135,109,40,113,124,130,17,94,102" hai1="21,27,30,115,35,122,11,8,107,67,16,51,63" hai2="126,81,44,85,134,1,18,73,4,20,52,43,133" hai3="22,13,97,9,37,101,34,104,12,75,88,66,60"/><T86/><D113/><U15/><E122/><V98/><F73/><W7/><G34/><T48/><D118/><U28/><E107/><V83/><F126/><W112/><G112/><T59/><D124/><U23/><E115/><V46/><F1/><W129/><G75/><T64/><D135/><N who="2" m="51722" /><F4/><W106/><G129/><T42/><D130/><U110/><E51/><N who="2" m="28791" /><F85/><W6/><G37/><T127/><D127/><U70/><REACH who="1" step="1"/><E110/><REACH who="1" ten="370,240,130,250" step="2"/><V62/><F62/><W89/><G106/><T99/><D109/><U91/><E91/><V14/><F98/><W45/><G89/><T87/><D99/><U58/><E58/><V82/><F82/><W121/><G88/><T19/><D42/><U80/><E80/><V57/><F57/><W119/><G121/><T114/><D114/><U72/><E72/><V93/><F93/><W132/><G132/><T105/><D105/><U116/><E116/><V24/><F83/><W61/><G119/><T111/><D111/><U125/><E125/><V92/><F92/><W29/><G104/><T50/><D50/><U2/><E2/><V95/><F95/><W32/><G97/><T77/><D86/><U56/><E56/><V53/><F81/><W33/><G61/><N who="0" m="37951" /><D87/><U78/><E78/><AGARI ba="1,1" hai="17,19,40,47,48,76,77,78,94,96,102" m="37951" machi="78" ten="30,1500,0" yaku="8,1" doraHai="68" who="0" fromWho="1" sc="370,28,240,-18,130,0,250,0" />
</Scene>
<Scene>
<INIT seed="0,2,0,0,3,65" ten="398,222,130,250" oya="0" hai0="98,135,48,114,66,105,16,3,29,116,134,130,45" hai1="94,106,89,85,76,9,72,82,13,102,127,120,63" hai2="64,97,83,12,80,34,126,55,42,40,47,108,36" hai3="74,30,121,18,32,107,132,95,123,88,20,91,84"/><T124/><D3/><U67/><E120/><N who="3" m="46154" /><G74/><T111/><D29/><U4/><E127/><V46/><F34/><W90/><G107/><T75/><D75/><U122/><E122/><V78/><F126/><W8/><G132/><T52/><D124/><U62/><REACH who="1" step="1"/><E67/><REACH who="1" ten="398,212,130,250" step="2"/><V7/><F64/><W10/><G32/><T51/><D66/><U22/><E22/><V93/><F108/><W11/><G30/><T103/><D111/><U59/><E59/><V129/><F129/><W56/><G56/><T109/><D109/><U79/><E79/><V73/><F55/><W71/><G71/><T37/><D130/><U113/><E113/><V115/><F115/><W99/><G99/><AGARI ba="2,1" hai="4,9,13,62,63,72,76,82,85,89,94,99,102,106" machi="99" ten="40,5200,0" yaku="1,1,24,2,53,0" doraHai="65" doraHaiUra="119" who="1" fromWho="3" sc="398,0,212,68,130,0,250,-58" />
</Scene>
<Scene>
<INIT seed="1,0,0,0,0,105" ten="398,280,130,192" oya="1" hai0="99,34,100,56,135,130,36,11,21,52,0,79,86" hai1="90,127,49,83,123,59,38,89,14,18,72,54,107" hai2="93,102,16,104,73,94,66,5,53,118,114,132,37" hai3="97,41,81,106,55,108,116,48,40,63,88,1,10"/><U51/><E123/><V7/><F118/><W84/><G116/><T26/><D36/><U47/><E38/><V121/><F121/><W2/><G108/><T82/><D34/><U96/><E127/><V15/><F37/><W128/><G128/><T33/><D33/><U30/><E30/><V61/><F104/><W77/><G63/><T95/><D135/><U46/><E107/><V85/><F132/><W45/><G10/><T119/><D130/><U12/><E12/><V13/><F13/><W87/><G106/><T103/><D119/><U78/><E96/><N who="2" m="59663" /><F73/><W120/><G97/><T29/><D0/><U80/><E80/><V111/><F111/><W8/><G120/><T122/><D122/><U39/><E39/><V109/><F109/><W117/><G117/><T65/><D11/><U6/><E6/><V44/><F66/><W64/><G64/><T124/><D124/><U75/><E75/><V60/><F114/><W19/><G2/><T62/><D103/><U113/><E59/><N who="2" m="34927" /><F61/><W112/><G112/><T32/><D32/><U98/><E98/><V92/><F44/><W4/><REACH who="3" step="1"/><G19/><REACH who="3" ten="398,280,130,182" step="2"/><T17/><D65/><U58/><E113/><V70/><F70/><W28/><G28/><AGARI ba="0,1" hai="17,21,26,28,29,52,56,62,79,82,86,95,99,100" machi="28" ten="40,2600,0" yaku="8,1,54,1" doraHai="105" who="0" fromWho="3" sc="398,36,280,0,130,0,182,-26" />
</Scene>
<Scene>
<INIT seed="2,0,0,3,5,95" ten="434,280,130,156" oya="2" hai0="27,28,99,19,23,117,83,30,42,53,94,112,120" hai1="2,67,98,127,124,104,102,129,40,56,8,97,44" hai2="100,34,72,77,121,108,47,43,32,96,58,33,63" hai3="74,45,131,110,21,93,61,31,89,68,116,5,80"/><V107/><F121/><W101/><G116/><T79/><D117/><U71/><E71/><V78/><F72/><W70/><G110/><T69/><D69/><U24/><E129/><V135/><F135/><W10/><G131/><T51/><D42/><U20/><E67/><V87/><F108/><W125/><G125/><N who="1" m="48202" /><E56/><V54/><REACH who="2" step="1"/><F87/><REACH who="2" ten="434,280,120,156" step="2"/><W111/><G111/><T35/><D120/><U84/><E84/><V128/><F128/><W82/><G74/><T118/><D118/><U66/><E66/><V106/><F106/><W90/><G70/><T126/><D126/><U46/><E104/><V7/><F7/><W36/><G5/><T81/><D112/><U13/><E2/><V123/><F123/><W114/><G68/><T37/><D37/><AGARI ba="0,1" hai="32,33,34,37,43,47,54,58,63,77,78,96,100,107" machi="37" ten="40,3900,0" yaku="1,1,52,1,53,0" doraHai="95" doraHaiUra="76" who="2" fromWho="0" sc="434,-39,280,0,120,49,156,0" />
</Scene>
<Scene>
<INIT seed="2,1,0,4,5,12" ten="395,280,169,156" oya="2" hai0="88,20,33,2,39,109,30,57,128,55,6,64,82" hai1="21,8,65,96,19,58,130,85,105,77,73,66,38" hai2="116,84,7,26,16,61,56,80,108,75,95,40,17" hai3="23,34,24,10,72,0,106,121,98,103,68,74,107"/><V15/><F116/><W90/><G121/><T69/><D39/><U71/><E71/><V122/><F122/><W70/><G106/><T36/><D36/><U63/><E73/><N who="3" m="28266" /><G23/><T99/><D128/><U124/><E124/><V3/><F3/><W43/><G90/><T76/><D109/><U47/><E130/><V118/><F75/><W93/><G93/><T59/><D33/><U117/><E117/><V129/><F129/><W60/><G43/><T11/><D76/><U22/><E8/><N who="2" m="4511" /><F40/><W1/><G10/><T49/><D30/><U48/><E38/><V31/><F108/><W44/><G44/><T113/><D20/><U67/><E22/><N who="2" m="15831" /><F95/><W104/><G104/><T13/><D2/><N who="3" m="1129" /><G60/><T78/><D11/><U94/><E105/><V89/><F118/><W101/><G101/><T37/><D37/><U32/><E94/><V50/><F50/><W114/><G114/><T45/><D113/><U81/><E96/><V18/><F18/><W54/><G54/><AGARI ba="1,0" hai="16,17,54,56,61,80,84,89" m="15831,4511" machi="54" ten="30,11600,0" yaku="8,1,52,2,54,1" doraHai="12" who="2" fromWho="3" sc="395,0,280,0,169,119,156,-119" />
</Scene>
<Scene>
<INIT seed="2,2,0,2,5,116" ten="395,280,288,37" oya="2" hai0="94,12,96,81,88,60,78,59,1,19,31,18,28" hai1="37,64,53,125,82,128,45,121,115,104,118,24,26" hai2="54,98,17,42,76,69,22,27,91,133,103,35,97" hai3="65,67,32,108,113,38,29,99,10,20,131,33,102"/><V11/><F133/><W120/><G38/><T47/><D1/><U7/><E115/><V51/><F69/><W129/><G113/><T87/><D47/><U117/><E104/><V55/><F35/><N who="3" m="13387" /><G108/><T122/><D122/><U46/><E7/><V70/><F70/><W107/><G10/><T58/><D58/><U40/><E64/><N who="3" m="24650" /><G20/><T23/><D18/><U126/><E82/><V75/><F75/><W101/><G29/><T95/><D95/><U89/><E89/><V63/><F76/><W16/><G16/><T119/><D119/><U135/><E135/><V79/><F79/><W21/><G21/><T105/><D105/><U5/><E5/><V112/><F112/><W92/><G107/><T124/><D124/><U39/><E40/><V9/><F42/><W111/><G111/><T15/><D15/><U66/><E66/><AGARI ba="2,0" hai="12,19,23,28,31,59,60,66,78,81,87,88,94,96" machi="66" ten="30,3900,0" yaku="7,1,8,1,54,1" doraHai="116" who="0" fromWho="1" sc="395,45,280,-45,288,0,37,0" />
</Scene>
<Scene>
<INIT seed="3,0,0,0,5,87" ten="440,235,288,37" oya="3" hai0="16,81,49,17,45,46,18,130,59,126,52,105,65" hai1="106,61,129,99,113,96,11,85,15,95,34,112,37" hai2="57,119,84,89,125,48,42,88,104,21,108,121,70" hai3="74,41,24,73,2,97,39,12,58,71,134,120,94"/><W32/><G2/><T3/><D3/><U56/><E37/><V77/><F70/><W101/><G71/><T40/><D105/><U92/><E34/><V131/><F119/><W100/><G120/><T51/><D130/><U93/><E129/><V9/><F131/><W117/><G117/><T6/><D126/><U7/><E106/><V28/><F104/><W72/><G134/><T62/><D81/><U25/><E25/><N who="2" m="16431" /><F125/><W78/><G12/><T43/><D6/><U116/><E116/><V22/><F108/><W35/><G78/><T122/><D122/><U20/><E20/><V128/><F128/><W91/><G58/><T31/><D31/><U109/><E109/><V124/><F9/><W27/><G27/><T114/><D114/><U76/><E112/><V111/><F111/><W69/><G69/><T8/><D8/><U5/><E5/><V60/><F22/><W90/><G100/><T53/><AGARI ba="0,0" hai="16,17,18,40,43,45,46,49,51,52,53,59,62,65" machi="53" ten="30,8000,1" yaku="0,1,9,1,8,1,54,2" doraHai="87" who="0" fromWho="0" sc="440,80,235,-20,288,-20,37,-40" owari="520,61.0,215,-18.0,268,7.0,-3,-50.0" />
</Scene>
</mjloggm>