<mjloggm ver="2.3"><GO type="169" lobby="0"/><UN n0="%E3%81%AC%E3%81%8F%E3%82%82%E3%82%8A" n1="%E9%BA%BB%E9%9B%80%E7%89%87%E6%83%B3%E3%81%84" n2="%E3%83%97%E3%83%AD%E3%83%86%E3%82%A4%E3%83%B3%E5%BE%97%E7%9B%9B" n3="%E5%A4%AA%E3%81%8F%E3%81%AA%E3%81%84%E3%81%8A" dan="16,16,16,17" rate="2137.25,2121.76,2153.44,2254.41" sx="M,M,M,M"/><TAIKYOKU oya="0"/>

<Scene>
<INIT seed="0,0,0,4,5,120" ten="250,250,250,250" oya="0" hai0="127,57,107,67,5,46,101,126,96,113,106,13,9" hai1="104,82,16,23,12,11,85,27,95,128,40,133,117" hai2="97,64,135,21,32,75,100,45,84,26,37,109,89" hai3="33,116,34,77,81,56,87,39,60,74,44,59,38"/><T22/><D113/><U110/><E117/><V61/><F75/><W42/><G116/><T118/><D118/><U2/><E104/><V51/><F37/><W63/><G39/><T98/><D46/><U70/><E70/><V65/><F135/><W91/><G59/><T66/><D22/><U8/><E128/><V102/><F32/><W103/><G60/><T31/><D31/><U25/><E133/><V112/><F112/><W49/><G103/><N who="0" m="62823" /><D57/><U125/><E125/><AGARI ba="0,0" hai="5,9,13,66,67,98,101,107,125,126,127" m="62823" machi="125" ten="30,1500,0" yaku="18,1" doraHai="120" who="0" fromWho="1" sc="250,15,250,-15,250,0,250,0" />
</Scene>
<Scene>
<INIT seed="0,1,0,4,0,96" ten="265,235,250,250" oya="0" hai0="52,62,28,1,97,48,27,72,16,51,67,92,129" hai1="58,29,109,135,53,93,111,73,118,42,45,47,19" hai2="61,127,17,84,70,121,132,49,55,41,133,44,77" hai3="0,60,57,33,8,3,80,91,76,74,7,102,83"/><T112/><D112/><U100/><E73/><V35/><F35/><W12/><G33/><T105/><D72/><U134/><E29/><V78/><F121/><W81/><G102/><N who="0" m="60711" /><D105/><U113/><E19/><V90/><F127/><W79/><G91/><T75/><D75/><U23/><E23/><V37/><F17/><W10/><G76/><T54/><D1/><U85/><E85/><V5/><F5/><W13/><G0/><T116/><D116/><U22/><E22/><V39/><F39/><W4/><REACH who="3" step="1"/><G3/><REACH who="3" ten="265,235,250,240" step="2"/><T99/><D99/><N who="1" m="59503" /><E118/><V107/><F78/><W59/><G59/><N who="0" m="37343" /><D129/><U98/><E98/><V31/><F77/><W69/><G69/><T30/><D30/><U71/><E71/><V82/><F31/><W40/><G40/><T125/><D28/><U14/><E113/><V56/><F107/><W26/><G26/><T114/><D114/><U123/><E14/><V126/><F126/><W95/><G95/><T108/><D125/><U65/><E123/><V120/><F120/><W32/><G32/><T106/><D106/><U86/><E86/><V24/><F24/><W89/><G89/><T88/><D88/><U124/><E124/><V94/><F94/><W117/><G117/><T50/><D108/><N who="1" m="41547" /><E42/><V104/><F104/><W128/><G128/><T68/><D68/><U119/><E119/><V2/><F2/><W6/><G6/><T34/><D34/><U25/><E25/><V64/><AGARI ba="1,1" hai="37,41,44,49,55,56,61,64,70,82,84,90,132,133" machi="64" ten="30,4000,0" yaku="0,1,24,2" doraHai="96" who="2" fromWho="2" sc="265,-21,235,-11,250,53,240,-11" />
</Scene>
<Scene>
<INIT seed="1,0,0,1,2,41" ten="244,224,303,229" oya="1" hai0="85,16,69,49,59,101,58,120,72,116,18,15,79" hai1="44,92,121,94,67,19,83,97,122,31,104,48,52" hai2="28,23,60,87,110,39,71,12,55,125,134,1,22" hai3="126,13,56,40,62,63,113,82,42,99,89,86,111"/><U5/><E104/><V74/><F28/><W2/><G2/><T88/><D116/><U30/><E92/><V81/><F1/><W34/><G113/><T64/><D120/><U8/><E121/><V36/><F74/><W76/><G34/><T115/><D115/><U109/><E109/><V3/><F3/><W91/><G111/><T84/><D72/><U57/><E83/><V105/><F105/><W128/><G128/><T10/><D101/><U124/><E124/><V37/><F125/><W46/><G126/><T14/><D79/><U32/><E32/><V54/><F134/><W68/><G68/><T102/><D102/><N who="1" m="60727" /><E5/><V95/><F95/><W29/><G29/><N who="1" m="10762" /><E122/><V107/><F107/><W98/><G76/><T26/><D26/><U50/><E67/><V21/><F12/><W106/><G13/><T129/><D129/><U35/><E35/><V80/><F80/><W9/><G82/><N who="0" m="49175" /><D64/><U90/><E90/><V108/><F108/><W7/><G106/><T6/><D69/><U0/><E0/><V73/><F73/><W118/><G7/><T131/><D6/><U96/><E96/><V135/><F135/><W47/><G86/><T123/><D131/><U65/><E65/><N who="2" m="41383" /><F110/><W4/><G4/><T33/><D33/><U93/><E93/><V127/><F127/><W119/><G9/><N who="0" m="6255" /><D123/><U20/><E8/><V117/><F117/><W27/><G27/><T75/><D75/><U45/><E50/><V133/><F133/><W103/><G103/><T114/><D114/><U53/><E53/><N who="2" m="19979" /><F37/><W70/><G70/><T25/><D10/><U100/><E100/><RYUUKYOKU ba="0,0" sc="244,-30,224,10,303,10,229,10" hai1="19,20,44,45,48,52,57" hai2="21,22,23,36,39,81,87" hai3="40,42,46,47,56,62,63,89,91,98,99,118,119" />
</Scene>
<Scene>
<INIT seed="1,1,0,0,1,57" ten="214,234,313,239" oya="1" hai0="61,96,26,30,24,62,8,70,118,29,27,63,90" hai1="51,46,6,58,107,110,42,12,126,105,7,44,39" hai2="54,135,115,119,64,97,35,16,98,84,125,113,81" hai3="43,0,31,41,33,21,89,128,34,3,94,19,10"/><U68/><E68/><V73/><F35/><W32/><G128/><T15/><D118/><U133/><E133/><V52/><F73/><W85/><G31/><N who="0" m="11787" /><D70/><U129/><E129/><V130/><F119/><W45/><G10/><T67/><D67/><U4/><E126/><V47/><F125/><W22/><G43/><T116/><D116/><U82/><E110/><V36/><F64/><W95/><G95/><N who="0" m="56439" /><D26/><U78/><E58/><V114/><F135/><W48/><REACH who="3" step="1"/><G21/><REACH who="3" ten="214,234,313,229" step="2"/><T14/><D14/><AGARI ba="1,1" hai="0,3,14,19,22,32,33,34,41,45,48,85,89,94" machi="14" ten="40,5200,0" yaku="1,1,2,1,53,1" doraHai="57" doraHaiUra="91" who="3" fromWho="0" sc="214,-55,234,0,313,0,229,65" />
</Scene>
<Scene>
<INIT seed="2,0,0,0,0,69" ten="159,234,313,294" oya="2" hai0="9,124,98,122,23,78,70,33,56,18,0,87,84" hai1="42,128,91,113,40,34,14,49,132,103,102,130,27" hai2="41,20,85,8,83,118,63,99,75,36,107,119,26" hai3="4,7,25,13,104,44,111,54,121,92,38,58,35"/><V120/><F75/><W22/><G104/><T73/><D70/><U126/><E14/><V105/><F120/><W52/><G121/><T80/><D33/><U81/><E27/><V112/><F112/><W66/><G111/><T2/><D122/><U109/><E34/><V55/><F8/><W3/><G3/><T100/><D124/><U37/><E37/><V1/><F1/><W57/><G35/><T116/><D116/><U51/><E109/><V90/><F107/><W5/><G13/><T133/><D133/><U101/><E132/><V127/><F127/><W114/><G114/><T134/><D134/><U95/><E81/><V48/><F63/><N who="3" m="38263" /><G38/><T62/><D2/><U123/><E123/><V32/><F32/><W19/><G44/><T131/><D131/><N who="1" m="50219" /><E113/><V93/><F105/><W11/><G11/><T110/><D9/><U43/><E126/><V74/><F74/><W17/><G92/><T117/><D117/><U30/><E30/><V53/><F36/><W67/><G19/><T16/><D110/><U65/><E65/><V79/><F119/><W47/><G47/><T6/><D6/><U64/><E64/><V71/><F71/><W61/><AGARI ba="0,0" hai="4,5,7,17,22,25,52,54,57,61,67" m="38263" machi="61" ten="30,2000,0" yaku="8,1,54,1" doraHai="69" who="3" fromWho="3" sc="159,-5,234,-5,313,-10,294,20" />
</Scene>
<Scene>
<INIT seed="3,0,0,3,3,89" ten="154,229,303,314" oya="3" hai0="24,101,103,72,25,86,74,62,119,134,34,92,44" hai1="75,113,21,70,87,65,94,95,61,80,112,115,118" hai2="15,12,17,106,98,104,40,8,59,107,27,122,49" hai3="18,58,128,132,42,48,29,110,124,116,105,100,54"/><W47/><G116/><T33/><D119/><U37/><E118/><V19/><F122/><W114/><G114/><T96/><D134/><U129/><E129/><V81/><F27/><W60/><G29/><T82/><D103/><U35/><E35/><V63/><F81/><W45/><G132/><T36/><D33/><U51/><E37/><V91/><F49/><W76/><G128/><T52/><D34/><U133/><E133/><V83/><F40/><W26/><G124/><T121/><D121/><U117/><E117/><V77/><F91/><W56/><G76/><T90/><D36/><U7/><E7/><V79/><F98/><W97/><G110/><T2/><D2/><U99/><E99/><V68/><F68/><W11/><G11/><T14/><D14/><U108/><E75/><V23/><REACH who="2" step="1"/><F83/><REACH who="2" ten="154,229,293,314" step="2"/><W66/><G42/><T67/><D24/><U9/><E108/><V126/><F126/><W20/><AGARI ba="0,1" hai="18,20,26,45,47,48,54,56,58,60,66,97,100,105" machi="20" ten="30,1500,0" yaku="0,1" doraHai="89" who="3" fromWho="3" sc="154,-5,229,-5,293,-5,314,25" />
</Scene>
<Scene>
<INIT seed="3,1,0,4,0,57" ten="149,224,288,339" oya="3" hai0="75,129,26,126,16,89,77,17,128,70,80,130,63" hai1="13,116,37,121,122,15,51,31,0,22,61,105,106" hai2="83,90,25,82,44,24,52,91,125,33,58,30,53" hai3="43,134,120,72,69,92,10,88,135,71,1,48,81"/><W19/><G120/><T59/><D70/><U50/><E0/><V119/><F119/><W55/><G43/><T112/><D126/><U127/><E37/><V47/><F125/><W66/><G72/><T64/><D112/><U34/><E34/><V32/><F58/><N who="3" m="33127" /><G81/><T38/><D38/><U84/><E127/><V87/><F87/><N who="3" m="52255" /><G66/><T27/><REACH who="0" step="1"/><D89/><REACH who="0" ten="139,224,288,339" step="2"/><U14/><E116/><V41/><F41/><W9/><G71/><T6/><D6/><U123/><E84/><V114/><F114/><W39/><G69/><T3/><D3/><U74/><E74/><V111/><F111/><W40/><G1/><T102/><D102/><U101/><E101/><V100/><F100/><W115/><G115/><T99/><D99/><U2/><E2/><V98/><F98/><W35/><G39/><T95/><D95/><U67/><E106/><V12/><F91/><W56/><G135/><T36/><D36/><U42/><E105/><V54/><F90/><W78/><G134/><T5/><D5/><U76/><E123/><V94/><F94/><W118/><G118/><T29/><D29/><U7/><E122/><V113/><F113/><W18/><G18/><AGARI ba="1,1" hai="16,17,18,26,27,59,63,64,75,77,80,128,129,130" machi="18" ten="40,12000,2" yaku="1,1,19,1,52,1,54,1,53,2" doraHai="57" doraHaiUra="21" who="0" fromWho="3" sc="139,133,224,0,288,0,339,-123" />
</Scene>
<Scene>
<INIT seed="4,0,0,1,3,15" ten="272,224,288,216" oya="0" hai0="56,5,131,90,18,92,37,12,79,39,109,48,94" hai1="27,26,85,16,1,71,126,34,86,57,45,76,52" hai2="3,10,121,8,44,88,96,50,77,99,110,20,53" hai3="22,32,82,29,61,103,83,33,84,87,117,102,19"/><T31/><D131/><U55/><E71/><V98/><F110/><W30/><G61/><T24/><D109/><U134/><E1/><V133/><F121/><W68/><G68/><T75/><D5/><U107/><E107/><V49/><F133/><W130/><G22/><T59/><D75/><U64/><E34/><V81/><F3/><W111/><G111/><T97/><D79/><U21/><E126/><V38/><F38/><W65/><G130/><T124/><D124/><U132/><E64/><V101/><F101/><W66/><REACH who="3" step="1"/><G19/><REACH who="3" ten="272,224,288,206" step="2"/><T60/><D60/><N who="1" m="35879" /><E132/><V123/><F20/><W100/><G100/><T47/><D18/><U7/><E7/><V70/><F70/><W23/><G23/><T114/><D31/><U106/><E134/><V36/><F123/><W40/><G40/><T125/><D125/><U95/><E106/><V11/><F11/><W9/><G9/><T54/><D54/><U129/><E129/><V122/><F10/><W14/><G14/><T43/><D12/><N who="1" m="9351" /><E86/><N who="2" m="48431" /><F8/><W78/><G78/><T128/><D128/><U118/><E118/><AGARI ba="0,1" hai="29,30,32,33,65,66,82,83,84,87,102,103,117,118" machi="118" ten="25,3200,0" yaku="1,1,22,2,53,0" doraHai="15" doraHaiUra="116" who="3" fromWho="1" sc="272,0,224,-32,288,0,206,42" />
</Scene>
<Scene>
<INIT seed="5,0,0,2,0,74" ten="272,192,288,248" oya="1" hai0="29,10,132,4,42,89,7,69,8,0,135,33,83" hai1="107,67,24,34,77,14,133,21,119,30,57,41,38" hai2="45,78,105,66,25,3,26,103,6,71,108,53,5" hai3="94,126,82,118,90,80,97,58,120,13,23,65,17"/><U16/><E119/><V106/><F108/><W91/><G120/><T32/><D69/><U62/><E133/><N who="0" m="51273" /><D42/><U76/><REACH who="1" step="1"/><E107/><REACH who="1" ten="272,182,288,248" step="2"/><V36/><F106/><W113/><G118/><T121/><D121/><U114/><E114/><V93/><F105/><W15/><G113/><T100/><D33/><U98/><E98/><V99/><F99/><W73/><G126/><T70/><D32/><U43/><E43/><V22/><F3/><W31/><G97/><T27/><D0/><U55/><E55/><V63/><F53/><W18/><G65/><T64/><D64/><U117/><E117/><V61/><F66/><W75/><G94/><T134/><D134/><U109/><E109/><V46/><F93/><W115/><G115/><T92/><D92/><U40/><E40/><V124/><F124/><W84/><G31/><T127/><D29/><U72/><E72/><V56/><F103/><W110/><G110/><T9/><D100/><U19/><E19/><V104/><F104/><W86/><REACH who="3" step="1"/><G58/><REACH who="3" ten="272,182,288,238" step="2"/><T12/><D127/><U128/><E128/><V129/><F56/><W50/><G50/><T112/><D112/><U101/><E101/><V35/><F129/><W20/><AGARI ba="0,2" hai="13,15,17,18,20,23,73,75,80,82,84,86,90,91" machi="20" ten="20,16000,3" yaku="1,1,0,1,7,1,32,3,53,2" doraHai="74" doraHaiUra="85" who="3" fromWho="3" sc="272,-40,182,-80,288,-40,238,180" />
</Scene>
<Scene>
<INIT seed="6,0,0,2,0,55" ten="232,102,248,418" oya="2" hai0="62,35,97,51,36,38,4,57,37,17,115,83,65" hai1="33,66,22,71,20,123,100,43,40,85,64,84,48" hai2="89,72,1,41,10,121,27,111,8,60,104,113,69" hai3="133,93,14,118,129,87,3,86,108,106,28,132,63"/><V58/><F69/><W103/><G3/><T19/><D35/><U117/><E33/><V24/><F104/><W25/><G108/><T56/><D115/><U105/><E105/><V73/><F121/><W13/><G118/><T102/><D4/><U135/><E117/><V126/><F41/><W15/><G106/><T112/><D112/><U32/><E32/><V107/><F107/><W110/><G110/><T125/><D125/><U5/><E71/><V23/><F126/><W131/><G63/><T68/><D83/><U11/><E135/><N who="3" m="51786" /><G103/><T7/><D7/><U119/><E119/><V49/><F49/><W59/><G59/><T109/><D109/><U95/><E123/><V114/><F1/><W79/><G93/><T26/><D51/><U94/><E5/><V67/><F111/><W127/><G127/><T2/><D2/><U16/><E48/><V30/><F114/><W124/><G124/><T53/><D26/><U76/><E76/><V29/><F89/><W18/><G18/><T75/><D75/><U130/><E130/><N who="3" m="49674" /><G79/><T122/><D122/><U120/><E120/><V91/><F91/><W61/><G61/><N who="0" m="35983" /><D68/><U47/><E47/><V90/><F90/><W21/><AGARI ba="0,0" hai="13,14,15,21,25,28,86,87" m="49674,51786" machi="21" ten="40,2700,0" yaku="20,1,19,1" doraHai="55" who="3" fromWho="3" sc="232,-7,102,-7,248,-13,418,27" />
</Scene>
<Scene>
<INIT seed="7,0,0,1,2,89" ten="225,95,235,445" oya="3" hai0="50,93,28,52,124,86,73,5,57,101,14,88,85" hai1="74,11,94,82,48,51,9,79,21,92,59,18,31" hai2="69,130,34,22,12,16,8,27,30,75,67,4,100" hai3="135,68,71,20,23,125,54,32,49,45,61,62,55"/><W42/><G32/><T46/><D73/><U96/><E31/><V129/><F75/><W7/><G7/><T90/><D124/><U102/><E51/><V47/><F100/><W53/><G125/><T97/><D28/><U111/><E111/><V58/><F69/><W121/><G121/><T43/><D5/><U95/><E48/><V98/><F98/><W0/><G0/><T133/><D133/><U35/><E35/><V114/><F47/><W110/><G135/><T17/><D86/><U126/><E59/><V38/><F38/><W40/><G54/><T33/><D33/><U64/><E64/><V83/><F83/><W80/><G49/><N who="0" m="30863" /><D85/><U44/><E44/><V99/><F99/><W41/><G41/><T123/><D123/><U108/><E108/><V91/><F91/><W10/><G45/><T1/><D1/><U107/><REACH who="1" step="1"/><E126/><REACH who="1" ten="225,85,235,445" step="2"/><V104/><F67/><W115/><G110/><T36/><D36/><U76/><E76/><V6/><F58/><W134/><G134/><T39/><D39/><U119/><E119/><V118/><F118/><W127/><G127/><T103/><D50/><U15/><AGARI ba="0,1" hai="9,11,15,18,21,74,79,82,92,94,95,96,102,107" machi="15" ten="30,8000,1" yaku="1,1,0,1,52,3,53,0" doraHai="89" doraHaiUra="29" who="1" fromWho="1" sc="225,-20,85,90,235,-20,445,-40" owari="205,-19.0,175,-32.0,215,2.0,405,49.0" />
</Scene>
</mjloggm>