<mjloggm ver="2.3"><GO type="169" lobby="0"/><UN n0="%E5%A4%AA%E3%81%8F%E3%81%AA%E3%81%84%E3%81%8A" n1="%E3%81%99%E3%81%9A%E3%82%81%E3%82%AF%E3%83%AC%E3%82%A4%E3%82%B8%E3%83%BC" n2="%70%67%61%69%6E" n3="%68%61%79%61%74%6F%E2%98%86" dan="18,20,16,16" rate="2290.62,2265.94,2100.51,2120.95" sx="F,M,M,M"/><TAIKYOKU oya="0"/>

<Scene>
<INIT seed="0,0,0,2,4,39" ten="250,250,250,250" oya="0" hai0="48,125,44,127,31,7,113,57,37,12,93,120,130" hai1="23,6,46,20,60,50,75,88,61,129,2,69,104" hai2="30,21,94,83,84,81,112,99,26,87,27,34,8" hai3="106,77,128,22,95,25,49,118,80,1,117,71,78"/><T42/><D113/><U131/><E104/><V0/><F112/><W115/><G106/><T29/><D120/><U5/><E75/><V116/><F116/><W98/><G115/><T135/><D135/><U65/><E61/><V58/><F0/><W100/><G71/><T124/><D130/><N who="1" m="49675" /><E88/><N who="2" m="55751" /><F34/><W4/><G128/><T54/><REACH who="0" step="1"/><D93/><REACH who="0" ten="240,250,250,250" step="2"/><U3/><E3/><V10/><F83/><W110/><G1/><T35/><D35/><U119/><E119/><V82/><F82/><W90/><G80/><T132/><D132/><U85/><E2/><V134/><F81/><W92/><G117/><T73/><D73/><U51/><E85/><V63/><F134/><W105/><G118/><T86/><D86/><N who="2" m="32810" /><F27/><W103/><G25/><T114/><D114/><U123/><E123/><V13/><F13/><W64/><G95/><T17/><D17/><U107/><E107/><V41/><F41/><W74/><G92/><T102/><D102/><U45/><E5/><V59/><F59/><W66/><G74/><T43/><D43/><N who="1" m="24895" /><E6/><V97/><F97/><W68/><G4/><T67/><D67/><AGARI ba="0,1" hai="8,10,21,26,30,58,63,67" m="32810,55751" machi="67" ten="30,2000,0" yaku="8,1,54,1" doraHai="39" who="2" fromWho="0" sc="240,-20,250,0,250,30,250,0" />
</Scene>
<Scene>
<INIT seed="1,0,0,2,1,75" ten="220,250,280,250" oya="1" hai0="34,126,132,21,118,80,74,124,46,97,41,51,103" hai1="5,100,112,133,15,77,12,55,4,93,33,58,30" hai2="76,67,120,20,39,44,59,114,6,79,134,53,108" hai3="28,72,70,78,101,2,42,117,90,48,99,65,84"/><U49/><E112/><V135/><F120/><W96/><G2/><T62/><D34/><U37/><E37/><V43/><F108/><W105/><G117/><T16/><D118/><U61/><E133/><N who="2" m="50699" /><F114/><W86/><G28/><T88/><D132/><U31/><E33/><V63/><F6/><W9/><G9/><T69/><D69/><U38/><E38/><V40/><F40/><W45/><G65/><T3/><D3/><U109/><E109/><V119/><F119/><W14/><G14/><T35/><D35/><U121/><E121/><V0/><F0/><W106/><G70/><T13/><D62/><U23/><E5/><V56/><F20/><W10/><G10/><T25/><D13/><U89/><E100/><V66/><F66/><W32/><G32/><T1/><D1/><U92/><E92/><V110/><F110/><W81/><G90/><T130/><D130/><U128/><E128/><V98/><F98/><W107/><G107/><T123/><D123/><U24/><E31/><V104/><F104/><W11/><G11/><T125/><D74/><U27/><E27/><V64/><F64/><W102/><AGARI ba="0,0" hai="42,45,48,72,78,81,84,86,96,99,101,102,105,106" machi="102" ten="30,4000,0" yaku="0,1,9,1,52,1" doraHai="75" who="3" fromWho="3" sc="220,-10,250,-20,280,-10,250,40" />
</Scene>
<Scene>
<INIT seed="2,0,0,2,1,97" ten="210,230,270,290" oya="2" hai0="76,36,122,67,112,78,34,47,31,101,85,119,51" hai1="86,12,28,9,42,129,57,16,55,7,104,39,21" hai2="65,43,44,58,14,26,13,130,133,2,25,17,95" hai3="60,118,53,11,64,69,33,98,41,52,30,111,135"/><V50/><F2/><W4/><G118/><T27/><D122/><U134/><E129/><V117/><F117/><W124/><G124/><T81/><D119/><U109/><E109/><V105/><F105/><W90/><G135/><T18/><D112/><U110/><E110/><V49/><F133/><W56/><G111/><T88/><D36/><U63/><E134/><V87/><F130/><W94/><G41/><T121/><D121/><U83/><E104/><V35/><F35/><W15/><G33/><T48/><D67/><U10/><E28/><V115/><F115/><W61/><G30/><T99/><D18/><U29/><E29/><V77/><F14/><W84/><G84/><T116/><D116/><U38/><E42/><V128/><F128/><W102/><REACH who="3" step="1"/><G53/><REACH who="3" ten="210,230,270,280" step="2"/><T19/><D19/><U32/><E32/><V74/><F87/><W96/><G96/><T5/><D5/><U80/><E39/><V46/><F43/><W106/><G106/><T93/><REACH who="0" step="1"/><D51/><REACH who="0" ten="200,230,270,280" step="2"/><U120/><E38/><V0/><F50/><W75/><G75/><T66/><D66/><U40/><E120/><V92/><F49/><W72/><G72/><T82/><D82/><U132/><E132/><V125/><F65/><W107/><G107/><T114/><D114/><U71/><E80/><V127/><F17/><W126/><G126/><T3/><D3/><U73/><E73/><V108/><F74/><W62/><G62/><T54/><AGARI ba="0,2" hai="27,31,34,47,48,54,76,78,81,85,88,93,99,101" machi="54" ten="20,8000,1" yaku="1,1,0,1,7,1,52,1,54,1,53,0" doraHai="97" doraHaiUra="59" who="0" fromWho="0" sc="200,100,230,-20,270,-40,280,-20" />
</Scene>
<Scene>
<INIT seed="3,0,0,4,5,73" ten="300,210,230,260" oya="3" hai0="93,107,39,126,101,23,134,42,130,20,60,22,105" hai1="25,27,63,135,70,68,127,55,16,0,41,64,10" hai2="76,24,115,85,129,124,95,123,5,43,79,100,11" hai3="35,125,71,103,133,117,8,91,66,44,38,74,18"/><W56/><G117/><T62/><D39/><U81/><E135/><V26/><F115/><W77/><G35/><T53/><D42/><U72/><E70/><V9/><F129/><W47/><G71/><T122/><D122/><U83/><E127/><V121/><F124/><W84/><G103/><T33/><D33/><U36/><E83/><V61/><F43/><W1/><G125/><T19/><D126/><U2/><E55/><V15/><F61/><W46/><G56/><T67/><D134/><U82/><E82/><V113/><F113/><W98/><G98/><N who="0" m="59599" /><D105/><U112/><E112/><V7/><F100/><W59/><G133/><T88/><D107/><U30/><E81/><V75/><F15/><W118/><G118/><T57/><D130/><U132/><E72/><V111/><F75/><W119/><G119/><T92/><D67/><U109/><E109/><V52/><F95/><W114/><G114/><T106/><D106/><U37/><E37/><V29/><F85/><W6/><G38/><T96/><D62/><U108/><E108/><V54/><REACH who="2" step="1"/><F29/><REACH who="2" ten="300,210,220,260" step="2"/><W50/><G74/><T94/><D92/><U90/><E132/><V116/><F116/><W28/><G28/><T58/><D60/><U12/><E30/><V131/><F131/><W87/><G66/><T17/><D17/><BYE who="0" /><U128/><E128/><V48/><F48/><W32/><G18/><T45/><D45/><U31/><E31/><V69/><F69/><W120/><G50/><T80/><D80/><U102/><E102/><V21/><F21/><W65/><G44/><UN n0="%E5%A4%AA%E3%81%8F%E3%81%AA%E3%81%84%E3%81%8A" /><T40/><D40/><U110/><E41/><RYUUKYOKU ba="0,1" sc="300,-10,210,-10,220,30,260,-10" hai2="5,7,9,11,24,26,52,54,76,79,111,121,123" />
</Scene>
<Scene>
<INIT seed="4,1,1,4,1,123" ten="290,200,250,250" oya="0" hai0="128,55,0,31,11,88,70,86,59,1,13,45,95" hai1="94,108,124,115,116,75,66,76,33,89,8,58,72" hai2="10,7,77,106,14,60,130,9,112,47,38,44,73" hai3="84,131,97,50,100,64,79,37,40,135,46,111,96"/><T39/><D70/><U102/><E116/><V35/><F106/><W110/><G64/><T65/><D128/><U30/><E124/><V71/><F35/><W107/><G131/><T80/><D31/><U90/><E102/><V120/><F130/><W113/><G37/><T25/><D25/><U20/><E8/><V105/><F120/><W56/><G56/><T82/><D65/><U4/><E4/><V109/><F47/><W91/><G113/><T74/><D39/><U63/><E33/><V83/><F10/><W51/><G51/><T69/><D69/><U61/><E76/><V134/><F134/><W27/><G27/><T5/><D45/><U52/><E90/><V16/><F105/><W104/><G79/><T122/><D122/><U121/><E115/><V32/><F32/><W85/><G135/><T132/><D132/><U93/><E93/><V133/><F133/><W125/><G125/><T67/><D67/><U17/><E30/><V129/><F112/><W78/><G78/><T117/><D117/><U126/><E126/><V48/><F38/><W22/><G22/><T54/><D74/><U3/><E3/><V12/><F129/><W29/><G29/><T2/><REACH who="0" step="1"/><D54/><REACH who="0" ten="280,200,250,250" step="2"/><U99/><E121/><V15/><F71/><W21/><G46/><T118/><D118/><U119/><E119/><V41/><F44/><W53/><G53/><T101/><D101/><U18/><E75/><V49/><F73/><W57/><G100/><T114/><D114/><U23/><E72/><V92/><F41/><W87/><G40/><T42/><D42/><U43/><E43/><RYUUKYOKU ba="1,2" sc="280,30,200,-10,250,-10,250,-10" hai0="0,1,2,5,11,13,55,59,80,82,86,88,95" />
</Scene>
<Scene>
<INIT seed="4,2,2,0,0,13" ten="310,190,240,240" oya="0" hai0="0,109,28,12,76,7,126,71,66,100,57,83,84" hai1="89,43,53,50,25,58,38,111,20,56,27,60,59" hai2="9,6,31,47,102,5,21,95,74,122,1,87,75" hai3="118,131,107,129,81,69,3,33,108,103,116,135,23"/><T127/><D71/><U35/><E111/><V24/><F122/><W98/><G23/><T16/><D109/><U54/><E35/><V117/><F117/><W123/><G81/><T72/><D28/><U93/><E38/><V67/><F67/><W94/><G94/><T10/><D100/><U41/><E58/><V96/><F6/><W45/><G98/><T91/><D66/><U104/><E104/><V110/><F110/><W55/><G103/><T92/><REACH who="0" step="1"/><D57/><REACH who="0" ten="300,190,240,240" step="2"/><U61/><E60/><V8/><F47/><W18/><G45/><T44/><D44/><U22/><E43/><V99/><F102/><W124/><G69/><T2/><D2/><U48/><E41/><V77/><F31/><W4/><G3/><T125/><D125/><U132/><E61/><V39/><F1/><W49/><G124/><T114/><D114/><U68/><E68/><V97/><F75/><W15/><G108/><T82/><D82/><U105/><E105/><V26/><F74/><W11/><G116/><T79/><D79/><U36/><E36/><V14/><F77/><W32/><G118/><T34/><D34/><U119/><E119/><V62/><F62/><W64/><G32/><T30/><D30/><U106/><E106/><V88/><F39/><W112/><G33/><T115/><D115/><U85/><E132/><V17/><F95/><W70/><G135/><T133/><D133/><U73/><E73/><V42/><F42/><W78/><G107/><T113/><D113/><U120/><E120/><V63/><F63/><W86/><G112/><T19/><D19/><U29/><E29/><RYUUKYOKU ba="2,3" sc="300,15,190,15,240,-15,240,-15" hai0="0,7,10,12,16,72,76,83,84,91,92,126,127" hai1="20,22,25,27,48,50,53,54,56,59,85,89,93" />
</Scene>
<Scene>
<INIT seed="4,3,3,2,1,17" ten="315,205,225,225" oya="0" hai0="68,37,119,1,85,94,87,30,10,133,52,121,61" hai1="126,129,64,76,13,41,4,50,2,109,83,15,62" hai2="135,105,34,22,70,115,127,125,14,60,82,28,96" hai3="7,112,100,75,51,93,29,5,11,58,46,3,66"/><T118/><D121/><U19/><E109/><V38/><F38/><W8/><G75/><T120/><D120/><U74/><E129/><V110/><F110/><W88/><G112/><T90/><D37/><U18/><E126/><N who="2" m="48139" /><F115/><W128/><G128/><T130/><D130/><U21/><E2/><V79/><F135/><W71/><G100/><T98/><D133/><U65/><E4/><V80/><F34/><W122/><G71/><T55/><D30/><U54/><E41/><V131/><F131/><W97/><G29/><T59/><D68/><U33/><E33/><V32/><F32/><W116/><G116/><T73/><D73/><U86/><E62/><V77/><F105/><W53/><G122/><T92/><D55/><U25/><E74/><V56/><F96/><W117/><G117/><T48/><D61/><U42/><E42/><V124/><F70/><W114/><G114/><T111/><D111/><U57/><E25/><N who="2" m="16439" /><F14/><W6/><G3/><T24/><D24/><U132/><E132/><V104/><F104/><W107/><G107/><T36/><D36/><U95/><E95/><V43/><F43/><N who="3" m="25055" /><G66/><T12/><D1/><U134/><E134/><V44/><F44/><W89/><G89/><N who="0" m="55631" /><D118/><U78/><E76/><N who="2" m="29259" /><F124/><W81/><G81/><T23/><D119/><U72/><E72/><V27/><F27/><W108/><G108/><T123/><D123/><U0/><E0/><V16/><F16/><W31/><G31/><T84/><D10/><AGARI ba="3,3" hai="10,13,15,18,19,21,50,54,57,64,65,78,83,86" machi="10" ten="30,3900,0" yaku="7,1,8,1,52,1" doraHai="17" who="1" fromWho="0" sc="315,-48,205,78,225,0,225,0" />
</Scene>
<Scene>
<INIT seed="5,0,0,5,2,55" ten="267,283,225,225" oya="1" hai0="47,46,67,27,134,122,68,56,81,83,5,129,36" hai1="69,128,15,115,75,31,58,111,82,70,62,133,41" hai2="34,96,113,110,52,120,57,84,127,98,3,53,135" hai3="80,103,101,26,130,48,132,104,2,24,33,43,38"/><U106/><E106/><V76/><F110/><W8/><G130/><T18/><D68/><U1/><E1/><V29/><F120/><W73/><G132/><T114/><D134/><U86/><E75/><V95/><F135/><W12/><G104/><T37/><D5/><U32/><E128/><V74/><F74/><W7/><G48/><T121/><D129/><U28/><E115/><V14/><F3/><W90/><G90/><T125/><D114/><U118/><E118/><V100/><F113/><W4/><G4/><T45/><D125/><U119/><E69/><V42/><F42/><W108/><G12/><T63/><D18/><U23/><E32/><V54/><F127/><W59/><G108/><T72/><D27/><U92/><E70/><V60/><F98/><W78/><G26/><T109/><D109/><U85/><E41/><V30/><F14/><W11/><G11/><T22/><D22/><U10/><E23/><V21/><F34/><W13/><G13/><T91/><D91/><N who="1" m="53367" /><E119/><V44/><F44/><N who="3" m="23671" /><G103/><T19/><D36/><U123/><E123/><V25/><F30/><N who="3" m="19655" /><G101/><T126/><D37/><U131/><E131/><V40/><F40/><W93/><G93/><T112/><D112/><U17/><E111/><V87/><F87/><W50/><G50/><T0/><D0/><U89/><E133/><V16/><F29/><W99/><G99/><T6/><D126/><U117/><E117/><V66/><F84/><W105/><G105/><T107/><D121/><U77/><E89/><V79/><AGARI ba="0,0" hai="16,21,25,52,53,54,57,60,66,76,79,95,96,100" machi="79" ten="30,8000,1" yaku="0,1,8,1,52,1,54,2" doraHai="55" who="2" fromWho="2" sc="267,-20,283,-40,225,80,225,-20" />
</Scene>
<Scene>
<INIT seed="6,0,0,2,3,117" ten="247,243,305,205" oya="2" hai0="83,87,45,31,35,24,86,135,33,110,7,17,56" hai1="97,54,10,65,44,123,122,77,11,118,39,133,51" hai2="66,37,104,93,114,26,106,53,29,40,113,99,119" hai3="13,90,8,91,64,78,98,62,109,115,28,121,94"/><V84/><F119/><W6/><G109/><T15/><D110/><U73/><E118/><V120/><F66/><W50/><G115/><T71/><D71/><U79/><E133/><V4/><F4/><W43/><G78/><N who="1" m="29706" /><E73/><V52/><F84/><W59/><G28/><T127/><D135/><U102/><E39/><V9/><F9/><W67/><G67/><T70/><D70/><U32/><E32/><V72/><F72/><W75/><G75/><T55/><D7/><U89/><E89/><V103/><F120/><N who="1" m="46121" /><E65/><V63/><F103/><W88/><G121/><T12/><D35/><U23/><E23/><V68/><F37/><W2/><G2/><T18/><D33/><U101/><E101/><V21/><F21/><W69/><G69/><T20/><D20/><U85/><E85/><V116/><F68/><W125/><G125/><T5/><D86/><U3/><E3/><V36/><F36/><W25/><G25/><T132/><D24/><U46/><E44/><AGARI ba="0,0" hai="6,8,13,43,44,50,59,62,64,88,90,91,94,98" machi="44" ten="40,2600,0" yaku="8,1,54,1" doraHai="117" who="3" fromWho="1" sc="247,0,243,-26,305,0,205,26" />
</Scene>
<Scene>
<INIT seed="7,0,0,0,0,69" ten="247,217,305,231" oya="3" hai0="60,44,12,14,128,84,124,105,78,93,116,125,92" hai1="49,57,96,5,101,135,48,16,27,111,41,122,130" hai2="123,6,83,71,50,88,102,36,20,24,1,117,64" hai3="46,108,100,120,9,68,2,72,31,112,23,47,107"/><W58/><G120/><T74/><D105/><U81/><E111/><V30/><F36/><W87/><G68/><T82/><D116/><U70/><E70/><V33/><F117/><W15/><G72/><T110/><D110/><U79/><E122/><V45/><F123/><W67/><G2/><T97/><D128/><U85/><E130/><V25/><F102/><W99/><G112/><T52/><D74/><U54/><E5/><V29/><F6/><W8/><G8/><T32/><D32/><U94/><E135/><V114/><F1/><W43/><G87/><T66/><D66/><U73/><E73/><V133/><F114/><W61/><G108/><T10/><D14/><U119/><E119/><V109/><F109/><W26/><REACH who="3" step="1"/><G43/><REACH who="3" ten="247,217,305,221" step="2"/><T76/><D84/><U35/><E35/><V34/><F71/><W62/><G62/><T134/><D60/><N who="1" m="35895" /><E41/><V65/><F34/><W103/><G103/><T17/><D10/><U63/><E63/><V121/><F33/><W7/><AGARI ba="0,1" hai="7,9,15,23,26,31,46,47,58,61,67,99,100,107" machi="7" ten="20,3900,0" yaku="1,1,0,1,7,1,53,0" doraHai="69" doraHaiUra="38" who="3" fromWho="3" sc="247,-13,217,-13,305,-13,221,49" />
</Scene>
<Scene>
<INIT seed="7,1,0,2,3,13" ten="234,204,292,270" oya="3" hai0="87,76,7,79,64,67,28,25,66,62,86,122,17" hai1="1,127,22,112,56,31,42,70,92,73,36,5,83" hai2="116,0,32,77,123,15,101,93,33,118,37,88,134" hai3="35,85,103,126,102,121,23,14,72,65,18,100,82"/><W2/><G2/><T128/><D122/><U108/><E70/><V51/><F37/><W132/><G35/><T84/><D128/><U97/><E108/><V41/><F0/><W47/><G72/><T114/><D7/><U95/><E112/><V12/><F101/><W46/><G121/><T120/><D120/><U52/><E127/><V55/><F41/><W68/><G126/><T19/><D62/><U80/><E73/><V60/><F77/><N who="0" m="29770" /><D114/><U59/><E42/><V48/><F123/><W16/><G132/><T43/><D43/><U29/><E36/><V11/><F60/><W54/><G65/><T58/><D58/><U71/><E71/><V107/><F134/><W50/><G68/><T39/><D39/><U96/><E1/><V89/><F107/><W30/><G30/><N who="1" m="11274" /><E5/><V111/><F111/><W34/><G34/><T117/><D117/><U75/><E75/><V119/><F119/><W24/><G47/><T90/><D90/><N who="1" m="55319" /><E22/><AGARI ba="1,0" hai="17,19,22,25,28,64,66,67,84,86,87" m="29770" machi="22" ten="30,3900,0" yaku="8,1,52,2" doraHai="13" who="0" fromWho="1" sc="234,42,204,-42,292,0,270,0" />
</Scene>
<Scene>
<INIT seed="8,0,0,2,3,42" ten="276,162,292,270" oya="0" hai0="117,17,134,119,71,48,40,6,131,39,115,67,90" hai1="55,121,14,21,133,108,41,109,91,5,116,75,56" hai2="7,57,13,98,112,76,2,50,84,44,104,27,31" hai3="24,88,60,77,61,38,83,52,45,28,51,97,3"/><T37/><D6/><U25/><E121/><V19/><F112/><W94/><G3/><T114/><D134/><U49/><E133/><V123/><F123/><W129/><G38/><N who="0" m="14347" /><D131/><U65/><E75/><V102/><F57/><W96/><G97/><T8/><D90/><U58/><E116/><N who="0" m="44617" /><D8/><N who="1" m="4367" /><E109/><V12/><F98/><W46/><G46/><N who="0" m="25671" /><D17/><N who="1" m="12463" /><E108/><V22/><F19/><W113/><G129/><T9/><D9/><U72/><E72/><V120/><F7/><W43/><G113/><T127/><D127/><U128/><E128/><V62/><F120/><W10/><G10/><T99/><D99/><U101/><E41/><V34/><F2/><W87/><G43/><T106/><D106/><U92/><E101/><V30/><F102/><W64/><G64/><T15/><D15/><U111/><E111/><V93/><F13/><W78/><G77/><T36/><D36/><U70/><E70/><V54/><F12/><W1/><G1/><T32/><D32/><AGARI ba="0,0" hai="24,28,32,45,51,52,60,61,78,83,87,88,94,96" machi="32" ten="30,7700,0" yaku="7,1,52,1,54,2" doraHai="42" who="3" fromWho="0" sc="276,-77,162,0,292,0,270,77" owari="199,-20.0,162,-34.0,292,9.0,347,45.0" />
</Scene>
</mjloggm>