<mjloggm ver="2.3"><GO type="169" lobby="0"/><UN n0="%EF%BC%84%E3%83%8A%E3%83%8A%E3%82%B7%E3%83%BC%EF%BF%A5" n1="%E2%98%86%E3%83%89%E3%83%8A%E3%83%AB%E3%83%89%E6%95%99%E5%BE%92%E2%98%86" n2="%E5%A4%AA%E3%81%8F%E3%81%AA%E3%81%84%E3%81%8A" n3="%E3%81%8D%E3%82%83%E3%81%97%E3%82%83%E3%83%BC%E3%81%AE%EF%BC%81" dan="16,16,18,16" rate="2104.56,2048.46,2318.38,2067.69" sx="M,M,M,M"/><TAIKYOKU oya="0"/>

<Scene>
<INIT seed="0,0,0,3,0,60" ten="250,250,250,250" oya="0" hai0="104,99,43,113,95,130,30,105,25,101,46,8,132" hai1="69,81,39,34,9,71,31,24,131,135,126,16,35" hai2="90,106,67,88,53,15,100,63,111,68,21,75,84" hai3="134,6,73,33,18,36,55,94,54,112,122,121,5"/><T27/><D113/><U91/><E39/><V85/><F75/><W125/><G73/><T45/><D132/><U48/><E131/><V12/><F111/><W96/><G36/><T20/><D130/><U1/><E135/><V117/><F117/><W129/><G33/><T116/><D116/><U115/><E126/><V128/><F128/><W110/><G129/><T123/><D123/><N who="3" m="47113" /><G134/><T44/><D43/><U57/><E35/><V76/><F76/><W4/><G112/><T87/><D8/><U70/><E115/><V86/><F53/><W64/><G64/><T109/><D109/><U118/><E1/><V83/><F21/><W62/><G62/><T14/><D14/><U114/><E118/><V7/><F85/><W47/><G47/><T52/><D87/><U89/><E114/><V92/><REACH who="2" step="1"/><F7/><REACH who="2" ten="250,250,240,250" step="2"/><W42/><G110/><T120/><D120/><U124/><E34/><V74/><F74/><W23/><G42/><T97/><D97/><AGARI ba="0,1" hai="12,15,63,67,68,83,84,86,88,90,92,97,100,106" machi="97" ten="40,8000,1" yaku="1,1,52,1,54,1,53,1" doraHai="60" doraHaiUra="56" who="2" fromWho="0" sc="250,-80,250,0,240,90,250,0" />
</Scene>
<Scene>
<INIT seed="1,0,0,2,0,2" ten="170,250,330,250" oya="1" hai0="67,122,89,104,15,17,120,50,63,53,123,6,106" hai1="51,5,110,111,29,72,21,28,7,24,38,97,66" hai2="33,11,109,0,119,13,12,100,118,27,121,78,47" hai3="52,1,132,135,59,32,36,116,83,115,126,43,14"/><U99/><E38/><V88/><F78/><W23/><G1/><T103/><D89/><U54/><E66/><V46/><F100/><W98/><G32/><T80/><D80/><U101/><E72/><V40/><F121/><W39/><G115/><T131/><D131/><U117/><E29/><V34/><F0/><W94/><G83/><T4/><D53/><U30/><E30/><V102/><F102/><W37/><G43/><T42/><D50/><U129/><E117/><V64/><F64/><W79/><G79/><T76/><D76/><U86/><E86/><V95/><F27/><W82/><G82/><T41/><D41/><U71/><E71/><V60/><F60/><W9/><G23/><N who="0" m="11711" /><D42/><U58/><E129/><V105/><F105/><N who="0" m="40554" /><D103/><U85/><E85/><V3/><F40/><W10/><G116/><T90/><D90/><U56/><E56/><AGARI ba="0,0" hai="4,6,56,63,67,120,122,123" m="40554,11711" machi="56" ten="40,5200,0" yaku="13,1,52,2" doraHai="2" who="0" fromWho="1" sc="170,52,250,-52,330,0,250,0" />
</Scene>
<Scene>
<INIT seed="2,0,0,4,1,24" ten="222,198,330,250" oya="2" hai0="62,21,105,97,5,68,20,117,75,94,61,87,134" hai1="70,50,110,101,47,12,30,37,96,135,13,38,55" hai2="98,79,123,127,85,99,93,133,103,82,23,25,84" hai3="126,130,1,120,8,102,53,4,15,71,115,49,111"/><V19/><F127/><W34/><G120/><T90/><D75/><U0/><E0/><V51/><F133/><W17/><G111/><T60/><D134/><U118/><E118/><V36/><F36/><W45/><G71/><T11/><D68/><U122/><E70/><V10/><F123/><W88/><G126/><T26/><D117/><U86/><E110/><V58/><F10/><W27/><G27/><T113/><D113/><U129/><E129/><V89/><F103/><W81/><G34/><T73/><D73/><U116/><E116/><V100/><F100/><W124/><G124/><T63/><N who="0" m="15360" /><DORA hai="91" /><T57/><D57/><U64/><E64/><V106/><REACH who="2" step="1"/><F106/><REACH who="2" ten="222,198,320,250" step="2"/><W3/><G102/><T39/><D39/><U77/><E101/><V92/><F92/><W52/><G115/><T33/><D105/><U131/><E38/><V14/><F14/><W31/><G130/><T28/><REACH who="0" step="1"/><D97/><REACH who="0" ten="212,198,320,250" step="2"/><U40/><E96/><V95/><F95/><W74/><G81/><T56/><D56/><U2/><E37/><V119/><F119/><W104/><G104/><T83/><D83/><U109/><E135/><V66/><F66/><W59/><G59/><T18/><D18/><U112/><E112/><V41/><F41/><W108/><G17/><T29/><D29/><U16/><E30/><V48/><F48/><W46/><G31/><T78/><D78/><U32/><E16/><V69/><F69/><W128/><G128/><T80/><D80/><U76/><E131/><V121/><F121/><W7/><G108/><T72/><D72/><U9/><E122/><V22/><F22/><RYUUKYOKU ba="0,2" sc="212,15,198,-15,320,15,250,-15" hai0="5,11,20,21,26,28,33,87,90,94" hai2="19,23,25,51,58,79,82,84,85,89,93,98,99" />
</Scene>
<Scene>
<INIT seed="2,1,2,1,0,115" ten="227,183,335,235" oya="2" hai0="58,85,12,18,35,54,93,116,75,67,79,10,94" hai1="122,56,101,64,66,26,33,83,57,29,34,127,4" hai2="47,123,37,11,70,126,114,88,48,52,132,98,131" hai3="91,55,100,124,49,102,44,20,40,110,111,109,107"/><V65/><F114/><W121/><G121/><T97/><D35/><U125/><E122/><V133/><F123/><W77/><G124/><N who="1" m="47690" /><E4/><V129/><F126/><W95/><G77/><T7/><D75/><U60/><E101/><V53/><F11/><W41/><G20/><T21/><D116/><U50/><E83/><V105/><F37/><W42/><REACH who="3" step="1"/><G107/><REACH who="3" ten="227,183,335,225" step="2"/><T22/><D22/><U69/><E34/><V90/><F105/><W80/><G80/><T9/><D79/><U87/><E33/><V3/><F131/><W30/><G30/><T104/><D104/><U45/><E29/><V78/><F129/><W16/><G16/><T61/><D7/><U68/><E26/><V6/><F78/><W17/><G17/><T32/><D32/><U89/><E89/><V135/><F90/><W71/><G71/><T19/><D18/><U31/><E31/><V134/><F134/><W103/><G103/><T130/><D130/><U76/><E76/><V74/><F6/><W112/><G112/><T36/><D21/><U51/><E69/><V86/><F133/><W15/><G15/><T39/><D10/><U8/><E8/><V13/><F13/><W81/><G81/><T1/><D9/><U120/><E120/><V23/><F23/><W43/><N who="3" m="10240" /><DORA hai="2" /><W0/><G0/><T108/><D1/><U63/><E68/><V46/><F3/><W84/><AGARI ba="1,3" hai="44,49,55,84,91,95,100,102,109,110,111" m="10240" machi="84" ten="50,6400,0" yaku="1,1,0,1,14,1,53,0" doraHai="115,2" doraHaiUra="24,14" who="3" fromWho="3" sc="227,-17,183,-17,335,-33,225,97" />
</Scene>
<Scene>
<INIT seed="3,0,0,1,3,40" ten="210,166,302,322" oya="3" hai0="106,32,99,29,126,51,80,30,134,38,45,82,48" hai1="98,132,117,121,15,129,63,94,128,67,25,9,124" hai2="8,39,62,17,20,14,87,12,127,59,23,133,70" hai3="28,120,46,43,11,54,3,36,52,16,79,5,60"/><W95/><G120/><T108/><D108/><U110/><E121/><V22/><F39/><W84/><G28/><T73/><D134/><U24/><E110/><V92/><F70/><W58/><G16/><T69/><D69/><U125/><E132/><V31/><F127/><N who="1" m="48713" /><E117/><V19/><F133/><W7/><G7/><T86/><D73/><U10/><E94/><V68/><F68/><W78/><REACH who="3" step="1"/><G54/><REACH who="3" ten="210,166,302,312" step="2"/><T107/><D126/><U53/><E53/><N who="2" m="34159" /><F31/><W18/><G18/><T49/><D30/><U118/><E25/><V93/><F19/><W83/><G83/><T102/><D29/><U112/><E24/><V119/><F17/><W44/><G44/><T111/><D111/><U13/><E9/><V123/><F8/><W66/><G66/><T33/><D82/><U71/><E10/><V37/><F123/><W6/><G6/><T47/><D47/><U96/><E67/><V113/><F22/><W35/><G35/><T122/><D122/><U100/><E13/><V34/><F14/><W75/><G75/><T21/><D21/><U42/><E15/><V81/><F34/><W72/><G72/><T77/><D32/><U61/><E42/><V85/><F20/><W64/><G64/><T131/><D33/><U76/><E71/><V55/><F23/><W89/><AGARI ba="0,1" hai="3,5,11,36,43,46,52,58,60,78,79,84,89,95" machi="89" ten="30,11700,0" yaku="1,1,0,1,52,1,54,1,53,0" doraHai="40" doraHaiUra="103" who="3" fromWho="3" sc="210,-39,166,-39,302,-39,312,127" />
</Scene>
<Scene>
<INIT seed="3,1,0,3,5,61" ten="171,127,263,439" oya="3" hai0="44,72,111,14,117,63,27,125,6,9,17,131,124" hai1="36,127,115,103,62,21,118,75,102,33,38,119,53" hai2="24,96,87,4,52,60,130,37,98,45,51,42,26" hai3="89,90,113,80,34,25,5,74,68,35,92,116,22"/><W66/><G113/><T76/><D117/><N who="1" m="44555" /><E33/><V71/><F130/><W99/><G5/><T126/><D111/><U50/><E115/><V106/><F4/><W12/><G12/><T23/><D131/><U13/><E75/><V29/><F87/><W94/><G116/><T78/><D72/><U3/><E3/><V108/><F108/><W112/><G112/><T91/><D91/><U81/><E81/><V1/><F1/><W7/><G7/><T128/><D128/><U84/><E84/><V0/><F0/><W82/><G68/><T123/><D123/><U134/><E134/><V79/><F79/><W28/><G66/><T77/><D44/><N who="1" m="27847" /><E62/><AGARI ba="1,0" hai="6,9,14,17,23,27,62,63,76,77,78,124,125,126" machi="62" ten="50,1600,0" yaku="18,1" doraHai="61" who="0" fromWho="1" sc="171,19,127,-19,263,0,439,0" />
</Scene>
<Scene>
<INIT seed="4,0,0,2,0,5" ten="190,108,263,439" oya="0" hai0="126,29,33,65,38,3,18,28,26,125,60,135,101" hai1="115,94,16,59,134,98,80,69,31,116,85,88,30" hai2="99,21,84,23,117,72,0,43,51,96,81,19,82" hai3="118,7,95,41,44,122,77,131,127,49,86,14,111"/><T25/><D38/><U37/><E69/><V75/><F0/><W79/><G118/><T68/><D18/><U113/><E116/><V91/><F117/><W45/><G111/><T8/><D135/><U11/><E37/><V47/><F23/><W39/><G131/><T9/><D101/><N who="1" m="60631" /><E59/><V89/><F72/><W123/><G127/><N who="0" m="48651" /><D3/><U70/><E70/><V27/><REACH who="2" step="1"/><F91/><REACH who="2" ten="190,108,253,439" step="2"/><W100/><G122/><T78/><D78/><AGARI ba="0,1" hai="19,21,27,43,47,51,75,78,81,82,84,89,96,99" machi="78" ten="40,2600,0" yaku="1,1,2,1,53,0" doraHai="5" doraHaiUra="24" who="2" fromWho="0" sc="190,-26,108,0,253,36,439,0" />
</Scene>
<Scene>
<INIT seed="5,0,0,5,0,62" ten="164,108,289,439" oya="1" hai0="0,17,97,6,30,31,1,13,48,129,35,116,71" hai1="81,111,102,33,73,108,25,49,107,86,20,51,18" hai2="122,65,59,66,109,132,127,2,22,61,115,87,95" hai3="47,69,38,104,8,94,34,42,40,105,84,100,74"/><U63/><E73/><V21/><F109/><N who="1" m="42057" /><E33/><V36/><F122/><W128/><G74/><T133/><D116/><U67/><E102/><V121/><F121/><W26/><G69/><T43/><D133/><U29/><E107/><V58/><F36/><W88/><G128/><T118/><D118/><U85/><E29/><V130/><F2/><W50/><G8/><T70/><D31/><U16/><E18/><V106/><F106/><W68/><G68/><T79/><D79/><N who="1" m="46271" /><E86/><V55/><F130/><W80/><G34/><T4/><D97/><U46/><E46/><V10/><F132/><W131/><G131/><T110/><D129/><U12/><E25/><V24/><F24/><W78/><G26/><N who="0" m="18903" /><D6/><U64/><E63/><N who="2" m="38143" /><F127/><W9/><G9/><N who="0" m="2191" /><D110/><U96/><E96/><V39/><F10/><W32/><G32/><T101/><D101/><U98/><E98/><V57/><F39/><W28/><G28/><T117/><D117/><U119/><E119/><V60/><F115/><W125/><G100/><T113/><D113/><U76/><E76/><V123/><F123/><W134/><G134/><T19/><D19/><U56/><E56/><V3/><F87/><W53/><G125/><T41/><D71/><U103/><E103/><V44/><F44/><N who="3" m="23575" /><G104/><T89/><D70/><U54/><E54/><V126/><F126/><W52/><G105/><T135/><D135/><U124/><E124/><V23/><F58/><W77/><G77/><T93/><D17/><U120/><E120/><V72/><F72/><N who="3" m="43079" /><G47/><T112/><D112/><U15/><E15/><V83/><F57/><W99/><G99/><RYUUKYOKU ba="0,0" sc="164,-15,108,15,289,-15,439,15" hai1="12,16,20,49,51,64,67" hai3="42,50,52,53,84,88,94" />
</Scene>
<Scene>
<INIT seed="5,1,0,2,1,101" ten="149,123,274,454" oya="1" hai0="60,74,55,105,78,8,66,130,94,67,38,15,110" hai1="116,97,23,41,106,1,32,9,24,56,122,27,57" hai2="112,65,99,126,30,89,39,132,128,61,118,104,64" hai3="12,127,52,18,10,90,124,28,103,22,5,69,3"/><U117/><E122/><V73/><F118/><W42/><G69/><T0/><D110/><U7/><E41/><V102/><F39/><W98/><G90/><T96/><D0/><U79/><E32/><V13/><F73/><W35/><G42/><T16/><D38/><U81/><E117/><V37/><F37/><W121/><G121/><T19/><D130/><U77/><E116/><V53/><F128/><W4/><G52/><T91/><D105/><U115/><E115/><V54/><F112/><W36/><G36/><T48/><D74/><U50/><E77/><V68/><F65/><W49/><G49/><T129/><D129/><U45/><E45/><V76/><F76/><W75/><G75/><T133/><D133/><U84/><E50/><V109/><F109/><W85/><G85/><T88/><D78/><U63/><E63/><V31/><F132/><W107/><G5/><T83/><D19/><U92/><E27/><AGARI ba="1,0" hai="3,4,10,12,18,22,27,28,35,98,103,107,124,127" machi="27" ten="40,5200,0" yaku="24,2,52,1" doraHai="101" who="3" fromWho="1" sc="149,0,123,-55,274,0,454,55" />
</Scene>
<Scene>
<INIT seed="6,0,0,3,3,115" ten="149,68,274,509" oya="2" hai0="57,44,51,29,35,68,46,24,101,82,20,34,111" hai1="134,45,10,19,93,71,17,120,78,86,127,43,1" hai2="69,47,50,88,22,12,126,6,13,103,75,25,39" hai3="114,15,0,8,100,119,135,79,32,56,90,58,98"/><V62/><F75/><W76/><G119/><T67/><D111/><U41/><E71/><V42/><F103/><W118/><G0/><T106/><D68/><U18/><E134/><V132/><F132/><W73/><G118/><T16/><D82/><U84/><E1/><V60/><F126/><W102/><G32/><T49/><D106/><U107/><E107/><V92/><F39/><W109/><G109/><T97/><D35/><U37/><E127/><V38/><F38/><W96/><G114/><T11/><D11/><U77/><E120/><V70/><F70/><W64/><G135/><T94/><D67/><U91/><E10/><N who="2" m="4183" /><F13/><W128/><G128/><T95/><D95/><U131/><E131/><V133/><F69/><W52/><G64/><T31/><D34/><U125/><E125/><V89/><F89/><W117/><G73/><T83/><D83/><U53/><E37/><V74/><F74/><W112/><G112/><T124/><D57/><U59/><E45/><N who="0" m="17513" /><D124/><U80/><REACH who="1" step="1"/><E78/><REACH who="1" ten="149,58,274,509" step="2"/><N who="3" m="29738" /><G117/><T66/><D66/><U130/><E130/><V61/><F133/><W72/><G72/><T116/><D116/><U65/><E65/><V104/><F104/><W85/><G58/><T54/><D54/><U14/><E14/><V23/><F25/><W55/><G55/><T105/><D105/><U63/><AGARI ba="0,1" hai="17,18,19,41,43,53,59,63,77,80,84,86,91,93" machi="63" ten="30,8000,1" yaku="1,1,0,1,8,1,53,2" doraHai="115" doraHaiUra="36" who="1" fromWho="1" sc="149,-20,58,90,274,-40,509,-20" />
</Scene>
<Scene>
<INIT seed="7,0,0,4,0,0" ten="129,148,234,489" oya="3" hai0="118,16,51,92,42,40,11,90,33,121,12,38,29" hai1="8,32,110,115,49,18,13,75,127,96,26,28,122" hai2="81,24,113,54,70,111,20,103,61,25,59,73,21" hai3="1,35,45,131,5,9,133,27,124,67,17,3,10"/><W57/><G45/><T63/><D118/><U43/><E110/><V53/><F70/><W85/><G85/><N who="0" m="52303" /><D33/><U135/><E122/><V109/><F113/><W36/><G36/><T14/><D38/><U65/><E75/><V108/><F103/><W77/><G77/><T116/><D116/><U114/><E135/><V72/><F81/><W56/><G67/><T87/><D121/><U6/><E127/><V104/><F104/><W58/><G124/><T132/><D132/><U34/><E65/><V4/><F59/><W2/><G133/><T7/><D29/><U88/><E34/><V125/><F61/><W76/><G76/><T105/><D105/><U91/><E18/><V120/><F125/><W94/><G94/><T71/><D71/><U89/><E96/><V69/><F69/><W101/><G101/><T62/><D87/><U52/><REACH who="1" step="1"/><E43/><REACH who="1" ten="129,138,234,489" step="2"/><N who="0" m="16425" /><D51/><U23/><E23/><AGARI ba="0,1" hai="7,11,12,14,16,23,62,63" m="16425,52303" machi="23" ten="30,3900,0" yaku="8,1,52,1,54,1" doraHai="0" who="0" fromWho="1" sc="129,49,138,-39,234,0,489,0" owari="178,-22.0,99,-40.0,234,3.0,489,59.0" />
</Scene>
</mjloggm>