<mjloggm ver="2.3"><GO type="169" lobby="0"/><UN n0="%E9%9B%80%E3%82%B7%E3%83%AD%E5%AD%90" n1="%E5%A4%AA%E3%81%8F%E3%81%AA%E3%81%84%E3%81%8A" n2="%68%6B%5F%6B%69%62%61" n3="%6B%65%6E%31%31%30%34" dan="16,19,16,16" rate="2085.72,2299.95,2052.40,2053.43" sx="M,F,M,M"/><TAIKYOKU oya="0"/>

<Scene>
<INIT seed="0,0,0,4,5,9" ten="250,250,250,250" oya="0" hai0="132,58,40,70,24,119,135,77,47,33,57,116,124" hai1="123,78,130,90,84,49,37,5,25,41,36,29,26" hai2="51,128,92,125,8,94,17,28,56,46,43,101,120" hai3="114,13,12,80,105,83,54,50,88,34,74,102,63"/><T131/><D77/><U2/><E123/><V16/><F120/><W129/><G114/><T30/><D70/><U55/><E78/><V89/><F125/><W91/><G34/><T38/><D124/><U81/><E2/><V121/><F121/><W32/><G32/><T95/><D95/><U7/><E130/><V98/><F128/><W109/><G129/><T113/><D113/><U79/><E25/><V112/><F112/><W21/><G105/><T96/><D96/><U45/><E79/><V108/><F108/><W100/><G63/><T69/><D69/><U118/><E118/><V14/><F28/><W133/><G109/><T19/><D19/><U18/><E18/><N who="2" m="8519" /><F56/><N who="0" m="21610" /><D131/><U39/><REACH who="1" step="1"/><E41/><REACH who="1" ten="250,240,250,250" step="2"/><V60/><F60/><W4/><G4/><T65/><D119/><U82/><E82/><N who="3" m="31274" /><G133/><N who="0" m="51275" /><D116/><U115/><E115/><V122/><F122/><W68/><G74/><T20/><D65/><U10/><E10/><V3/><F3/><W59/><G68/><T66/><D66/><U48/><E48/><V71/><F71/><W44/><G44/><T93/><D47/><U75/><E75/><V0/><F0/><W107/><G21/><AGARI ba="0,1" hai="5,7,21,26,29,36,37,39,45,49,55,81,84,90" machi="21" ten="40,1300,0" yaku="1,1,53,0" doraHai="9" doraHaiUra="31" who="1" fromWho="3" sc="250,0,240,23,250,0,250,-13" />
</Scene>
<Scene>
<INIT seed="1,0,0,2,0,84" ten="250,263,250,237" oya="1" hai0="47,37,41,45,70,86,135,27,23,66,123,85,127" hai1="8,13,46,55,112,89,97,21,29,83,34,32,74" hai2="67,5,4,114,62,39,56,6,119,105,19,3,15" hai3="12,57,111,96,128,16,88,134,11,116,22,49,10"/><U53/><E112/><V133/><F119/><W59/><G116/><T42/><D123/><U103/><E21/><V120/><F120/><W20/><G111/><T61/><D135/><U18/><E29/><V14/><F105/><W50/><G134/><T91/><D127/><U98/><E98/><V100/><F39/><W51/><G128/><T0/><D0/><U72/><E72/><V130/><F3/><W92/><G22/><T54/><D54/><U109/><E109/><V81/><F133/><W117/><G117/><T110/><D110/><U118/><E118/><V68/><F68/><W73/><G73/><T107/><D107/><U126/><E126/><V93/><F130/><W48/><N who="3" m="12288" /><DORA hai="94" /><W2/><REACH who="3" step="1"/><G2/><REACH who="3" ten="250,263,250,227" step="2"/><T131/><D131/><U58/><E74/><V99/><F114/><W25/><G25/><T43/><D37/><U1/><E1/><V78/><F15/><W28/><G28/><T31/><REACH who="0" step="1"/><D85/><REACH who="0" ten="240,263,250,227" step="2"/><N who="1" m="50367" /><E32/><V108/><F108/><W101/><G101/><T76/><D76/><U24/><E34/><V79/><F79/><W38/><G38/><T87/><D87/><U122/><E103/><V65/><F78/><W52/><G52/><T77/><D77/><U80/><E55/><V33/><F33/><W26/><G26/><T71/><D71/><U44/><E24/><V60/><F100/><W7/><G7/><T106/><D106/><U90/><E122/><V121/><F5/><W9/><AGARI ba="0,2" hai="9,10,11,12,16,20,57,59,88,92,96" m="12288" machi="9" ten="50,16000,3" yaku="1,1,0,1,8,1,52,2,54,2,53,1" doraHai="84,94" doraHaiUra="115,95" who="3" fromWho="3" sc="240,-40,263,-80,250,-40,227,180" />
</Scene>
<Scene>
<INIT seed="2,0,0,3,5,121" ten="200,183,210,407" oya="2" hai0="128,49,8,92,132,66,118,124,78,129,59,16,109" hai1="68,0,93,65,3,12,27,42,17,5,14,38,32" hai2="127,11,18,40,76,58,134,77,44,90,102,94,130" hai3="52,67,86,56,34,10,100,57,81,108,131,99,133"/><V46/><F102/><W120/><G120/><T19/><D118/><U107/><E107/><V119/><F119/><W4/><G34/><T64/><D124/><U69/><E93/><V30/><F127/><W79/><G133/><T105/><D105/><U25/><E42/><V80/><F134/><W112/><G131/><N who="0" m="50251" /><D132/><U7/><E65/><V53/><F30/><W36/><G36/><T113/><D78/><U96/><E96/><V88/><F130/><W126/><G112/><T22/><D113/><U122/><E38/><V117/><F117/><W51/><G126/><T84/><D109/><U23/><E122/><V47/><F40/><W95/><G108/><T135/><D135/><U62/><E62/><N who="2" m="36175" /><F80/><W125/><G125/><T60/><D49/><U101/><E101/><V110/><F110/><W115/><G115/><T106/><D66/><U123/><E123/><V24/><F90/><W85/><G86/><T61/><D61/><U50/><E50/><V28/><F28/><W83/><G83/><T20/><D106/><U35/><REACH who="1" step="1"/><E23/><REACH who="1" ten="200,173,210,407" step="2"/><N who="2" m="13431" /><F11/><W74/><G67/><T116/><D8/><U39/><E39/><V13/><F13/><N who="3" m="5319" /><G74/><T15/><D116/><U26/><E26/><V87/><AGARI ba="0,1" hai="44,46,47,76,77,87,88,94" m="13431,36175" machi="87" ten="30,3000,0" yaku="8,1,54,1" doraHai="121" who="2" fromWho="2" sc="200,-10,173,-10,210,40,407,-10" />
</Scene>
<Scene>
<INIT seed="2,1,0,2,1,99" ten="190,163,250,397" oya="2" hai0="129,80,91,52,81,68,125,98,92,42,109,64,44" hai1="49,127,79,10,124,93,11,115,20,97,123,25,101" hai2="102,111,103,1,73,88,62,50,96,47,59,7,40" hai3="24,87,100,90,57,51,117,128,16,29,4,28,84"/><V63/><F73/><W135/><G117/><T27/><D109/><U5/><E115/><V114/><F114/><W71/><G71/><T46/><D129/><U6/><E79/><V121/><F121/><W15/><G135/><T39/><D125/><N who="1" m="48203" /><E123/><V89/><F111/><W74/><G74/><T106/><D106/><U21/><E49/><V36/><F36/><W72/><G72/><T94/><D27/><U134/><E134/><V69/><F69/><W14/><G128/><T133/><D133/><U119/><E119/><V85/><F1/><W60/><G100/><N who="2" m="38441" /><F7/><N who="1" m="2569" /><E20/><V130/><F130/><W19/><G51/><T113/><D68/><U132/><E132/><V9/><F9/><N who="3" m="4391" /><G84/><T34/><D34/><U131/><E131/><V2/><F2/><W75/><G24/><T112/><D39/><U61/><E61/><N who="2" m="23051" /><F59/><W70/><G19/><AGARI ba="1,0" hai="10,11,19,21,25,93,97,101" m="2569,48203" machi="19" ten="30,2000,0" yaku="18,1,52,1" doraHai="99" who="1" fromWho="3" sc="190,0,163,23,250,0,397,-23" />
</Scene>
<Scene>
<INIT seed="3,0,0,4,5,45" ten="190,186,250,374" oya="3" hai0="91,112,50,95,92,15,34,128,87,122,71,111,83" hai1="103,30,42,24,77,51,2,131,80,10,81,40,76" hai2="130,75,120,3,105,18,23,121,93,133,129,88,56" hai3="37,108,41,9,59,106,85,101,90,21,96,32,82"/><W48/><G32/><T69/><D122/><N who="2" m="47210" /><F3/><W58/><G37/><T64/><D34/><U116/><E131/><N who="2" m="50187" /><F105/><W104/><G104/><T115/><D128/><U12/><E2/><V55/><F75/><W27/><G9/><T94/><D111/><U117/><E103/><V98/><F133/><W118/><G118/><T29/><D29/><U113/><E113/><N who="0" m="43593" /><D64/><U13/><E10/><V8/><F8/><W132/><G132/><T135/><D135/><U86/><E30/><V74/><F74/><W31/><REACH who="3" step="1"/><G108/><REACH who="3" ten="190,186,250,364" step="2"/><T60/><D15/><U20/><E12/><V134/><F134/><W6/><G6/><T72/><D72/><U47/><E13/><V57/><F55/><W61/><G61/><T68/><D60/><U46/><E20/><V39/><F39/><W99/><G99/><T43/><D69/><U38/><REACH who="1" step="1"/><E24/><AGARI ba="0,1" hai="18,23,24,56,57,88,93,98" m="50187,47210" machi="24" ten="30,3900,0" yaku="13,1,19,1,54,1" doraHai="45" who="2" fromWho="1" sc="190,0,186,-39,250,49,364,0" />
</Scene>
<Scene>
<INIT seed="4,0,0,4,5,26" ten="190,147,299,364" oya="0" hai0="78,83,122,24,91,76,68,4,129,77,107,12,132" hai1="121,28,135,126,65,64,112,72,22,99,52,2,127" hai2="111,17,97,27,60,98,101,45,123,124,42,119,36" hai3="29,92,53,71,104,58,37,131,130,55,18,19,56"/><T30/><D68/><U134/><E72/><V79/><F111/><W44/><G104/><T88/><D122/><U13/><E2/><V59/><F123/><W116/><G71/><T118/><D118/><U43/><E121/><V48/><F36/><W94/><G37/><T20/><D107/><U11/><E43/><V86/><F124/><N who="1" m="47657" /><E99/><V38/><F38/><W106/><G106/><T61/><D132/><N who="1" m="50731" /><E112/><V73/><F73/><W16/><G19/><T33/><D129/><U51/><E11/><V81/><F119/><W96/><G44/><T57/><D83/><U63/><E63/><V5/><F5/><W14/><G96/><T9/><REACH who="0" step="1"/><D33/><REACH who="0" ten="180,147,299,364" step="2"/><U95/><E95/><V54/><F101/><W39/><G116/><T3/><D3/><U40/><E40/><V41/><F41/><W90/><G94/><T114/><D114/><U117/><E117/><V15/><REACH who="2" step="1"/><F27/><REACH who="2" ten="180,147,289,364" step="2"/><W23/><G130/><T120/><D120/><U108/><E108/><V85/><F85/><W6/><G131/><T69/><D69/><U8/><E13/><V25/><F25/><W109/><G14/><T110/><D110/><U21/><E28/><V133/><F133/><W46/><G29/><T50/><D50/><U74/><E74/><V32/><F32/><W87/><G109/><T67/><AGARI ba="0,2" hai="4,9,12,20,24,30,57,61,67,76,77,78,88,91" machi="67" ten="30,12000,1" yaku="1,1,0,1,8,1,52,1,54,1,53,0" doraHai="26" doraHaiUra="100" who="0" fromWho="0" sc="180,140,147,-40,289,-40,364,-40" />
</Scene>
<Scene>
<INIT seed="4,1,0,1,0,75" ten="320,107,249,324" oya="0" hai0="93,25,23,43,126,116,67,134,84,11,73,9,29" hai1="70,77,115,123,17,105,128,78,125,27,133,38,129" hai2="7,8,89,94,13,88,6,33,28,10,42,56,65" hai3="50,117,107,111,44,92,34,66,131,100,0,53,21"/><T47/><D116/><U60/><E123/><V127/><F127/><W74/><G34/><T118/><D73/><U16/><E38/><V39/><F33/><W86/><G0/><T82/><D126/><U114/><E125/><V99/><F28/><W90/><G111/><T37/><D134/><U109/><E105/><V3/><F42/><W51/><G131/><N who="1" m="50250" /><E109/><V30/><F30/><W18/><G117/><T32/><D118/><U12/><E133/><V48/><F39/><W113/><G113/><N who="1" m="43018" /><E27/><V103/><REACH who="2" step="1"/><F48/><REACH who="2" ten="320,107,239,324" step="2"/><W101/><G51/><T80/><D32/><U122/><E122/><V110/><F110/><W64/><G50/><T106/><D37/><U46/><E46/><V104/><F104/><W15/><G107/><T124/><D124/><U120/><E120/><V98/><F98/><W26/><G44/><T108/><D47/><U61/><E17/><V85/><F85/><W96/><G74/><T130/><D84/><U83/><E70/><V95/><F95/><W69/><G69/><T135/><D93/><U91/><E91/><V52/><F52/><W59/><G86/><T55/><D106/><U121/><E121/><V72/><F72/><W68/><G68/><T57/><D108/><U40/><E40/><V5/><F5/><W119/><G119/><T24/><D43/><U112/><N who="1" m="43026" /><U63/><DORA hai="20" /><E83/><V4/><F4/><W76/><G90/><T1/><D82/><U45/><E45/><V19/><F19/><W79/><G18/><T132/><D80/><U58/><E58/><V35/><F35/><W54/><G59/><T2/><D135/><RYUUKYOKU ba="1,1" sc="320,-15,107,15,239,15,324,-15" hai1="12,16,60,61,63,77,78" hai2="3,6,7,8,10,13,56,65,88,89,94,99,103" />
</Scene>
<Scene>
<INIT seed="5,2,1,0,5,78" ten="305,122,254,309" oya="1" hai0="88,132,63,16,33,108,2,97,42,131,121,36,32" hai1="52,105,49,70,104,34,117,5,46,9,96,15,0" hai2="125,41,65,91,14,101,83,62,37,43,61,21,128" hai3="73,10,77,120,26,89,17,103,129,44,115,107,124"/><U92/><E117/><V98/><F37/><W29/><G120/><T116/><D116/><U102/><E70/><V50/><F125/><W113/><G129/><T80/><D2/><U99/><E34/><V25/><F128/><W106/><G124/><T3/><D3/><U74/><E74/><V94/><F14/><N who="3" m="7383" /><G103/><T38/><D131/><U45/><E0/><V87/><F50/><W68/><G68/><T20/><D121/><U13/><E13/><V134/><F134/><W85/><G73/><T22/><D22/><U130/><E130/><V40/><REACH who="2" step="1"/><F65/><REACH who="2" ten="305,122,244,309" step="2"/><W84/><G115/><T123/><D132/><U18/><E5/><V59/><F59/><W6/><G113/><T23/><D123/><U90/><REACH who="1" step="1"/><E46/><REACH who="1" ten="305,112,244,309" step="2"/><V72/><F72/><W27/><G44/><T30/><D32/><U35/><E35/><V8/><F8/><W95/><G6/><T1/><D33/><U60/><E60/><V111/><F111/><W127/><G127/><T69/><D108/><U109/><E109/><V93/><F93/><AGARI ba="2,3" hai="9,15,18,45,49,52,90,92,93,96,99,102,104,105" machi="93" ten="30,5800,0" yaku="1,1,7,1,54,1,53,0" doraHai="78" doraHaiUra="118" who="1" fromWho="2" sc="305,0,112,94,244,-64,309,0" />
</Scene>
<Scene>
<INIT seed="5,3,0,1,1,66" ten="305,206,180,309" oya="1" hai0="96,60,111,67,94,88,117,35,8,57,14,103,124" hai1="130,48,10,84,24,129,42,29,74,98,95,13,30" hai2="133,34,75,80,99,116,110,38,46,100,68,47,5" hai3="31,71,128,83,11,108,72,77,79,76,16,49,61"/><U85/><E74/><V126/><F116/><W23/><G108/><T39/><D124/><U107/><E107/><V55/><F110/><W120/><G120/><T6/><D111/><U44/><E130/><V125/><F34/><W56/><G128/><T63/><D117/><U40/><E40/><V0/><F133/><W33/><G33/><T65/><D39/><U43/><E43/><N who="2" m="22903" /><F47/><W123/><G123/><T59/><D35/><U122/><E122/><V27/><F27/><W15/><G71/><T73/><D73/><U106/><E106/><N who="2" m="63775" /><F55/><W28/><G49/><T97/><D97/><U58/><E58/><V9/><F68/><W53/><G31/><N who="1" m="11786" /><E24/><V18/><F18/><W26/><AGARI ba="3,0" hai="11,15,16,23,26,28,53,56,61,72,76,77,79,83" machi="26" ten="30,2000,0" yaku="0,1,54,1" doraHai="66" who="3" fromWho="3" sc="305,-8,206,-13,180,-8,309,29" />
</Scene>
<Scene>
<INIT seed="6,0,0,4,0,58" ten="297,193,172,338" oya="2" hai0="53,72,47,37,128,50,42,74,28,118,106,123,23" hai1="125,95,8,126,77,29,55,54,97,63,76,6,102" hai2="38,94,33,91,87,22,112,99,109,41,51,104,98" hai3="9,44,78,36,66,84,70,35,64,116,27,57,5"/><V101/><F33/><W113/><G70/><T115/><D123/><U86/><E29/><V85/><F38/><W80/><G116/><T61/><D106/><U92/><E92/><V2/><F2/><W119/><G119/><T122/><D118/><U52/><E63/><V48/><F112/><W3/><G113/><T0/><D115/><U124/><REACH who="1" step="1"/><E86/><REACH who="1" ten="297,183,172,338" step="2"/><V18/><F109/><W26/><G35/><T60/><D122/><U31/><E31/><V111/><F111/><W20/><G84/><T130/><D74/><U67/><E67/><V79/><F79/><W90/><G66/><T117/><D72/><U19/><E19/><V14/><REACH who="2" step="1"/><F48/><REACH who="2" ten="297,183,162,338" step="2"/><W88/><G78/><T43/><D117/><U17/><E17/><V10/><F10/><W7/><G9/><T13/><D50/><U83/><E83/><V40/><F40/><W120/><G80/><T25/><D43/><U133/><E133/><V45/><AGARI ba="0,2" hai="14,18,22,41,45,51,85,87,91,94,98,99,101,104" machi="45" ten="30,6000,0" yaku="1,1,0,1,53,1" doraHai="58" doraHaiUra="89" who="2" fromWho="2" sc="297,-20,183,-20,162,80,338,-20" />
</Scene>
<Scene>
<INIT seed="6,1,0,3,3,5" ten="277,163,242,318" oya="2" hai0="65,114,96,80,88,3,57,130,61,1,98,48,110" hai1="68,100,122,60,13,85,135,4,7,113,120,33,133" hai2="41,93,47,25,38,112,30,40,119,111,132,43,79" hai3="6,99,70,95,12,0,77,20,129,15,123,69,124"/><V28/><F119/><W71/><G123/><N who="1" m="47146" /><E100/><V66/><F79/><W42/><G124/><T56/><D110/><U115/><E85/><V91/><F111/><W82/><G129/><T67/><D130/><U116/><E60/><V106/><F106/><W90/><G42/><T44/><D114/><N who="1" m="43531" /><E68/><V50/><F38/><W18/><G0/><T134/><D134/><N who="1" m="51211" /><E116/><V89/><F132/><W87/><G6/><N who="1" m="2090" /><E13/><V29/><F112/><W101/><REACH who="3" step="1"/><G12/><REACH who="3" ten="277,163,242,308" step="2"/><T107/><D1/><U22/><E22/><N who="2" m="15415" /><F43/><W23/><G23/><T126/><D3/><U9/><E33/><V78/><F41/><W31/><G31/><T86/><D107/><U8/><AGARI ba="1,1" hai="8,9" m="2090,51211,43531,47146" machi="8" ten="40,16000,3" yaku="28,2,13,1,15,1,20,1,34,2,52,2" doraHai="5" who="1" fromWho="1" sc="277,-41,163,173,242,-81,308,-41" />
</Scene>
<Scene>
<INIT seed="7,0,0,2,4,50" ten="236,336,161,267" oya="3" hai0="102,11,40,105,123,30,119,31,74,87,82,115,29" hai1="15,13,118,76,109,79,58,85,90,128,116,32,63" hai2="108,134,80,49,83,68,2,84,103,96,19,25,10" hai3="56,111,92,91,55,130,88,129,16,113,67,28,72"/><W42/><G111/><T93/><D123/><U8/><E32/><V20/><F68/><W70/><G113/><T6/><D119/><N who="1" m="45611" /><E128/><N who="3" m="49258" /><G72/><T7/><D74/><U107/><E107/><V37/><F37/><W62/><G28/><T110/><D110/><U77/><E109/><V9/><F108/><W47/><G16/><T17/><D105/><U132/><E132/><V45/><F134/><W98/><G91/><T12/><D40/><U97/><E97/><V94/><F2/><W57/><G57/><T104/><D104/><U22/><E22/><V44/><F44/><W5/><G5/><T81/><D115/><U133/><E8/><V21/><F21/><W86/><G86/><T121/><D82/><N who="1" m="49463" /><E133/><V122/><F122/><W120/><G120/><T64/><D64/><AGARI ba="0,0" hai="13,15,58,63,64,76,77,79" m="49463,45611" machi="64" ten="30,1000,0" yaku="12,1" doraHai="50" who="1" fromWho="0" sc="236,-10,336,10,161,0,267,0" owari="226,-17.0,346,44.0,161,-34.0,267,7.0" />
</Scene>
</mjloggm>