<mjloggm ver="2.3"><GO type="169" lobby="0"/><UN n0="%68%69%70%64%63%61%73%68" n1="%E5%A4%AA%E3%81%8F%E3%81%AA%E3%81%84%E3%81%8A" n2="%6D%6F%6E%65%79%2E%2E%2E" n3="%E3%83%80%E3%83%9E%E3%83%86%E3%83%B3" dan="16,17,16,16" rate="2120.74,2245.99,2125.01,2057.53" sx="M,M,M,M"/><TAIKYOKU oya="0"/>

<Scene>
<INIT seed="0,0,0,1,2,15" ten="250,250,250,250" oya="0" hai0="86,74,14,38,103,32,65,28,66,2,11,91,115" hai1="135,5,61,133,40,79,100,68,98,41,97,134,123" hai2="95,45,78,120,29,125,104,63,50,94,34,57,114" hai3="77,131,102,6,56,107,54,7,89,26,59,20,51"/><T1/><D115/><U84/><E123/><V67/><F120/><W92/><G131/><T85/><D74/><U13/><E79/><V31/><F104/><W16/><G77/><T105/><D38/><U23/><E84/><V33/><F114/><W8/><G8/><T35/><D103/><U88/><E88/><V60/><F78/><W112/><G112/><T53/><D53/><U76/><E76/><V0/><F0/><W127/><G127/><T4/><D105/><N who="1" m="63631" /><E98/><V70/><F125/><W116/><G116/><T17/><D85/><U87/><E87/><V46/><F50/><W126/><G126/><T10/><D1/><U129/><E129/><V19/><F57/><W47/><G102/><T75/><D75/><U113/><E113/><V82/><F67/><W122/><G107/><T109/><D109/><U71/><E61/><V44/><F44/><W37/><G122/><T121/><D121/><U36/><E36/><V62/><F62/><W3/><G3/><T124/><D124/><U18/><E5/><N who="3" m="1546" /><G37/><T49/><D49/><U108/><E108/><V99/><F99/><AGARI ba="0,0" hai="16,20,26,47,51,54,56,59,89,92,99" m="1546" machi="99" ten="30,3900,0" yaku="8,1,52,1,54,1" doraHai="15" who="3" fromWho="2" sc="250,0,250,0,250,-39,250,39" />
</Scene>
<Scene>
<INIT seed="1,0,0,3,0,47" ten="250,250,211,289" oya="1" hai0="87,110,58,95,45,96,111,88,29,101,125,113,31" hai1="44,11,68,128,2,108,30,9,94,85,14,74,28" hai2="124,52,62,20,134,69,46,66,27,106,42,56,67" hai3="36,53,126,105,81,70,15,49,35,84,23,122,115"/><U26/><E74/><V38/><F106/><W90/><G115/><T7/><D113/><U4/><E68/><V107/><F107/><W89/><G122/><T32/><D125/><U8/><E128/><V102/><F102/><W73/><G35/><T119/><D119/><U40/><E108/><N who="0" m="41513" /><D7/><U41/><E41/><V82/><F124/><W59/><G126/><T3/><D3/><U112/><E112/><V22/><F134/><W6/><G105/><T103/><D58/><U24/><E94/><V48/><F66/><W64/><G36/><T77/><D32/><U109/><E85/><V50/><F82/><W57/><G73/><T43/><D77/><U61/><E61/><V117/><F117/><W10/><G70/><T39/><D103/><U19/><E109/><V16/><REACH who="2" step="1"/><F22/><REACH who="2" ten="250,250,201,289" step="2"/><W123/><G23/><T33/><D33/><U0/><E0/><V93/><F93/><AGARI ba="0,1" hai="29,31,39,43,45,87,88,93,95,96,101" m="41513" machi="93" ten="30,2000,0" yaku="14,1,54,1" doraHai="47" who="0" fromWho="2" sc="250,30,250,0,201,-20,289,0" />
</Scene>
<Scene>
<INIT seed="2,0,0,1,4,5" ten="280,250,181,289" oya="2" hai0="17,80,109,55,57,37,77,128,102,122,41,60,27" hai1="36,6,126,97,58,75,66,119,52,81,18,73,11" hai2="115,49,131,45,120,130,32,1,31,89,117,74,88" hai3="56,46,82,114,127,19,100,20,53,69,124,90,95"/><V28/><F115/><W104/><G69/><T43/><D122/><U30/><E36/><V106/><F120/><W48/><G114/><T91/><D102/><U29/><E119/><V134/><F117/><W110/><G110/><T70/><D109/><U54/><E126/><V129/><F106/><W78/><G100/><T71/><D128/><U7/><E97/><V50/><F74/><W62/><G104/><T34/><D91/><N who="2" m="34890" /><F134/><W21/><G82/><T64/><D70/><U79/><E73/><V135/><F135/><W112/><G78/><T116/><D116/><U4/><E66/><V13/><F1/><W94/><G112/><T72/><D34/><U86/><E75/><V67/><F67/><W22/><G19/><T123/><D123/><U12/><REACH who="1" step="1"/><E54/><REACH who="1" ten="280,240,181,289" step="2"/><V101/><F101/><W85/><REACH who="3" step="1"/><G95/><REACH who="3" ten="280,240,181,279" step="2"/><T105/><D105/><U63/><AGARI ba="0,2" hai="4,6,7,11,12,18,29,30,52,58,63,79,81,86" machi="63" ten="30,12000,2" yaku="1,1,2,1,0,1,8,1,52,1,54,1,53,0" doraHai="5" doraHaiUra="68" who="1" fromWho="1" sc="280,-30,240,140,181,-60,279,-30" />
</Scene>
<Scene>
<INIT seed="3,0,0,0,5,130" ten="250,380,121,249" oya="3" hai0="122,91,42,0,31,98,9,1,112,44,71,116,103" hai1="113,121,80,111,77,131,72,4,11,39,50,38,67" hai2="41,30,109,53,48,45,125,108,7,56,35,20,120" hai3="97,115,57,51,133,94,6,14,33,84,93,74,69"/><W100/><G115/><T59/><D112/><U46/><E113/><V81/><F35/><W104/><G69/><T22/><D71/><U128/><E121/><V17/><F30/><W89/><G33/><T13/><D116/><U79/><E67/><V55/><F7/><W126/><G126/><T123/><D59/><U40/><E111/><V96/><F125/><W118/><G118/><T65/><D65/><U83/><E39/><V70/><F70/><W75/><G104/><T129/><D91/><U106/><E106/><V8/><F8/><W60/><G51/><T37/><D129/><U102/><E102/><V88/><F120/><W63/><G63/><T64/><D64/><U47/><E47/><V34/><F34/><W19/><G6/><T43/><D43/><U68/><E68/><V23/><F55/><W25/><G25/><T61/><D61/><U92/><E92/><N who="2" m="56327" /><F81/><W119/><G119/><T21/><D122/><U2/><E50/><V82/><F82/><W99/><G99/><T124/><D123/><U114/><E114/><V85/><F85/><AGARI ba="0,0" hai="2,4,11,38,40,46,72,77,79,80,83,85,128,131" machi="85" ten="40,2600,0" yaku="25,2" doraHai="130" who="1" fromWho="2" sc="250,0,380,26,121,-26,249,0" />
</Scene>
<Scene>
<INIT seed="4,0,0,5,1,111" ten="250,406,95,249" oya="0" hai0="36,73,5,53,79,55,47,42,54,91,102,15,128" hai1="124,93,99,31,26,104,34,70,35,68,75,134,20" hai2="29,90,40,37,125,123,113,16,25,41,78,130,98" hai3="80,14,8,28,38,11,48,74,50,69,49,18,13"/><T109/><D109/><U131/><E75/><V100/><F123/><W129/><G38/><T60/><D128/><U85/><E131/><V9/><F130/><W97/><G129/><T57/><D102/><U39/><E39/><V61/><F78/><W119/><G119/><T3/><D15/><U121/><E121/><V82/><F125/><W4/><G69/><T89/><D89/><U133/><E85/><V116/><F116/><W12/><G28/><T63/><D91/><N who="1" m="55743" /><E104/><V33/><F37/><W24/><G97/><T118/><D118/><U94/><E94/><V87/><F113/><W105/><G105/><T88/><D88/><U7/><E7/><V44/><F44/><W114/><G114/><T30/><D30/><U72/><E72/><V135/><F135/><N who="1" m="51721" /><E124/><V67/><F16/><W115/><G115/><T23/><D23/><U117/><E117/><V52/><F9/><W122/><G122/><T43/><D43/><U19/><E35/><V108/><F108/><W76/><G24/><AGARI ba="0,0" hai="19,20,24,26,31,34,68,70" m="51721,55743" machi="24" ten="30,1000,0" yaku="20,1" doraHai="111" who="1" fromWho="3" sc="250,0,406,10,95,0,249,-10" />
</Scene>
<Scene>
<INIT seed="5,0,0,5,0,30" ten="250,416,95,239" oya="1" hai0="129,58,77,93,22,48,47,1,88,14,29,49,79" hai1="115,12,75,116,119,101,106,125,126,20,11,45,87" hai2="57,60,34,80,121,13,36,117,95,27,73,8,85" hai3="130,23,51,96,42,71,94,84,52,103,46,33,78"/><U31/><E75/><V127/><F117/><N who="1" m="45129" /><E87/><V74/><F121/><W53/><G130/><T112/><D1/><U44/><E101/><V91/><F36/><W104/><G71/><T68/><D68/><U9/><E106/><V7/><F127/><N who="1" m="48649" /><E44/><V2/><F2/><W66/><G66/><T114/><D129/><U70/><E45/><V90/><F27/><W37/><G33/><T113/><D58/><U32/><E70/><V81/><F34/><W102/><G23/><T62/><D62/><U108/><E115/><V107/><F107/><W15/><G15/><T134/><D134/><U40/><E40/><V28/><F28/><W10/><G10/><N who="1" m="3594" /><E108/><V65/><F80/><W100/><G104/><T99/><D49/><U54/><E54/><N who="3" m="21098" /><G37/><T43/><D29/><U89/><E89/><V122/><F122/><W109/><G109/><T98/><D98/><AGARI ba="0,0" hai="7,8,13,57,60,65,73,74,81,85,90,91,95,98" machi="98" ten="30,1000,0" yaku="7,1" doraHai="30" who="2" fromWho="0" sc="250,-10,416,0,95,10,239,0" />
</Scene>
<Scene>
<INIT seed="6,0,0,1,1,63" ten="240,416,105,239" oya="2" hai0="34,104,132,47,45,85,20,133,117,74,118,134,107" hai1="23,46,96,1,21,62,120,100,25,93,112,116,113" hai2="88,8,77,99,103,97,31,55,65,106,124,29,17" hai3="80,19,58,59,64,51,75,129,16,101,131,68,87"/><V36/><F36/><W44/><G75/><T94/><D74/><U10/><E116/><N who="0" m="44649" /><D34/><U83/><E120/><V121/><F121/><W81/><G101/><T14/><D14/><U84/><E46/><N who="0" m="17417" /><D20/><U7/><E62/><V35/><F77/><W49/><G68/><T37/><D37/><U126/><E126/><V89/><F124/><W125/><G125/><T6/><D6/><U3/><E3/><V30/><F35/><W50/><G44/><T123/><D123/><U54/><E54/><V95/><F55/><W67/><G50/><T127/><D127/><U53/><E53/><V41/><F41/><W13/><G13/><T52/><D52/><U76/><REACH who="1" step="1"/><E21/><REACH who="1" ten="240,406,105,239" step="2"/><V5/><F65/><W135/><REACH who="3" step="1"/><G87/><REACH who="3" ten="240,406,105,229" step="2"/><T9/><D9/><U73/><E73/><V119/><F119/><W32/><G32/><T109/><D109/><U28/><AGARI ba="0,2" hai="1,7,10,23,25,28,76,83,84,93,96,100,112,113" machi="28" ten="30,4000,0" yaku="1,1,0,1,53,1" doraHai="63" doraHaiUra="18" who="1" fromWho="1" sc="240,-10,406,60,105,-20,229,-10" />
</Scene>
<Scene>
<INIT seed="7,0,0,4,5,53" ten="230,466,85,219" oya="3" hai0="95,45,1,112,132,55,128,100,48,6,118,99,93" hai1="120,11,135,60,17,125,12,86,5,24,98,66,54" hai2="22,101,121,115,80,92,123,117,40,44,49,43,62" hai3="31,90,113,103,77,34,69,8,85,96,67,68,110"/><W76/><G113/><T74/><D112/><U46/><E120/><N who="2" m="46155" /><F80/><W35/><G8/><T25/><D118/><U94/><E135/><V61/><F22/><W38/><G38/><T51/><D128/><U87/><E125/><V84/><F84/><W47/><G47/><T131/><D131/><U106/><E106/><V88/><F101/><W73/><G110/><T50/><D132/><U102/><E54/><N who="2" m="29991" /><F88/><W134/><G134/><T124/><D124/><U21/><E46/><V59/><F92/><W58/><G31/><T64/><D64/><U42/><E42/><N who="2" m="15915" /><F115/><W41/><G34/><T19/><D74/><U26/><E26/><V7/><F7/><W37/><G35/><T104/><D104/><U81/><E81/><V23/><F23/><W65/><G73/><T78/><D78/><U3/><E3/><V70/><F70/><AGARI ba="0,0" hai="5,11,12,17,21,24,60,66,70,86,87,94,98,102" machi="70" ten="30,1000,0" yaku="7,1" doraHai="53" who="1" fromWho="2" sc="230,0,466,10,85,-10,219,0" owari="230,3.0,476,57.0,75,-42.0,219,-18.0" />
</Scene>
</mjloggm>