<mjloggm ver="2.3"><GO type="169" lobby="0"/><UN n0="%E5%A4%AA%E3%81%8F%E3%81%AA%E3%81%84%E3%81%8A" n1="%68%69%6E%61%6A%69%6E%6E" n2="%E5%BB%83%E4%BA%BA%E9%81%94%E9%9B%86%E5%90%88" n3="%EF%BC%92%EF%BC%97%EF%BC%93%EF%BC%97" dan="19,17,16,16" rate="2316.37,2129.08,2136.85,2042.68" sx="F,M,M,F"/><TAIKYOKU oya="0"/>

<Scene>
<INIT seed="0,0,0,3,2,93" ten="250,250,250,250" oya="0" hai0="110,8,62,115,107,74,35,27,98,102,106,81,56" hai1="104,113,87,42,48,129,116,31,12,29,0,79,47" hai2="25,130,86,108,78,85,10,126,123,16,40,119,95" hai3="83,43,44,101,61,30,4,109,69,55,97,82,111"/><T5/><D115/><U75/><E116/><V132/><F123/><W128/><G4/><T80/><D107/><U3/><E104/><V24/><F119/><W53/><G30/><T54/><D110/><N who="3" m="41993" /><G128/><T20/><D74/><U120/><E75/><V122/><F132/><W125/><G125/><T90/><D90/><U57/><E129/><V96/><F126/><W13/><G13/><T124/><D35/><U21/><E113/><V131/><F108/><W38/><G69/><T66/><D54/><N who="3" m="20489" /><G61/><T60/><D60/><U32/><E32/><V2/><F122/><W34/><G34/><T94/><D106/><AGARI ba="0,0" hai="38,43,44,82,83,97,101,106" m="20489,41993" machi="106" ten="30,2000,0" yaku="14,1,52,1" doraHai="93" who="3" fromWho="0" sc="250,-20,250,0,250,0,250,20" />
</Scene>
<Scene>
<INIT seed="1,0,0,4,3,126" ten="230,250,250,270" oya="1" hai0="113,55,110,90,91,45,108,134,52,81,132,64,53" hai1="27,2,62,40,66,19,100,84,43,95,38,107,109" hai2="119,51,36,14,23,30,103,99,128,101,26,96,31" hai3="10,93,116,59,79,69,82,9,123,49,12,20,0"/><U77/><E2/><V127/><F127/><W133/><G69/><T131/><D113/><U74/><E109/><N who="0" m="42089" /><D64/><U73/><E38/><V48/><F128/><W60/><G123/><T102/><D102/><U67/><E67/><V80/><F36/><W22/><G133/><N who="0" m="51307" /><D131/><U46/><E46/><V58/><F119/><W105/><G105/><T25/><D45/><U29/><E19/><V56/><F14/><W104/><G104/><T92/><D92/><U1/><E1/><V13/><F13/><W4/><G93/><T70/><D70/><N who="1" m="42327" /><E95/><V125/><F125/><W28/><G0/><T32/><D81/><N who="1" m="45239" /><E84/><V130/><F130/><W11/><G82/><T16/><D32/><N who="1" m="20543" /><E73/><V47/><F47/><W88/><G116/><T44/><D44/><U114/><E114/><V94/><F80/><W89/><G59/><T85/><D85/><U33/><E33/><V75/><F75/><W129/><G129/><T83/><D83/><U72/><E72/><V54/><F58/><W42/><G79/><T34/><D34/><U112/><E112/><V17/><F51/><W63/><G49/><T86/><D86/><U87/><E87/><V21/><F94/><W37/><G89/><T7/><D7/><U78/><E78/><V8/><F56/><W35/><G88/><T24/><D24/><U61/><E61/><V3/><F26/><W97/><G60/><T18/><D18/><U68/><E68/><V118/><F17/><W111/><G111/><T39/><D39/><U121/><E107/><V120/><F31/><W76/><G37/><T41/><D41/><N who="1" m="15947" /><E100/><V124/><F103/><RYUUKYOKU ba="0,0" sc="230,15,250,15,250,-15,270,-15" hai0="16,25,52,53,55,90,91" hai1="121" />
</Scene>
<Scene>
<INIT seed="1,1,0,3,3,134" ten="245,265,235,255" oya="1" hai0="82,65,9,3,68,55,102,31,126,85,54,26,88" hai1="6,39,1,60,130,127,121,76,110,107,123,109,7" hai2="58,38,72,87,67,61,94,15,20,112,70,92,120" hai3="105,51,113,99,103,74,33,37,42,125,11,122,16"/><U84/><E107/><V106/><F120/><W28/><G122/><T19/><D102/><U36/><E60/><V35/><F112/><W117/><G113/><T81/><D126/><U57/><E57/><V45/><F106/><W0/><G74/><T25/><D68/><U111/><E130/><V116/><F72/><W69/><G69/><T12/><D65/><U98/><E98/><V49/><F35/><W22/><G125/><T24/><D31/><U18/><E18/><V21/><F116/><W108/><G108/><T73/><REACH who="0" step="1"/><D3/><REACH who="0" ten="235,265,235,255" step="2"/><U135/><E127/><V101/><F101/><W63/><G0/><T93/><D93/><U53/><E1/><V124/><F94/><W119/><G119/><T32/><D32/><U114/><E114/><V59/><F124/><W2/><G117/><T10/><D10/><U13/><E135/><V43/><F21/><W29/><G33/><T5/><D5/><U62/><E123/><V131/><F92/><W128/><G2/><T77/><AGARI ba="1,1" hai="9,12,19,24,25,26,54,55,73,77,81,82,85,88" machi="77" ten="30,7900,0" yaku="1,1,0,1,54,1,53,1" doraHai="134" doraHaiUra="83" who="0" fromWho="0" sc="235,92,265,-40,235,-21,255,-21" />
</Scene>
<Scene>
<INIT seed="2,0,0,4,0,0" ten="327,225,214,234" oya="2" hai0="56,35,39,66,126,32,14,76,83,115,28,98,50" hai1="67,114,46,109,55,62,17,77,63,91,133,84,113" hai2="70,20,75,23,71,81,118,5,112,135,24,105,104" hai3="99,13,36,97,93,120,107,119,47,9,25,48,38"/><V100/><F118/><W30/><G119/><T44/><D115/><U106/><E106/><V121/><F112/><W43/><G120/><T74/><D126/><U78/><E133/><V85/><F121/><W64/><G64/><T110/><D110/><U11/><E109/><V7/><F75/><W89/><G107/><T61/><D39/><U60/><E67/><V52/><F135/><W80/><G80/><T69/><D69/><U15/><E114/><V79/><F71/><W131/><G131/><T27/><D98/><U34/><E34/><V95/><F70/><W1/><G1/><T51/><D35/><U8/><E8/><V128/><F23/><W92/><G25/><T57/><D57/><U45/><E113/><V49/><F105/><W40/><G40/><T103/><D103/><U122/><E122/><V130/><F104/><W96/><G30/><T88/><D44/><N who="1" m="17003" /><E55/><V116/><F116/><W124/><G124/><T86/><REACH who="0" step="1"/><D14/><REACH who="0" ten="317,225,214,234" step="2"/><U18/><E18/><N who="2" m="12311" /><F130/><W72/><G38/><T10/><D10/><U125/><E125/><V16/><F16/><N who="3" m="8239" /><G36/><T73/><D73/><U22/><E11/><V41/><F128/><W108/><G72/><T102/><D102/><U132/><E132/><V127/><F127/><W111/><G111/><T6/><D6/><U26/><E15/><V59/><F41/><W19/><G108/><T58/><D58/><U117/><E117/><V123/><F123/><W12/><G12/><T53/><D53/><U4/><E4/><V31/><F31/><W21/><G19/><T101/><D101/><U94/><AGARI ba="0,1" hai="17,22,26,60,62,63,77,78,84,91,94" m="17003" machi="94" ten="30,1100,0" yaku="8,1" doraHai="0" who="1" fromWho="1" sc="317,-3,225,21,214,-5,234,-3" />
</Scene>
<Scene>
<INIT seed="3,0,0,3,0,37" ten="314,246,209,231" oya="3" hai0="91,96,25,27,59,126,97,101,41,15,66,125,2" hai1="3,21,36,56,48,70,124,34,60,24,30,89,77" hai2="61,95,63,29,135,130,53,80,107,88,47,57,73" hai3="43,105,76,123,82,103,4,122,127,78,113,20,26"/><W11/><G113/><T128/><D2/><U50/><E3/><V87/><F130/><W42/><G127/><N who="0" m="48651" /><D128/><U33/><E124/><V52/><F135/><W85/><G78/><T133/><D133/><U12/><E70/><V10/><F107/><W54/><G122/><T16/><D91/><U106/><E106/><V81/><F29/><W5/><G123/><T32/><D41/><U65/><E36/><V9/><F73/><W31/><G5/><T110/><D110/><U17/><E77/><V83/><REACH who="2" step="1"/><F47/><REACH who="2" ten="314,246,199,231" step="2"/><W40/><G54/><T109/><D109/><U51/><REACH who="1" step="1"/><E89/><REACH who="1" ten="314,236,199,231" step="2"/><V69/><F69/><W7/><REACH who="3" step="1"/><G11/><AGARI ba="0,2" hai="11,12,17,21,24,30,33,34,48,50,51,56,60,65" machi="11" ten="40,2600,0" yaku="1,1,2,1,53,0" doraHai="37" doraHaiUra="100" who="1" fromWho="3" sc="314,0,236,46,199,0,231,-26" />
</Scene>
<Scene>
<INIT seed="4,0,0,0,0,58" ten="314,282,199,205" oya="0" hai0="117,44,88,24,37,121,48,135,99,74,4,56,9" hai1="92,130,45,22,19,33,76,115,18,41,73,55,30" hai2="23,77,11,108,59,122,95,61,80,14,100,39,81" hai3="50,63,103,6,8,21,79,133,102,53,1,36,78"/><T125/><D117/><U82/><E130/><V72/><F108/><W38/><G133/><T40/><D121/><U83/><E33/><V26/><F39/><W89/><G38/><T75/><D135/><U43/><E92/><V54/><F122/><W34/><G34/><T70/><D70/><U91/><E115/><V123/><F123/><W106/><G36/><T114/><D114/><U16/><E91/><V134/><F134/><W101/><G106/><T5/><D125/><U104/><E104/><V124/><F124/><W126/><G126/><T10/><D24/><U128/><E83/><V96/><F80/><W42/><G21/><T109/><D109/><U28/><E128/><V65/><F11/><W20/><G20/><T46/><D56/><U29/><E55/><V62/><F14/><N who="3" m="5399" /><G89/><T12/><D99/><U0/><E0/><V66/><REACH who="2" step="1"/><F61/><REACH who="2" ten="314,282,189,205" step="2"/><W7/><G1/><T84/><D10/><U47/><REACH who="1" step="1"/><E22/><REACH who="1" ten="314,272,189,205" step="2"/><V116/><F116/><W94/><G94/><T119/><D119/><U52/><E52/><V2/><F2/><W113/><G113/><T105/><D105/><U111/><E111/><V112/><F112/><W57/><G7/><T27/><D4/><U71/><E71/><V64/><F64/><N who="3" m="39023" /><G42/><AGARI ba="0,2" hai="16,18,19,28,29,30,41,42,43,45,47,73,76,82" machi="42" ten="40,2600,0" yaku="1,1,54,1,53,0" doraHai="58" doraHaiUra="120" who="1" fromWho="3" sc="314,0,272,46,189,0,205,-26" />
</Scene>
<Scene>
<INIT seed="5,0,0,1,2,61" ten="314,318,189,179" oya="1" hai0="45,83,53,125,41,44,89,69,34,80,135,86,92" hai1="22,74,24,101,0,98,60,64,23,124,100,8,130" hai2="57,87,54,97,30,110,96,37,28,123,115,121,108" hai3="70,79,127,91,4,38,90,73,7,25,2,65,29"/><U5/><E74/><V55/><F37/><W49/><G127/><T14/><D34/><U12/><E124/><V102/><F115/><W116/><G116/><T119/><D119/><U81/><E81/><V27/><F87/><W114/><G114/><T122/><D69/><U77/><E77/><V75/><F57/><W58/><G70/><T40/><D125/><U104/><E130/><V62/><F62/><W17/><G17/><T26/><D26/><U82/><E82/><V93/><F93/><W67/><G38/><T52/><D135/><U56/><E101/><V31/><F27/><W133/><G133/><T128/><D128/><U1/><REACH who="1" step="1"/><E22/><REACH who="1" ten="314,308,189,179" step="2"/><V46/><F75/><W105/><G79/><T84/><D83/><U19/><AGARI ba="0,1" hai="0,1,5,8,12,19,23,24,56,60,64,98,100,104" machi="19" ten="20,12000,1" yaku="1,1,2,1,0,1,7,1,52,1,53,0" doraHai="61" doraHaiUra="85" who="1" fromWho="1" sc="314,-40,308,130,189,-40,179,-40" />
</Scene>
<Scene>
<INIT seed="5,1,0,3,3,33" ten="274,438,149,139" oya="1" hai0="107,100,22,45,20,35,43,46,25,58,47,132,36" hai1="72,11,77,52,121,112,8,126,32,19,117,130,91" hai2="78,9,75,82,97,134,120,110,31,114,64,131,6" hai3="34,118,48,81,113,70,127,101,124,125,116,73,27"/><U54/><E121/><V67/><F110/><W23/><G34/><T0/><D132/><U71/><E71/><V88/><F134/><W123/><G123/><T84/><D0/><U7/><E117/><N who="3" m="45162" /><G70/><T109/><D109/><U129/><E32/><V69/><F131/><W30/><G113/><T5/><D5/><U38/><E38/><V133/><F133/><W92/><G48/><T111/><D111/><U98/><E112/><V55/><F114/><W41/><G41/><T4/><D4/><U122/><E122/><V62/><F120/><W57/><G57/><T17/><D35/><U37/><E37/><V39/><F39/><W85/><G73/><T21/><D84/><U51/><E51/><V26/><F55/><W105/><G105/><T12/><D58/><U40/><E40/><V80/><F67/><W49/><G49/><T61/><D61/><U2/><E72/><V53/><F53/><W104/><G104/><T59/><D59/><U24/><E130/><V83/><F75/><W60/><G60/><T93/><D107/><U86/><E129/><V79/><F62/><W44/><G44/><T76/><D43/><U65/><E65/><V14/><F64/><W74/><G74/><T68/><D68/><U63/><E63/><V96/><F69/><W1/><G1/><T50/><D36/><U99/><E54/><V42/><F42/><W18/><G30/><T90/><D50/><U103/><E52/><V87/><F79/><N who="3" m="46271" /><G127/><T89/><D46/><U106/><E126/><V16/><F31/><W3/><G3/><T119/><D47/><U108/><E2/><RYUUKYOKU ba="1,0" sc="274,-10,438,-10,149,-10,139,30" hai3="18,23,27,92,101,124,125" />
</Scene>
<Scene>
<INIT seed="6,2,0,3,1,109" ten="264,428,139,169" oya="2" hai0="110,128,0,124,117,130,45,59,73,103,37,1,4" hai1="47,81,90,105,46,56,27,134,39,53,43,101,116" hai2="25,58,121,61,106,82,72,8,12,20,80,65,75" hai3="132,24,30,13,9,40,108,78,77,41,112,42,92"/><V5/><F106/><W119/><G119/><T87/><D73/><U86/><E116/><V26/><F121/><W135/><G108/><T120/><D117/><U14/><E134/><N who="3" m="51242" /><G92/><T99/><D110/><U28/><E14/><V133/><F133/><W6/><G112/><T18/><D120/><U115/><E115/><V93/><F93/><W71/><G71/><T102/><D124/><U125/><E125/><V74/><REACH who="2" step="1"/><F26/><REACH who="2" ten="264,428,129,169" step="2"/><W83/><G83/><T114/><D114/><U17/><E105/><V35/><F35/><AGARI ba="2,1" hai="6,9,13,24,30,35,40,41,42,77,78" m="51242" machi="35" ten="30,1000,0" yaku="20,1" doraHai="109" who="3" fromWho="2" sc="264,0,428,0,129,-16,169,26" />
</Scene>
<Scene>
<INIT seed="7,0,0,0,0,94" ten="264,428,113,195" oya="3" hai0="29,32,67,22,70,96,39,81,55,42,60,86,135" hai1="53,50,11,88,125,119,21,35,58,2,52,16,91" hai2="104,80,132,114,99,8,87,9,0,75,107,122,49" hai3="105,34,127,106,12,72,90,59,124,123,74,133,24"/><W83/><G123/><T61/><D32/><U89/><E35/><V57/><F122/><W78/><G74/><T95/><D135/><U92/><E125/><N who="3" m="48202" /><G133/><T82/><D39/><U108/><E108/><V97/><F132/><W23/><G90/><N who="0" m="55415" /><D70/><U15/><E119/><V10/><F114/><W79/><G79/><N who="0" m="46399" /><D42/><U66/><E66/><V5/><F75/><W46/><G46/><T40/><D40/><U115/><E115/><V69/><F69/><W41/><G41/><T27/><D67/><U44/><E2/><V111/><F111/><W65/><G65/><T62/><D82/><U100/><E100/><V120/><F120/><W134/><G59/><AGARI ba="0,0" hai="22,27,29,55,59,60,61,62" m="46399,55415" machi="59" ten="30,2000,0" yaku="8,1,52,1" doraHai="94" who="0" fromWho="3" sc="264,20,428,0,113,0,195,-20" owari="284,8.0,428,53.0,113,-39.0,175,-22.0" />
</Scene>
</mjloggm>