<mjloggm ver="2.3"><GO type="169" lobby="0"/><UN n0="%65%72%61%6E%76%69%74%61" n1="%E5%A4%AA%E3%81%8F%E3%81%AA%E3%81%84%E3%81%8A" n2="%6D%61%74%69%6F%73%61%6E" n3="%7A%61%63%63" dan="16,17,17,17" rate="2120.96,2263.13,2196.13,2175.09" sx="M,M,M,F"/><TAIKYOKU oya="0"/>

<Scene>
<INIT seed="0,0,0,1,0,22" ten="250,250,250,250" oya="0" hai0="44,15,62,58,100,32,34,39,50,71,24,92,122" hai1="40,76,49,3,102,97,61,135,69,106,87,127,55" hai2="12,53,11,123,63,78,104,68,18,66,2,107,118" hai3="83,19,21,133,41,90,60,115,1,4,131,93,36"/><T105/><D105/><U43/><E3/><V72/><F123/><W81/><G115/><T96/><D96/><U129/><E127/><V5/><F118/><W45/><G133/><T29/><D29/><U101/><E101/><V112/><F112/><W33/><G33/><T54/><D54/><U9/><E9/><V67/><F67/><W25/><G131/><T110/><D110/><U75/><E75/><V64/><F64/><W14/><G1/><T52/><D52/><U130/><E69/><V94/><F53/><W27/><G4/><T124/><D122/><U85/><E61/><V77/><F94/><W37/><G36/><T8/><D124/><U26/><E135/><V95/><F95/><W117/><G117/><T28/><D92/><U70/><E70/><V113/><F113/><W46/><G46/><T134/><D100/><U57/><E26/><V47/><F47/><W0/><G0/><T30/><D71/><U79/><E87/><V51/><F51/><N who="3" m="27055" /><G60/><T74/><D39/><U119/><E119/><V88/><F72/><W125/><G37/><T20/><D74/><U108/><E108/><V98/><F104/><W121/><G121/><T10/><D134/><U56/><E56/><V73/><F73/><W42/><G42/><N who="1" m="15914" /><E85/><V82/><F107/><W13/><G14/><T16/><D58/><U91/><E91/><V59/><F68/><W99/><G125/><T38/><D62/><U35/><E35/><V7/><F2/><W86/><G83/><T84/><D38/><U128/><AGARI ba="0,0" hai="49,55,57,76,79,97,102,106,128,129,130" m="15914" machi="128" ten="40,1500,0" yaku="19,1" doraHai="22" who="1" fromWho="1" sc="250,-7,250,15,250,-4,250,-4" />
</Scene>
<Scene>
<INIT seed="1,0,0,0,0,87" ten="243,265,246,246" oya="1" hai0="61,64,93,51,84,132,74,79,6,113,19,7,73" hai1="108,25,53,86,57,56,43,16,3,13,9,129,72" hai2="116,106,82,24,2,92,39,130,115,94,32,70,77" hai3="22,111,5,98,12,67,31,36,18,128,95,55,20"/><U91/><E72/><V89/><F116/><W75/><G75/><T80/><D113/><U48/><E129/><V127/><F2/><W33/><G36/><T50/><D132/><U8/><E108/><V120/><F39/><W90/><G111/><T11/><D19/><U107/><E107/><V114/><F70/><W23/><G128/><T54/><D50/><U134/><E134/><V1/><F1/><W126/><G126/><T44/><D93/><N who="1" m="54519" /><E3/><V78/><F120/><W131/><G131/><T27/><D27/><U83/><E43/><V71/><F71/><W102/><G67/><T96/><D96/><U14/><E83/><V29/><F130/><W66/><G66/><T49/><D49/><U133/><E133/><V122/><F106/><W103/><G5/><T46/><D46/><N who="1" m="27799" /><E25/><V124/><F122/><W135/><G33/><T63/><D74/><U28/><E28/><V123/><F123/><W34/><G34/><T109/><D109/><U42/><E42/><V30/><F32/><W0/><G0/><T58/><D73/><U41/><E41/><V37/><F37/><W121/><G31/><T99/><D99/><U26/><E26/><V15/><F127/><W40/><G40/><T10/><D63/><U38/><E38/><V76/><F124/><W125/><G125/><T35/><D35/><U81/><E81/><V68/><F114/><W112/><G112/><T118/><D118/><U69/><E69/><V65/><F115/><W17/><G135/><T21/><D21/><N who="3" m="8297" /><G121/><T110/><D110/><U60/><E60/><V4/><F68/><W119/><G119/><RYUUKYOKU type="nm" ba="0,0" sc="243,-20,265,-40,246,80,246,-20" hai0="6,7,10,11,44,51,54,58,61,64,79,80,84" hai1="8,9,13,14,16,56,57" />
</Scene>
<Scene>
<INIT seed="1,1,0,0,1,102" ten="223,225,326,226" oya="1" hai0="64,82,57,70,61,56,35,79,0,10,135,4,49" hai1="17,28,63,96,74,27,66,62,115,97,13,124,94" hai2="43,53,132,131,123,41,125,8,25,47,81,122,12" hai3="85,21,133,3,11,109,7,90,112,29,114,23,134"/><U5/><E115/><N who="3" m="44074" /><G90/><T128/><D35/><U98/><E74/><V95/><F132/><N who="3" m="50795" /><G85/><T77/><D128/><U38/><E38/><V67/><F125/><W68/><G68/><T89/><D135/><U126/><E5/><V78/><F131/><W24/><G109/><T26/><D26/><U55/><E55/><V40/><F25/><W19/><G19/><T36/><D36/><U105/><E94/><V44/><F67/><W120/><G120/><T121/><D121/><U93/><E93/><V107/><F107/><W86/><G86/><T71/><D79/><U91/><E91/><V88/><F123/><W2/><G2/><T65/><D89/><U52/><E105/><V46/><F122/><W100/><G100/><T31/><D31/><U110/><E110/><V108/><F108/><W87/><G87/><T76/><D76/><U92/><E92/><V45/><F53/><W72/><G72/><T48/><D82/><U20/><E52/><V32/><F78/><W80/><G80/><T58/><D77/><U118/><E66/><V130/><F81/><W15/><G15/><T75/><D75/><U37/><E126/><V18/><F130/><W117/><G117/><T34/><D34/><AGARI ba="1,0" hai="3,7,11,21,23,24,29,34" m="50795,44074" machi="34" ten="30,3900,0" yaku="20,1,34,2" doraHai="102" who="3" fromWho="0" sc="223,-42,225,0,326,0,226,42" />
</Scene>
<Scene>
<INIT seed="2,0,0,5,4,74" ten="181,225,326,268" oya="2" hai0="98,10,79,33,59,69,25,38,43,15,91,67,125" hai1="26,110,126,62,16,116,104,80,11,13,82,119,124" hai2="72,117,103,107,30,31,48,78,122,45,5,93,57" hai3="8,9,34,22,89,92,101,95,41,128,65,121,36"/><V64/><F122/><W100/><G34/><T53/><D125/><N who="1" m="48235" /><E104/><V49/><F107/><W73/><G73/><T132/><D132/><U7/><E62/><N who="2" m="37967" /><F72/><W120/><G65/><T113/><D113/><U63/><E63/><V109/><F117/><N who="1" m="45129" /><E110/><V90/><F5/><W20/><G41/><T102/><D91/><U115/><E115/><V130/><F103/><W37/><REACH who="3" step="1"/><G89/><REACH who="3" ten="181,225,326,258" step="2"/><T118/><D43/><U70/><E70/><V14/><F109/><W61/><G61/><T68/><D67/><U131/><E131/><AGARI ba="0,1" hai="8,9,20,22,36,37,92,95,100,101,120,121,128,131" machi="131" ten="25,8000,1" yaku="1,1,22,2,53,2" doraHai="74" doraHaiUra="19" who="3" fromWho="1" sc="181,0,225,-80,326,0,258,90" />
</Scene>
<Scene>
<INIT seed="3,0,0,2,2,66" ten="181,145,326,348" oya="3" hai0="8,87,109,42,85,31,124,131,38,30,21,51,128" hai1="125,81,23,107,77,114,45,64,127,20,113,90,73" hai2="69,82,91,40,76,119,84,24,100,14,92,111,97" hai3="116,32,22,67,83,63,13,29,44,54,80,95,86"/><W58/><G116/><T130/><D51/><U126/><E107/><V25/><F119/><W71/><G32/><T96/><D21/><N who="1" m="8267" /><E64/><V79/><F111/><W121/><G121/><T93/><D8/><U70/><E70/><V117/><F117/><W106/><G106/><T59/><D109/><U33/><E33/><V53/><F69/><W110/><G110/><T19/><D19/><U46/><E90/><V36/><F76/><W57/><G71/><T88/><D59/><U48/><E46/><V105/><F14/><W132/><G44/><T52/><D52/><AGARI ba="0,0" hai="45,48,52,73,77,81,113,114,125,126,127" m="8267" machi="52" ten="30,2000,0" yaku="18,1,54,1" doraHai="66" who="1" fromWho="0" sc="181,-20,145,20,326,0,348,0" />
</Scene>
<Scene>
<INIT seed="4,0,0,4,4,129" ten="161,165,326,348" oya="0" hai0="13,77,123,52,97,15,17,105,29,54,26,61,124" hai1="51,135,40,87,4,94,92,112,64,121,18,49,56" hai2="86,68,107,30,55,16,75,114,127,100,78,48,3" hai3="53,106,120,12,5,22,36,96,90,79,109,32,133"/><T50/><D123/><U59/><E121/><V82/><F3/><W74/><G32/><T134/><D124/><U128/><E128/><V102/><F68/><W42/><G109/><T104/><D77/><U99/><E4/><V2/><F2/><W60/><G42/><T19/><D61/><U35/><E35/><V85/><F127/><W6/><G36/><T23/><D97/><U25/><E112/><V20/><F30/><W91/><G79/><T70/><D70/><U7/><E7/><V80/><F114/><W76/><G76/><T37/><D37/><U84/><E18/><V88/><F75/><W11/><G74/><T65/><D65/><U115/><E115/><V57/><F107/><W21/><G106/><T33/><D54/><U93/><E25/><AGARI ba="0,0" hai="16,20,25,48,55,57,78,80,82,85,86,88,100,102" machi="25" ten="30,7700,0" yaku="7,1,8,1,54,2" doraHai="129" who="2" fromWho="1" sc="161,0,165,-77,326,77,348,0" />
</Scene>
<Scene>
<INIT seed="5,0,0,5,2,132" ten="161,88,403,348" oya="1" hai0="116,36,98,120,53,83,26,88,86,77,51,27,70" hai1="106,121,75,16,56,67,79,33,45,117,37,50,74" hai2="123,7,1,99,40,2,110,122,48,28,18,87,111" hai3="32,89,60,11,92,59,85,15,21,44,115,17,130"/><U34/><E117/><V49/><F28/><W107/><G32/><T82/><D36/><U64/><E121/><V131/><F40/><W22/><G107/><T19/><D70/><U125/><E106/><V101/><F87/><W126/><G130/><T72/><D116/><U47/><E37/><V104/><F18/><W61/><G115/><T71/><D71/><U105/><E105/><V20/><F20/><W80/><G44/><T96/><D120/><U29/><E29/><V65/><F104/><W12/><G126/><T133/><D133/><U78/><E56/><V94/><F94/><W109/><G109/><T24/><REACH who="0" step="1"/><D19/><REACH who="0" ten="151,88,403,348" step="2"/><U68/><E68/><V46/><F123/><W114/><G114/><T134/><D134/><U5/><E16/><V58/><F122/><W127/><G17/><T39/><D39/><U42/><E42/><V93/><F111/><W55/><G11/><T30/><D30/><U84/><E50/><V90/><F49/><W118/><G118/><T91/><D91/><U135/><E135/><V108/><F90/><W66/><G89/><T31/><D31/><U57/><E57/><AGARI ba="0,1" hai="24,26,27,51,53,57,72,77,82,83,86,88,96,98" machi="57" ten="40,2600,0" yaku="1,1,54,1,53,0" doraHai="132" doraHaiUra="129" who="0" fromWho="1" sc="151,36,88,-26,403,0,348,0" />
</Scene>
<Scene>
<INIT seed="6,0,0,1,4,68" ten="187,62,403,348" oya="2" hai0="132,115,50,90,130,102,79,106,48,32,80,61,128" hai1="69,76,85,120,57,23,47,1,54,122,93,30,33" hai2="34,21,72,134,0,7,94,12,37,96,42,2,82" hai3="84,55,124,127,107,11,51,110,31,52,114,121,63"/><V129/><F34/><W66/><G110/><T95/><D32/><U131/><E69/><V8/><F134/><W18/><G107/><T4/><D4/><U39/><E1/><V109/><F109/><W19/><G121/><T29/><D29/><U43/><E33/><V71/><F71/><W35/><G31/><T67/><D102/><U86/><E131/><N who="0" m="50217" /><D106/><U13/><E76/><V74/><F129/><W113/><G84/><N who="0" m="52679" /><D115/><N who="3" m="44041" /><G35/><T36/><D36/><U83/><E85/><V16/><F0/><W46/><G55/><T28/><D28/><U15/><E30/><V92/><F96/><W59/><G11/><T111/><D132/><U58/><E58/><V112/><F74/><W17/><AGARI ba="0,0" hai="17,18,19,46,51,52,59,63,66,124,127" m="44041" machi="17" ten="40,5200,0" yaku="15,1,11,1,54,1" doraHai="68" who="3" fromWho="3" sc="187,-13,62,-13,403,-26,348,52" />
</Scene>
<Scene>
<INIT seed="7,0,0,3,3,88" ten="174,49,377,400" oya="3" hai0="92,123,42,119,110,125,104,89,15,78,53,43,75" hai1="39,36,91,25,105,37,50,52,132,85,51,16,108" hai2="24,65,122,96,134,29,7,130,114,40,48,44,106" hai3="10,22,68,66,6,2,117,45,31,18,21,120,5"/><W63/><G120/><T1/><D1/><U83/><E132/><V112/><F122/><W101/><G117/><T93/><D104/><U128/><E128/><V4/><F134/><W94/><G6/><T129/><D53/><U12/><E108/><V124/><F130/><W13/><G45/><T32/><D15/><U41/><E105/><V9/><F124/><W76/><G76/><T87/><D32/><U111/><E111/><V0/><F4/><W107/><G107/><T56/><D56/><U26/><E50/><V84/><F65/><W98/><G31/><T34/><D43/><U69/><E41/><V8/><F8/><AGARI ba="0,0" hai="2,5,8,10,13,18,21,22,63,66,68,94,98,101" machi="8" ten="30,2900,0" yaku="7,1,52,1" doraHai="88" who="3" fromWho="2" sc="174,0,49,0,377,-29,400,29" owari="174,-23.0,49,-45.0,348,15.0,429,53.0" />
</Scene>
</mjloggm>