<mjloggm ver="2.3"><GO type="169" lobby="0"/><UN n0="%65%67%69%73%68%6F%32" n1="%E5%A4%AA%E3%81%8F%E3%81%AA%E3%81%84%E3%81%8A" n2="%68%75%6B%61" n3="%65%72%6F%67%72%65%65%6E" dan="17,17,17,17" rate="2207.25,2236.65,2187.56,2151.63" sx="M,M,M,M"/><TAIKYOKU oya="0"/>

<Scene>
<INIT seed="0,0,0,5,5,87" ten="250,250,250,250" oya="0" hai0="39,118,44,67,49,135,123,134,5,13,124,23,80" hai1="91,78,69,4,7,77,92,89,0,28,120,122,72" hai2="50,60,33,115,37,68,47,40,18,43,71,57,45" hai3="30,107,25,8,32,41,111,85,1,81,94,59,64"/><T54/><D123/><U86/><E69/><N who="2" m="26699" /><F18/><W131/><G107/><T46/><D67/><U24/><E72/><V126/><F33/><W129/><G41/><T116/><D80/><U15/><E0/><V119/><F115/><W2/><G94/><T19/><D5/><U56/><E56/><V29/><F29/><W109/><G59/><T16/><D124/><U103/><E103/><V58/><F126/><W34/><G64/><T127/><D127/><U20/><E122/><V52/><F58/><W117/><G117/><AGARI ba="0,0" hai="37,40,43,45,47,50,52,57,60,117,119" m="26699" machi="117" ten="30,3900,0" yaku="34,2,54,1" doraHai="87" who="2" fromWho="3" sc="250,0,250,0,250,39,250,-39" />
</Scene>
<Scene>
<INIT seed="1,0,0,4,5,6" ten="250,250,289,211" oya="1" hai0="57,38,60,51,111,61,34,108,33,10,11,35,80" hai1="74,16,25,24,134,54,83,76,5,63,88,93,44" hai2="75,18,58,94,42,3,48,128,47,64,106,92,77" hai3="43,31,127,95,2,81,123,109,82,121,28,12,131"/><U69/><E134/><V21/><F106/><W41/><G2/><T135/><D38/><U124/><E124/><V37/><F3/><W79/><G127/><T120/><D135/><U96/><E5/><V32/><F32/><W90/><G131/><T91/><D120/><U112/><E112/><V126/><F128/><W65/><G65/><T8/><D51/><U14/><E69/><V89/><F126/><W4/><G109/><N who="0" m="42059" /><D57/><U45/><E45/><V118/><F118/><W105/><G105/><T50/><D50/><U39/><E63/><V115/><F115/><W68/><G68/><T13/><D13/><U72/><E72/><V30/><F30/><W52/><G4/><T122/><D122/><U36/><E54/><V129/><F129/><W17/><G52/><T116/><D116/><U84/><E39/><V85/><F75/><W15/><G79/><T26/><D26/><U56/><E56/><V87/><F77/><W102/><G102/><T114/><D114/><U133/><E133/><V99/><F92/><W101/><G101/><T98/><D98/><U66/><E66/><V20/><F20/><W40/><G123/><T103/><D103/><U22/><REACH who="1" step="1"/><E74/><REACH who="1" ten="250,240,289,211" step="2"/><V86/><F37/><W119/><G121/><T29/><D29/><N who="3" m="11337" /><G119/><T27/><D27/><U1/><E1/><V0/><F0/><W62/><G62/><T130/><D130/><U73/><E73/><V110/><F110/><W19/><G41/><AGARI ba="0,1" hai="14,16,22,24,25,36,41,44,76,83,84,88,93,96" machi="41" ten="40,7700,0" yaku="1,1,54,2,53,0" doraHai="6" doraHaiUra="55" who="1" fromWho="3" sc="250,0,240,87,289,0,211,-77" />
</Scene>
<Scene>
<INIT seed="1,1,0,2,2,20" ten="250,327,289,134" oya="1" hai0="40,85,127,6,1,13,63,71,24,37,56,130,122" hai1="43,124,7,38,107,105,134,23,50,9,15,52,26" hai2="99,128,129,5,34,91,115,51,0,78,47,58,65" hai3="72,67,132,74,33,133,46,18,123,79,36,117,114"/><U116/><E116/><V94/><F115/><W66/><G33/><T73/><D73/><U10/><E134/><N who="3" m="51818" /><G114/><T44/><D1/><U57/><E124/><V92/><F34/><W83/><G123/><T61/><D127/><U106/><E10/><V14/><F0/><W42/><G117/><T32/><D122/><U75/><E75/><N who="3" m="28714" /><G18/><T45/><D45/><U93/><E93/><V4/><F78/><W53/><G53/><T96/><D130/><N who="2" m="50282" /><F14/><W49/><G36/><T12/><D6/><U109/><E109/><V118/><F118/><W55/><G42/><T70/><D96/><U89/><E89/><N who="2" m="55695" /><F58/><W30/><G30/><T27/><D32/><U60/><E38/><V68/><F65/><W98/><G98/><T108/><D56/><U22/><E43/><N who="2" m="25087" /><F68/><W76/><G79/><T112/><D40/><U25/><REACH who="1" step="1"/><E60/><REACH who="1" ten="250,317,289,134" step="2"/><V35/><F91/><W119/><G119/><T120/><D37/><U135/><E135/><V29/><F94/><W62/><G62/><T77/><D108/><U8/><E8/><V64/><F64/><W86/><AGARI ba="1,1" hai="46,49,55,66,67,76,83,86" m="28714,51818" machi="86" ten="30,1100,0" yaku="20,1" doraHai="20" who="3" fromWho="3" sc="250,-4,317,-6,289,-4,134,24" />
</Scene>
<Scene>
<INIT seed="2,0,0,1,1,32" ten="246,311,285,158" oya="2" hai0="2,69,15,33,16,73,46,11,18,111,67,36,50" hai1="74,5,64,19,42,6,44,29,12,68,113,21,85" hai2="89,102,84,96,83,105,86,87,127,1,45,134,100" hai3="112,129,133,8,77,95,103,52,57,3,40,63,98"/><V27/><F45/><W108/><G133/><T93/><D33/><U88/><E74/><V130/><F27/><W125/><G129/><T66/><D36/><U61/><E29/><V116/><F1/><W104/><G125/><T135/><D73/><U70/><E70/><V121/><F127/><W22/><G108/><T81/><D111/><U23/><E23/><V128/><F134/><W123/><G123/><T92/><D135/><U62/><E62/><V90/><F121/><W72/><G112/><T35/><D35/><U97/><E97/><N who="2" m="61583" /><F116/><W34/><G34/><T48/><D81/><U122/><E113/><V60/><F60/><W106/><G40/><T78/><D78/><U65/><E65/><V91/><F83/><W114/><G114/><T115/><D115/><U28/><E28/><V99/><F99/><W0/><G22/><T31/><D31/><U14/><E14/><V120/><F120/><W55/><G55/><T39/><D39/><U38/><REACH who="1" step="1"/><E122/><REACH who="1" ten="246,301,285,158" step="2"/><V94/><AGARI ba="0,1" hai="84,86,87,89,90,91,94,96,102,128,130" m="61583" machi="94" ten="40,3900,0" yaku="34,2" doraHai="32" who="2" fromWho="2" sc="246,-13,301,-13,285,49,158,-13" />
</Scene>
<Scene>
<INIT seed="2,1,0,0,3,91" ten="233,288,334,145" oya="2" hai0="134,107,31,42,81,118,82,17,38,27,21,79,15" hai1="106,111,135,44,116,128,62,69,32,35,117,49,66" hai2="11,110,48,61,36,122,94,41,0,46,43,105,88" hai3="8,121,12,58,68,119,124,92,20,37,97,30,78"/><V39/><F122/><W3/><G68/><T104/><D118/><U83/><E106/><V80/><F105/><W90/><G37/><T101/><D134/><U126/><E83/><V2/><F110/><W132/><G119/><N who="1" m="45642" /><E32/><V5/><F80/><W59/><G121/><T6/><D82/><U72/><E35/><V14/><F61/><W24/><G132/><T112/><D112/><U86/><E86/><V113/><F113/><W40/><G124/><T18/><D101/><U133/><E72/><V28/><F28/><W63/><G78/><T115/><D115/><U13/><E13/><V19/><F43/><W120/><G40/><T22/><D6/><U55/><E126/><V98/><F0/><W100/><G120/><T74/><D42/><N who="1" m="24727" /><E111/><V34/><F34/><W114/><G114/><T33/><REACH who="0" step="1"/><D38/><REACH who="0" ten="223,288,334,145" step="2"/><U7/><E7/><V52/><F41/><W84/><G100/><T4/><D4/><U23/><E133/><V29/><F29/><W96/><G3/><T75/><D75/><U103/><E103/><V131/><F131/><W125/><G125/><T45/><D45/><U130/><E135/><V50/><F50/><W99/><REACH who="3" step="1"/><G63/><REACH who="3" ten="223,288,334,135" step="2"/><T10/><D10/><AGARI ba="1,2" hai="2,5,10,11,14,19,36,39,46,48,52,88,94,98" machi="10" ten="30,11600,0" yaku="7,1,52,1,54,2" doraHai="91" who="2" fromWho="0" sc="223,-119,288,0,334,139,135,0" />
</Scene>
<Scene>
<INIT seed="2,2,0,3,5,54" ten="104,288,473,135" oya="2" hai0="63,31,36,21,108,94,2,76,80,45,90,19,12" hai1="23,9,30,109,38,98,86,92,62,115,22,135,77" hai2="96,29,71,13,25,79,48,15,81,120,8,47,74" hai3="117,78,66,124,112,64,16,14,130,34,33,88,1"/><V102/><F71/><W61/><G1/><T127/><D2/><U0/><E38/><V104/><F8/><W53/><G117/><T51/><D36/><U41/><E41/><V91/><F91/><W46/><G78/><T131/><D131/><U95/><E115/><V20/><REACH who="2" step="1"/><F120/><REACH who="2" ten="104,288,463,135" step="2"/><W97/><G88/><T75/><D127/><U134/><E9/><V128/><F128/><W27/><G124/><T121/><D121/><U93/><E0/><V11/><F11/><W49/><G130/><T55/><D108/><U39/><E109/><V70/><F70/><W59/><G112/><T82/><D82/><U132/><E132/><V83/><F83/><W106/><G97/><T119/><D119/><U125/><E98/><V89/><F89/><W69/><G69/><T35/><D80/><U129/><E125/><V105/><F105/><W60/><G106/><T123/><D123/><U37/><E129/><V24/><F24/><W116/><G27/><T56/><D90/><U67/><E135/><V111/><F111/><W103/><G116/><T44/><D94/><U43/><E134/><V101/><F101/><W107/><G103/><T5/><D5/><U7/><E7/><V42/><AGARI ba="2,1" hai="13,15,20,25,29,42,47,48,74,79,81,96,102,104" machi="42" ten="20,7800,0" yaku="1,1,0,1,7,1,53,1" doraHai="54" doraHaiUra="100" who="2" fromWho="2" sc="104,-28,288,-28,463,94,135,-28" />
</Scene>
<Scene>
<INIT seed="2,3,0,4,1,7" ten="76,260,557,107" oya="2" hai0="109,58,39,111,82,2,122,123,49,61,20,78,99" hai1="41,81,44,21,65,129,25,50,59,56,118,24,84" hai2="18,135,88,52,57,119,102,73,101,120,30,83,4" hai3="62,74,76,19,53,105,116,60,31,96,22,47,115"/><V127/><F119/><W16/><G116/><T93/><D2/><U97/><E129/><V100/><F120/><W40/><G31/><T79/><D39/><U80/><E118/><V55/><F30/><W90/><G115/><T106/><D49/><U69/><E69/><V108/><F4/><W72/><G19/><T51/><D51/><U117/><E117/><V54/><F73/><W86/><G74/><T67/><D106/><U38/><E38/><V112/><F112/><W13/><G72/><T42/><D42/><U29/><E65/><V5/><F5/><W134/><G53/><T6/><D6/><U132/><E132/><V95/><F83/><W15/><G15/><T0/><D0/><U103/><E25/><V28/><F28/><W11/><G22/><T104/><D104/><U131/><E81/><V87/><F135/><W27/><G27/><T63/><D20/><U107/><E131/><V10/><F127/><W114/><G114/><T75/><D61/><U77/><AGARI ba="3,0" hai="21,24,29,41,44,50,56,59,77,80,84,97,103,107" machi="77" ten="20,1500,0" yaku="0,1,7,1" doraHai="7" who="1" fromWho="1" sc="76,-7,260,24,557,-10,107,-7" />
</Scene>
<Scene>
<INIT seed="3,0,0,5,0,40" ten="69,284,547,100" oya="3" hai0="126,13,28,94,84,87,91,119,9,70,54,37,0" hai1="135,97,92,117,43,52,20,25,134,85,113,56,51" hai2="61,5,33,114,93,133,128,4,26,17,122,64,111" hai3="69,36,23,79,72,39,98,53,11,80,8,16,77"/><W62/><G77/><T90/><D126/><U100/><E113/><V130/><F114/><W107/><G39/><T127/><D127/><U35/><E35/><V31/><F111/><W118/><G36/><T50/><D119/><U109/><E109/><V105/><F133/><W131/><G131/><T12/><D37/><U89/><E43/><V59/><F105/><W120/><G120/><T57/><D70/><U82/><REACH who="1" step="1"/><E117/><REACH who="1" ten="69,274,547,100" step="2"/><V112/><F33/><W75/><G118/><T30/><D0/><U73/><E73/><V101/><F112/><W81/><G75/><T129/><D129/><U19/><AGARI ba="0,1" hai="19,20,25,51,52,56,82,85,89,92,97,100,134,135" machi="19" ten="30,7900,0" yaku="1,1,0,1,54,1,53,1" doraHai="40" doraHaiUra="83" who="1" fromWho="1" sc="69,-20,274,89,547,-20,100,-39" />
</Scene>
<Scene>
<INIT seed="4,0,0,0,5,131" ten="49,363,527,61" oya="0" hai0="102,23,115,120,24,78,0,29,83,76,61,89,58" hai1="85,80,51,86,15,27,88,125,46,129,14,126,21" hai2="35,7,92,18,62,128,130,1,48,49,113,64,134" hai3="57,30,13,45,121,116,81,56,75,110,122,11,77"/><T26/><D0/><U22/><E129/><V68/><F35/><W111/><G116/><T34/><D120/><N who="3" m="46185" /><G30/><T82/><D102/><U25/><E126/><V55/><F18/><N who="3" m="8511" /><G45/><T117/><D117/><U50/><E125/><V47/><F92/><W93/><G93/><T103/><D103/><U6/><E6/><V39/><F1/><W72/><G75/><T96/><D115/><U101/><E101/><V3/><F7/><W94/><G94/><N who="0" m="56399" /><D26/><U60/><E60/><V132/><F3/><W28/><G28/><T73/><D73/><U5/><E5/><V17/><F17/><W79/><G79/><N who="0" m="30251" /><D34/><U95/><E95/><V119/><F113/><W20/><G20/><T123/><D123/><U19/><E85/><V9/><F119/><W127/><G127/><T16/><D29/><N who="1" m="17583" /><E51/><V97/><F48/><W8/><G8/><T69/><D69/><U105/><E105/><V87/><F9/><W104/><G104/><T52/><AGARI ba="0,0" hai="16,23,24,52,58,61,82,83" m="30251,56399" machi="52" ten="30,11700,0" yaku="25,1,8,1,54,2" doraHai="131" who="0" fromWho="0" sc="49,117,363,-39,527,-39,61,-39" />
</Scene>
<Scene>
<INIT seed="4,1,0,1,0,12" ten="166,324,488,22" oya="0" hai0="13,8,96,84,9,50,5,18,38,118,87,70,67" hai1="64,40,49,116,37,11,59,48,107,35,69,91,52" hai2="24,80,113,20,97,56,15,83,34,105,90,22,45" hai3="135,76,131,95,123,108,103,63,16,31,93,23,30"/><T4/><D38/><U57/><E35/><V41/><F113/><W82/><G108/><T115/><D118/><U86/><E107/><V128/><F128/><W125/><G131/><T134/><D115/><U43/><E116/><V10/><F34/><W1/><G1/><T55/><D134/><U109/><E109/><V46/><F56/><W72/><G135/><T2/><D4/><U17/><E69/><V85/><F105/><W42/><G125/><T119/><D119/><U54/><E64/><V127/><F97/><W60/><G42/><T44/><REACH who="0" step="1"/><D96/><REACH who="0" ten="156,324,488,22" step="2"/><U104/><E37/><V71/><F127/><W111/><G111/><T100/><D100/><U73/><E104/><V32/><F32/><W121/><G103/><T117/><D117/><U0/><E73/><V77/><F71/><W28/><G95/><T89/><D89/><U25/><E0/><V6/><F90/><W68/><G93/><T51/><D51/><U88/><E91/><V65/><F6/><W33/><G33/><T129/><D129/><U120/><E120/><N who="3" m="46154" /><G68/><T110/><D110/><U81/><E11/><V106/><F10/><W132/><G132/><T39/><D39/><U98/><E98/><V124/><F106/><W61/><G61/><AGARI ba="1,1" hai="2,5,8,9,13,18,44,50,55,61,67,70,84,87" machi="61" ten="40,3900,0" yaku="1,1,52,1,53,0" doraHai="12" doraHaiUra="26" who="0" fromWho="3" sc="156,52,324,0,488,0,22,-42" owari="208,-19.0,324,12.0,488,59.0,-20,-52.0" />
</Scene>
</mjloggm>