<mjloggm ver="2.3"><GO type="169" lobby="0"/><UN n0="%E6%9C%88%E3%83%9F%E7%85%A7%E2%98%86" n1="%E5%A4%AA%E3%81%8F%E3%81%AA%E3%81%84%E3%81%8A" n2="%75%73%6B%31%31%31%35" n3="%64%61%6E%6E%63%68%69" dan="16,18,16,17" rate="2175.51,2248.68,2168.20,2098.66" sx="M,F,M,M"/><TAIKYOKU oya="0"/>

<Scene>
<INIT seed="0,0,0,3,5,99" ten="250,250,250,250" oya="0" hai0="109,125,24,78,116,114,89,92,121,76,21,97,87" hai1="61,45,54,33,20,95,26,9,4,91,113,107,57" hai2="28,6,66,1,19,51,35,8,96,64,102,133,123" hai3="30,63,135,44,106,12,46,101,42,65,50,129,13"/><T53/><D114/><U112/><E107/><V128/><F123/><W73/><G73/><T39/><D121/><U86/><E33/><V48/><F128/><W37/><G129/><T29/><D116/><U122/><E122/><V22/><F133/><W108/><G108/><T79/><D125/><U23/><E45/><V32/><F64/><W75/><G75/><T132/><D132/><U17/><REACH who="1" step="1"/><E23/><REACH who="1" ten="250,240,250,250" step="2"/><V47/><F35/><W77/><G46/><T105/><D109/><U67/><E67/><V72/><F66/><W117/><G135/><T56/><D39/><U74/><E74/><V88/><F47/><W34/><G37/><T0/><D0/><AGARI ba="0,1" hai="0,4,9,17,20,26,54,57,61,86,91,95,112,113" machi="0" ten="40,1300,0" yaku="1,1,53,0" doraHai="99" doraHaiUra="60" who="1" fromWho="0" sc="250,-13,240,23,250,0,250,0" />
</Scene>
<Scene>
<INIT seed="1,0,0,4,2,77" ten="237,263,250,250" oya="1" hai0="129,7,83,81,48,132,0,8,25,79,93,47,89" hai1="13,111,97,101,45,64,50,59,119,61,4,14,98" hai2="106,78,39,40,84,117,20,57,37,1,18,76,67" hai3="52,116,122,109,133,49,70,35,36,29,69,82,3"/><U108/><E119/><V11/><F106/><W75/><RYUUKYOKU type="yao9" ba="0,0" sc="237,0,263,0,250,0,250,0" hai3="3,29,35,36,49,52,69,70,75,82,109,116,122,133" />
</Scene>
<Scene>
<INIT seed="1,1,0,5,5,72" ten="237,263,250,250" oya="1" hai0="31,60,27,113,77,49,11,13,40,108,17,61,21" hai1="34,52,0,44,68,90,102,96,98,39,69,135,112" hai2="95,76,28,88,55,41,85,42,15,75,9,97,115" hai3="99,109,84,54,103,78,125,80,59,25,12,18,64"/><U51/><E112/><V56/><F115/><W24/><G109/><T117/><D113/><U62/><E0/><V118/><F75/><W8/><G125/><T92/><D117/><U38/><E34/><V33/><F33/><W10/><G64/><T110/><D77/><U114/><E114/><V5/><F28/><W20/><G10/><T43/><D92/><U130/><E130/><V120/><F120/><W93/><REACH who="3" step="1"/><G20/><REACH who="3" ten="237,263,250,240" step="2"/><T74/><D110/><U134/><E69/><V132/><F118/><W89/><G89/><T22/><D108/><U30/><E90/><V129/><F129/><W37/><G37/><T73/><D21/><U107/><E38/><V83/><REACH who="2" step="1"/><F132/><REACH who="2" ten="237,263,240,240" step="2"/><W105/><G105/><T32/><D32/><U122/><E135/><V23/><F23/><W53/><G53/><T127/><D22/><U2/><E134/><V45/><F45/><W35/><G35/><T1/><D31/><U16/><E30/><V50/><AGARI ba="1,2" hai="5,9,15,41,42,50,55,56,76,83,85,88,95,97" machi="50" ten="20,12000,2" yaku="1,1,0,1,7,1,8,1,52,1,54,1,53,0" doraHai="72" doraHaiUra="116" who="2" fromWho="2" sc="237,-31,263,-61,240,143,240,-31" />
</Scene>
<Scene>
<INIT seed="2,0,0,1,5,89" ten="206,202,383,209" oya="2" hai0="3,129,80,59,16,94,18,12,111,128,108,53,126" hai1="26,17,135,117,110,70,79,37,86,31,21,113,44" hai2="60,4,133,13,92,41,52,74,132,96,1,47,56" hai3="40,22,32,95,102,55,131,75,134,30,88,104,124"/><V97/><F74/><W101/><G32/><T122/><D122/><U81/><E113/><V49/><F1/><W78/><G40/><T64/><D3/><U123/><E117/><V0/><F0/><W15/><G124/><T2/><D2/><U77/><E70/><V6/><F13/><W68/><G68/><T63/><D126/><U106/><E106/><V24/><F24/><W90/><G134/><N who="2" m="51817" /><F97/><W73/><G104/><T116/><D116/><U93/><E135/><V87/><F87/><W42/><G42/><T125/><D125/><U119/><E119/><V45/><F47/><W83/><G75/><T11/><D80/><U100/><E123/><V65/><F65/><W14/><G14/><T57/><D18/><U91/><E44/><V19/><F19/><W5/><G30/><T29/><D29/><U109/><E31/><V33/><F33/><W51/><G5/><T72/><D72/><U48/><E17/><V43/><F43/><W69/><G15/><T35/><D35/><U112/><E26/><V54/><F41/><W127/><G127/><T46/><D46/><U99/><E112/><V28/><F28/><W115/><G73/><T105/><D105/><U9/><E99/><V82/><F82/><W76/><G83/><T121/><D121/><U7/><E81/><V98/><F98/><W120/><G115/><T25/><D25/><U23/><E7/><V34/><F34/><W103/><G120/><T84/><D64/><U38/><E86/><V36/><F36/><W66/><G66/><T20/><D12/><U8/><E37/><V10/><F10/><RYUUKYOKU ba="0,0" sc="206,-10,202,-10,383,30,209,-10" hai2="4,6,45,49,52,54,56,60,92,96" />
</Scene>
<Scene>
<INIT seed="2,1,0,5,5,107" ten="196,192,413,199" oya="2" hai0="10,73,25,29,32,62,5,75,134,50,54,84,125" hai1="86,68,12,99,88,34,19,116,103,21,126,7,98" hai2="70,117,65,38,24,113,128,3,41,48,23,81,120" hai3="87,100,89,35,51,20,95,129,46,52,11,37,8"/><V108/><F113/><W31/><G129/><T17/><D125/><U0/><E116/><V64/><F117/><W67/><G35/><T43/><D43/><U66/><E34/><V27/><F120/><W63/><G37/><T45/><D134/><U121/><E126/><V9/><F38/><W74/><G74/><T26/><D62/><U90/><E121/><V14/><F3/><W15/><G100/><T91/><D25/><U2/><E7/><V122/><F122/><W131/><G131/><T77/><D77/><U69/><E98/><V71/><F128/><W114/><G114/><T4/><D4/><U56/><E56/><V132/><F70/><W101/><G101/><T115/><D115/><U47/><E47/><V44/><F71/><W33/><G33/><T72/><D17/><U83/><E69/><V102/><F102/><W111/><G111/><T130/><D130/><U106/><REACH who="1" step="1"/><E90/><REACH who="1" ten="196,182,413,199" step="2"/><V80/><F108/><W36/><G36/><T127/><D127/><U97/><E97/><V78/><F132/><W42/><G42/><T53/><D53/><U60/><AGARI ba="1,1" hai="0,2,12,19,21,60,66,68,83,86,88,99,103,106" machi="60" ten="30,4000,0" yaku="1,1,0,1,54,1,53,0" doraHai="107" doraHaiUra="105" who="1" fromWho="1" sc="196,-11,182,53,413,-21,199,-11" />
</Scene>
<Scene>
<INIT seed="3,0,0,3,3,41" ten="185,235,392,188" oya="3" hai0="2,120,112,110,46,113,102,82,91,30,95,122,111" hai1="121,20,94,8,64,26,6,106,45,10,71,54,21" hai2="80,24,33,58,107,114,70,128,14,87,81,11,108" hai3="28,124,38,53,5,42,78,74,90,93,50,130,99"/><W40/><G124/><T75/><D2/><U17/><E106/><V132/><F70/><W18/><G130/><T134/><D30/><U85/><E121/><N who="0" m="46697" /><D134/><U67/><E71/><V104/><F114/><N who="0" m="44138" /><D46/><U22/><E94/><V68/><F68/><W43/><G28/><T76/><D102/><U118/><E85/><AGARI ba="0,0" hai="75,76,82,85,91,95,110,111" m="44138,46697" machi="85" ten="30,3900,0" yaku="11,1,34,2" doraHai="41" who="0" fromWho="1" sc="185,39,235,-39,392,0,188,0" />
</Scene>
<Scene>
<INIT seed="4,0,0,2,3,37" ten="224,196,392,188" oya="0" hai0="79,28,24,38,108,51,25,52,82,54,69,59,32" hai1="122,84,120,6,78,81,83,133,77,9,27,18,8" hai2="34,110,55,75,119,96,70,22,127,48,112,115,68" hai3="12,29,13,44,88,76,61,67,16,5,80,11,135"/><T56/><D108/><U10/><E133/><V30/><F34/><W97/><G135/><T100/><D38/><U21/><REACH who="1" step="1"/><E6/><REACH who="1" ten="224,186,392,188" step="2"/><V111/><F110/><W46/><G29/><T14/><D69/><U94/><E94/><V90/><F30/><W95/><G5/><T65/><D65/><U103/><E103/><V101/><F101/><W26/><G26/><T89/><D100/><U134/><E134/><V64/><F64/><W107/><G107/><T128/><D128/><U40/><E40/><V50/><F68/><W57/><REACH who="3" step="1"/><G13/><REACH who="3" ten="224,186,392,178" step="2"/><T60/><D25/><U43/><E43/><V91/><F111/><W39/><G39/><T74/><D14/><U130/><E130/><V116/><F119/><W73/><AGARI ba="0,2" hai="11,12,16,44,46,57,61,67,73,76,80,88,95,97" machi="73" ten="20,8000,1" yaku="1,1,0,1,7,1,54,2,53,0" doraHai="37" doraHaiUra="117" who="3" fromWho="3" sc="224,-40,186,-20,392,-20,178,100" />
</Scene>
<Scene>
<INIT seed="5,0,0,3,1,13" ten="184,166,372,278" oya="1" hai0="98,89,11,128,125,104,24,75,82,130,115,12,42" hai1="30,120,38,20,34,5,16,81,37,72,113,56,22" hai2="68,41,14,7,4,129,39,74,78,71,127,49,123" hai3="87,58,23,122,112,109,33,96,48,40,21,62,101"/><U110/><E120/><V95/><F123/><W35/><G109/><T63/><D115/><U134/><E113/><V85/><F39/><W121/><G87/><T47/><D125/><U54/><E110/><V132/><F74/><W17/><G112/><T57/><D24/><U55/><E5/><V18/><F71/><W66/><G23/><T61/><D104/><U131/><E34/><V100/><F68/><W52/><G40/><T15/><D15/><U77/><E134/><V44/><F129/><N who="0" m="49770" /><D57/><U84/><E131/><V106/><F106/><W94/><G35/><T99/><D75/><U102/><E102/><V126/><F132/><W1/><G33/><T9/><D9/><U19/><E72/><V50/><F50/><W69/><G1/><T8/><D8/><U60/><E30/><V73/><F73/><W114/><G114/><T2/><D2/><U53/><E38/><V6/><F78/><W32/><G32/><T3/><D3/><U70/><E37/><V93/><F100/><W31/><G31/><T91/><D63/><U124/><E70/><V135/><F135/><W92/><G94/><T118/><D61/><U25/><E124/><N who="2" m="47659" /><F85/><W88/><G101/><T26/><D118/><U97/><E97/><N who="0" m="36873" /><D82/><U51/><E60/><V117/><F117/><W79/><G121/><T64/><D91/><U107/><E107/><V80/><F80/><W43/><G122/><T65/><D89/><U0/><E0/><V103/><F103/><W116/><G116/><T86/><D86/><U119/><E119/><V83/><F83/><W111/><G69/><T29/><D42/><RYUUKYOKU ba="0,0" sc="184,-15,166,15,372,15,278,-15" hai1="16,19,20,22,25,51,53,54,55,56,77,81,84" hai2="4,6,7,14,18,41,44,49,93,95" />
</Scene>
<Scene>
<INIT seed="5,1,0,0,1,100" ten="169,181,387,263" oya="1" hai0="79,85,113,36,15,6,103,8,21,134,55,89,57" hai1="107,44,41,49,66,19,37,50,18,0,48,95,56" hai2="52,59,102,128,90,104,70,105,127,11,125,114,65" hai3="54,31,61,28,38,29,4,42,40,110,68,33,67"/><U58/><E0/><V12/><F128/><W97/><G110/><T131/><D131/><U26/><E107/><N who="2" m="41035" /><F102/><W124/><G4/><T120/><D36/><U132/><E132/><V5/><F90/><W22/><G33/><T82/><D113/><U92/><E66/><V133/><F65/><W91/><G38/><T86/><D134/><U84/><E84/><V23/><F133/><W60/><G22/><T108/><D120/><U106/><E106/><V71/><F23/><W78/><G78/><T87/><D108/><U118/><E118/><V122/><F122/><W135/><G135/><T117/><D103/><U93/><REACH who="1" step="1"/><E26/><REACH who="1" ten="169,171,387,263" step="2"/><V9/><F114/><W109/><G109/><T16/><D117/><U2/><E2/><V74/><F74/><W1/><G1/><T46/><D46/><U76/><E76/><V123/><F123/><W94/><G67/><T75/><D75/><U32/><E32/><V10/><F71/><W81/><G68/><T24/><REACH who="0" step="1"/><D79/><REACH who="0" ten="159,171,387,263" step="2"/><U45/><E45/><V13/><F70/><W25/><G124/><N who="2" m="47689" /><F5/><W80/><G25/><T99/><D99/><U112/><E112/><V63/><AGARI ba="1,2" hai="9,10,11,12,13,52,59,63" m="47689,41035" machi="63" ten="40,8000,1" yaku="18,1,52,3,54,1" doraHai="100" who="2" fromWho="2" sc="159,-21,171,-41,387,103,263,-21" />
</Scene>
<Scene>
<INIT seed="6,0,0,1,2,28" ten="138,130,490,242" oya="2" hai0="47,9,45,26,129,5,72,124,8,35,55,25,121" hai1="12,83,131,82,107,104,64,13,90,112,87,1,49" hai2="132,97,32,59,114,115,61,68,96,120,101,102,2" hai3="105,6,99,60,43,85,81,27,73,133,100,63,0"/><V58/><F2/><W116/><G116/><T111/><D72/><U88/><E1/><V113/><F120/><W34/><G73/><T40/><D111/><U92/><E112/><V122/><F122/><W16/><G43/><T7/><D121/><U110/><E110/><V36/><F36/><W22/><G133/><T3/><D55/><U70/><E131/><V24/><F132/><W65/><G34/><T4/><D47/><U119/><E119/><V51/><F51/><W62/><G6/><N who="0" m="1119" /><D45/><U86/><E49/><V117/><F117/><W38/><G0/><N who="0" m="135" /><D40/><U57/><E57/><V41/><F41/><W69/><REACH who="3" step="1"/><G38/><REACH who="3" ten="138,130,490,232" step="2"/><T74/><D74/><U80/><E80/><V18/><F115/><W66/><G66/><T14/><D129/><U19/><E92/><V135/><F114/><W118/><G118/><T33/><D124/><U67/><REACH who="1" step="1"/><E19/><REACH who="1" ten="138,120,490,232" step="2"/><V79/><F18/><W56/><G56/><T30/><D14/><U23/><E23/><V44/><F59/><W75/><G75/><T20/><D35/><U15/><E15/><V54/><F58/><W78/><AGARI ba="0,2" hai="16,22,27,60,62,63,65,69,78,81,85,99,100,105" machi="78" ten="20,5200,0" yaku="1,1,0,1,7,1,54,1,53,0" doraHai="28" doraHaiUra="53" who="3" fromWho="3" sc="138,-13,120,-13,490,-26,232,72" />
</Scene>
<Scene>
<INIT seed="7,0,0,1,5,94" ten="125,107,464,304" oya="3" hai0="67,49,100,103,18,28,52,66,83,106,97,51,90" hai1="117,33,25,84,110,85,61,130,57,63,26,133,98" hai2="135,32,80,0,60,41,11,58,47,93,2,1,15" hai3="107,73,27,48,71,132,81,20,17,5,88,96,31"/><W22/><G71/><T131/><D131/><U89/><E110/><V35/><F93/><W79/><G5/><T34/><D34/><U86/><E130/><V104/><F104/><W72/><G132/><T99/><D28/><U16/><E133/><V42/><F135/><W19/><G72/><T70/><D70/><U115/><E115/><V13/><F80/><W77/><G77/><T54/><D18/><U75/><E75/><V59/><F59/><W12/><G48/><T6/><D6/><U82/><E117/><V3/><F3/><W121/><G121/><T40/><D83/><U38/><E38/><V44/><F58/><W119/><G119/><T23/><D23/><N who="1" m="13543" /><E33/><V92/><F92/><W112/><G112/><T10/><D10/><U134/><E134/><V122/><F60/><N who="1" m="23113" /><E98/><V109/><F109/><W123/><G123/><T101/><D40/><U65/><E26/><V128/><F128/><W37/><G37/><T118/><D118/><U116/><E116/><V78/><F78/><W113/><G113/><T129/><D129/><U76/><E76/><V87/><F87/><N who="1" m="33353" /><E57/><V127/><F122/><W68/><G68/><T69/><D69/><U50/><E50/><N who="0" m="18953" /><D90/><U102/><E102/><N who="0" m="39529" /><D99/><U105/><E105/><V8/><F0/><W39/><G39/><T74/><D74/><U45/><E45/><V36/><F36/><W91/><G31/><T95/><D106/><U53/><E53/><AGARI ba="0,0" hai="52,53,54,66,67,95,97,103" m="39529,18953" machi="53" ten="30,3900,0" yaku="8,1,52,1,54,1" doraHai="94" who="0" fromWho="1" sc="125,39,107,-39,464,0,304,0" owari="164,-24.0,68,-43.0,464,57.0,304,10.0" />
</Scene>
</mjloggm>