<mjloggm ver="2.3"><GO type="169" lobby="0"/><UN n0="%E6%96%91%E7%9B%AE%56" n1="%E5%A4%AA%E3%81%8F%E3%81%AA%E3%81%84%E3%81%8A" n2="%E5%8D%81%E4%B8%89%E4%BB%A3%E7%9B%AE%E6%AC%A1%E5%85%83%E5%A4%A7%E4%BB%8B" n3="%E5%AE%AE%E5%B4%8E%E7%9C%8C%E4%BB%A3%E8%A1%A8" dan="17,18,16,17" rate="2123.16,2309.64,2111.06,2094.95" sx="M,M,M,M"/><TAIKYOKU oya="0"/>

<Scene>
<INIT seed="0,0,0,4,0,13" ten="250,250,250,250" oya="0" hai0="75,96,15,79,107,23,7,30,134,125,0,111,37" hai1="63,54,16,21,120,48,56,131,28,99,122,61,65" hai2="10,121,85,127,53,4,130,123,51,98,42,14,26" hai3="115,29,64,8,31,105,91,66,72,47,95,2,49"/><T87/><D37/><U89/><E28/><N who="3" m="10826" /><G105/><T57/><D0/><U24/><E131/><V27/><F130/><W84/><G2/><T11/><D75/><U36/><E36/><V17/><F127/><W88/><G72/><T97/><D125/><U19/><E19/><V46/><F98/><N who="3" m="57703" /><G8/><T5/><D5/><U117/><E117/><V129/><F129/><W126/><G115/><T68/><D68/><U86/><E99/><V109/><F109/><W71/><G71/><T22/><D111/><U12/><E24/><V52/><F4/><W44/><G126/><T100/><D97/><U69/><REACH who="1" step="1"/><E63/><REACH who="1" ten="250,240,250,250" step="2"/><V114/><F114/><W119/><G119/><T25/><D25/><U124/><E124/><V93/><F27/><W83/><G47/><T60/><D30/><U59/><E59/><V1/><F26/><W39/><G39/><T108/><D108/><U106/><E106/><V62/><F62/><W35/><G35/><T128/><D128/><U43/><E43/><AGARI ba="0,1" hai="43,44,49,64,66,83,84,91" m="57703,10826" machi="43" ten="30,2000,0" yaku="8,1,54,1" doraHai="13" who="3" fromWho="1" sc="250,0,240,-20,250,0,250,30" />
</Scene>
<Scene>
<INIT seed="1,0,0,2,2,87" ten="250,220,250,280" oya="1" hai0="121,65,93,67,80,8,90,89,78,10,12,64,30" hai1="115,27,26,118,54,24,129,57,53,76,7,74,3" hai2="62,37,13,17,109,131,107,31,68,69,94,133,33" hai3="88,81,23,135,63,61,114,41,75,52,42,130,46"/><U34/><E115/><V92/><F109/><W117/><G114/><T72/><D121/><U43/><E118/><V113/><F113/><W40/><G117/><T102/><D30/><U127/><E127/><V83/><F37/><W99/><G135/><T32/><D32/><U84/><E74/><V14/><F107/><W45/><G130/><T60/><D8/><U2/><E129/><V29/><F131/><W16/><G75/><T132/><D132/><U58/><E34/><V25/><F83/><W44/><G52/><T22/><D22/><U39/><E39/><V105/><F105/><W116/><G116/><T98/><REACH who="0" step="1"/><D60/><REACH who="0" ten="240,220,250,280" step="2"/><U5/><E2/><V47/><F33/><W106/><G106/><T86/><D86/><U6/><E3/><V21/><F62/><W124/><G124/><T96/><D96/><U101/><E84/><V91/><F31/><W11/><G11/><T49/><D49/><U59/><E76/><V73/><F73/><W20/><G20/><T19/><AGARI ba="0,1" hai="10,12,19,64,65,67,72,78,80,89,90,93,98,102" machi="19" ten="30,7900,0" yaku="1,1,0,1,52,2,53,0" doraHai="87" doraHaiUra="38" who="0" fromWho="0" sc="240,89,220,-39,250,-20,280,-20" />
</Scene>
<Scene>
<INIT seed="2,0,0,2,1,96" ten="329,181,230,260" oya="2" hai0="65,129,123,75,104,9,25,47,41,17,72,121,69" hai1="92,120,6,24,109,78,117,53,42,21,49,98,131" hai2="83,126,40,55,115,28,59,36,12,81,31,85,0" hai3="45,84,71,132,127,97,103,87,82,77,101,102,118"/><V2/><F115/><W1/><G118/><T14/><D129/><U79/><E117/><V125/><F12/><W70/><G1/><N who="2" m="617" /><F36/><W68/><G132/><T64/><D104/><U23/><E131/><V106/><F40/><W122/><G122/><T30/><D75/><U95/><E42/><V114/><F114/><W63/><G127/><N who="2" m="48649" /><F106/><W57/><G45/><T134/><D72/><U3/><E3/><V56/><F55/><W111/><G111/><T4/><D134/><U112/><E6/><V91/><F83/><W5/><G5/><T99/><D4/><U93/><E109/><V105/><F105/><W61/><G87/><T124/><D124/><U74/><E120/><V58/><AGARI ba="0,0" hai="28,31,56,58,59,81,85,91" m="48649,617" machi="58" ten="40,2100,0" yaku="18,1" doraHai="96" who="2" fromWho="2" sc="329,-7,181,-7,230,21,260,-7" />
</Scene>
<Scene>
<INIT seed="2,1,0,5,5,124" ten="322,174,251,253" oya="2" hai0="96,6,34,86,28,111,102,57,16,128,49,121,9" hai1="14,54,117,88,46,51,91,119,24,110,78,35,26" hai2="134,113,62,112,60,80,74,106,108,84,79,29,40" hai3="17,133,33,13,101,32,47,99,104,75,7,123,116"/><V125/><F125/><W52/><G123/><T100/><D121/><U53/><E78/><V66/><F134/><W103/><G116/><T41/><D111/><U115/><E115/><V65/><F108/><W5/><G133/><T23/><D128/><U71/><E71/><V21/><F106/><W89/><G75/><T81/><D28/><U127/><E127/><V85/><F40/><W2/><G101/><T95/><D34/><U129/><E110/><V87/><F29/><W97/><G2/><T68/><D68/><U59/><E35/><V31/><F31/><W3/><G3/><T11/><D102/><U135/><E135/><V77/><F21/><W98/><G33/><T92/><D92/><U50/><E14/><V36/><F36/><W72/><G72/><T22/><D22/><U131/><REACH who="1" step="1"/><E46/><REACH who="1" ten="322,164,251,253" step="2"/><V114/><F77/><W73/><G32/><T55/><D41/><U12/><E12/><V19/><F114/><W90/><G13/><N who="0" m="9615" /><D6/><U0/><E0/><V93/><F113/><W18/><G5/><T43/><D43/><U44/><E44/><V83/><F112/><W126/><G7/><T15/><D15/><U69/><E69/><V67/><F79/><AGARI ba="1,1" hai="9,11,49,55,57,79,81,86,95,96,100" m="9615" machi="79" ten="30,2000,0" yaku="8,1,54,1" doraHai="124" who="0" fromWho="2" sc="322,33,164,0,251,-23,253,0" />
</Scene>
<Scene>
<INIT seed="3,0,0,1,3,2" ten="355,164,228,253" oya="3" hai0="124,122,7,14,123,15,102,73,135,114,8,28,34" hai1="97,57,70,10,90,52,26,38,33,32,101,133,71" hai2="21,116,39,51,103,49,127,109,121,67,132,60,76" hai3="18,92,134,120,98,129,0,9,46,78,99,30,42"/><W63/><G129/><T72/><D102/><U50/><E38/><V100/><F116/><W20/><G134/><T104/><D104/><U82/><E133/><V108/><F132/><W55/><G120/><T75/><D135/><U74/><E10/><V115/><F115/><W13/><G78/><T81/><D114/><U47/><E57/><V17/><F39/><W111/><G111/><N who="2" m="42569" /><F76/><W95/><G0/><T131/><D131/><U11/><E74/><V125/><F121/><W89/><G63/><T45/><D124/><N who="2" m="47690" /><F103/><W58/><G58/><T48/><D122/><U31/><E32/><V65/><F100/><W86/><G55/><T66/><D66/><N who="2" m="25098" /><F60/><W54/><G54/><T44/><D123/><U113/><E113/><V1/><F1/><W77/><G77/><T68/><D73/><U105/><REACH who="1" step="1"/><E11/><REACH who="1" ten="355,154,228,253" step="2"/><V22/><F21/><W40/><G9/><N who="0" m="4415" /><D75/><U24/><E24/><AGARI ba="0,1" hai="17,22,24,49,51" m="25098,47690,42569" machi="24" ten="30,2000,0" yaku="14,1,18,1" doraHai="2" who="2" fromWho="1" sc="355,0,154,-20,228,30,253,0" />
</Scene>
<Scene>
<INIT seed="4,0,0,1,5,16" ten="355,134,258,253" oya="0" hai0="108,92,31,36,53,87,125,55,81,63,38,57,37" hai1="39,1,106,135,71,5,75,6,52,22,76,65,78" hai2="95,66,131,26,54,97,43,124,116,99,49,117,50" hai3="91,80,100,118,4,20,129,10,112,123,28,107,114"/><T2/><D2/><U27/><E106/><V61/><F124/><W18/><G118/><N who="2" m="45673" /><F131/><W85/><G129/><T19/><D125/><U109/><E109/><V90/><F43/><W30/><G123/><T83/><D108/><U86/><E39/><V64/><F64/><W132/><G132/><T51/><D31/><U25/><E75/><V102/><F54/><W40/><G40/><T134/><D134/><U35/><E135/><V23/><F97/><W8/><G100/><T47/><D19/><U115/><E115/><N who="3" m="44074" /><G107/><T48/><D63/><U82/><E76/><V77/><F77/><W21/><G10/><T98/><REACH who="0" step="1"/><D87/><REACH who="0" ten="345,134,258,253" step="2"/><U105/><E1/><V79/><F61/><W110/><G18/><T9/><D9/><U89/><E5/><V72/><F72/><W45/><G110/><T12/><D12/><U11/><E6/><V96/><F26/><W127/><G127/><T126/><D126/><U24/><E11/><V88/><F96/><W7/><G7/><T84/><D84/><U111/><E111/><V69/><F99/><W34/><G30/><T70/><D70/><U17/><E35/><V68/><F68/><W3/><G28/><T74/><D74/><U119/><E119/><V58/><F69/><W103/><G34/><T60/><D60/><N who="1" m="40359" /><E25/><V0/><F0/><W94/><G45/><T33/><D33/><U130/><E130/><V29/><F29/><W59/><G59/><T46/><D46/><U121/><E27/><V133/><F133/><W101/><G3/><T62/><D62/><U113/><E24/><V73/><F73/><W128/><G128/><RYUUKYOKU ba="0,1" sc="345,30,134,-10,258,-10,253,-10" hai0="36,37,38,47,48,51,53,55,57,81,83,92,98" />
</Scene>
<Scene>
<INIT seed="4,1,1,4,3,41" ten="375,124,248,243" oya="0" hai0="71,35,32,129,61,97,18,63,26,79,64,17,36" hai1="37,92,59,23,58,3,50,86,57,122,104,68,91" hai2="82,4,87,1,25,52,95,74,110,34,125,94,76" hai3="105,19,44,109,101,103,90,77,106,99,40,80,111"/><T47/><D129/><U10/><E122/><V42/><F110/><W51/><G90/><T126/><D126/><U33/><E33/><V81/><F125/><W11/><G11/><T102/><D79/><U0/><E37/><V107/><F107/><W98/><REACH who="3" step="1"/><G19/><REACH who="3" ten="375,124,248,233" step="2"/><T89/><D89/><U12/><E10/><V65/><F76/><W96/><G96/><T120/><D120/><U75/><E91/><V53/><F4/><W54/><G54/><T15/><D17/><U115/><E0/><V121/><F53/><W116/><G116/><T5/><D5/><U73/><E3/><V24/><F52/><W55/><G55/><T123/><D123/><U16/><E16/><V128/><F1/><W108/><G108/><T135/><D18/><U112/><E12/><V88/><F88/><W14/><G14/><T70/><D15/><U30/><E112/><V49/><F121/><W72/><AGARI ba="1,2" hai="40,44,51,72,77,80,98,99,101,103,105,106,109,111" machi="72" ten="20,8000,1" yaku="1,1,0,1,7,1,9,1,52,1,53,0" doraHai="41" doraHaiUra="48" who="3" fromWho="3" sc="375,-41,124,-21,248,-21,233,103" />
</Scene>
<Scene>
<INIT seed="5,0,0,3,5,16" ten="334,103,227,336" oya="1" hai0="88,108,26,35,60,59,24,44,71,114,28,78,2" hai1="65,13,11,112,76,17,92,57,117,135,48,91,10" hai2="64,116,51,123,32,104,120,68,131,33,53,129,105" hai3="0,96,90,40,45,23,5,50,18,9,43,101,83"/><U55/><E112/><V118/><F105/><W81/><G43/><T77/><D2/><U12/><E135/><V132/><F104/><W70/><G70/><T8/><D71/><U133/><E133/><V34/><F132/><W20/><G90/><T128/><D108/><U67/><E76/><V58/><F68/><W110/><G110/><T54/><D128/><N who="2" m="49226" /><F64/><W107/><REACH who="3" step="1"/><G20/><REACH who="3" ten="334,103,227,326" step="2"/><T25/><D88/><U121/><E121/><AGARI ba="0,1" hai="32,33,34,51,53,58,116,118,120,121,123" m="49226" machi="121" ten="40,1300,0" yaku="19,1" doraHai="16" who="2" fromWho="1" sc="334,0,103,-13,227,23,326,0" />
</Scene>
<Scene>
<INIT seed="6,0,0,3,1,94" ten="334,90,250,326" oya="2" hai0="67,83,48,110,21,64,121,107,80,69,9,79,60" hai1="19,14,72,133,112,32,127,70,124,53,109,41,78" hai2="11,132,2,58,39,30,23,125,57,97,98,16,61" hai3="56,77,134,92,118,90,66,76,47,82,95,126,38"/><V54/><F39/><W15/><G118/><T85/><D110/><U93/><E109/><V17/><F125/><W8/><G126/><T1/><D121/><U96/><E112/><V34/><F132/><W29/><G134/><T122/><D122/><U22/><E133/><V12/><F34/><W116/><G116/><T81/><D67/><U103/><E32/><V63/><F30/><W35/><G38/><T131/><D131/><U44/><E70/><V25/><F2/><W84/><G47/><T26/><D48/><U5/><E53/><AGARI ba="0,0" hai="11,12,16,17,23,25,53,54,57,58,61,63,97,98" machi="53" ten="30,18000,2" yaku="7,1,9,1,8,1,52,2,54,1" doraHai="94" who="2" fromWho="1" sc="334,0,90,-180,250,180,326,0" owari="334,13.0,-90,-59.0,430,53.0,326,-7.0" />
</Scene>
</mjloggm>