<mjloggm ver="2.3"><GO type="169" lobby="0"/><UN n0="%E6%89%8B%E5%BD%B9%E3%82%A2%E3%83%BC%E3%83%86%E3%82%A3%E3%82%B9%E3%83%88" n1="%E5%A4%AA%E3%81%8F%E3%81%AA%E3%81%84%E3%81%8A" n2="%E3%81%91%E3%82%93%31%39%37%30" n3="%E7%BE%BD%E6%9C%88%E8%8E%89%E9%9F%B3" dan="16,18,16,17" rate="2104.46,2281.01,2164.63,2171.69" sx="M,M,M,M"/><TAIKYOKU oya="0"/>

<Scene>
<INIT seed="0,0,0,4,0,92" ten="250,250,250,250" oya="0" hai0="110,49,52,30,66,41,113,131,25,23,37,103,48" hai1="54,42,106,58,36,96,20,102,28,19,119,129,68" hai2="83,123,100,39,27,101,64,53,132,17,116,60,63" hai3="1,128,133,126,56,10,50,22,59,21,5,82,90"/><T8/><D113/><U12/><E119/><V98/><F39/><W134/><G126/><T76/><D131/><U94/><E68/><V61/><F123/><W117/><G117/><T120/><D120/><U125/><E125/><V80/><F116/><W38/><G38/><T78/><D66/><U57/><E129/><V75/><F101/><W47/><G128/><T11/><D37/><U122/><E122/><V71/><F132/><N who="3" m="50795" /><G82/><T33/><D33/><U107/><E28/><V74/><F74/><W7/><G7/><T67/><D67/><U124/><E124/><V70/><F63/><W55/><G90/><T9/><D110/><U2/><E2/><V97/><F100/><W114/><G114/><T13/><D13/><U99/><E54/><V130/><F130/><W95/><G95/><T73/><D73/><U69/><E69/><V43/><F43/><N who="3" m="24959" /><G59/><N who="0" m="33159" /><D103/><U4/><E4/><V6/><F6/><W111/><G111/><T35/><D35/><U89/><REACH who="1" step="1"/><E107/><REACH who="1" ten="250,240,250,250" step="2"/><V3/><F3/><W62/><AGARI ba="0,1" hai="1,5,10,21,22,55,56,62" m="24959,50795" machi="62" ten="30,1100,0" yaku="20,1" doraHai="92" who="3" fromWho="3" sc="250,-5,240,-3,250,-3,250,21" />
</Scene>
<Scene>
<INIT seed="1,0,0,2,5,14" ten="245,237,247,271" oya="1" hai0="48,133,107,2,53,92,77,6,65,94,125,41,67" hai1="25,127,98,24,35,80,69,45,99,106,115,49,78" hai2="79,39,68,15,55,46,0,12,21,54,112,28,62" hai3="13,19,131,74,7,134,38,105,84,114,113,72,40"/><U8/><E115/><V1/><F112/><W102/><G7/><T90/><D107/><U58/><E69/><V30/><F79/><W104/><G40/><T83/><D133/><U118/><E118/><V109/><F21/><W126/><G38/><T124/><D41/><U70/><E70/><V89/><F68/><W16/><G13/><T57/><D6/><U59/><E127/><N who="0" m="48713" /><D2/><U42/><E8/><V81/><F81/><W66/><G126/><T128/><D128/><U3/><E3/><V91/><F62/><W51/><G51/><T71/><D71/><U87/><E106/><V97/><F97/><N who="1" m="36873" /><E35/><V22/><F22/><W11/><G11/><T31/><D31/><U34/><E34/><V123/><F123/><W27/><G131/><T135/><D135/><U32/><E32/><V93/><F93/><N who="0" m="35946" /><D90/><U63/><E58/><V4/><F4/><W116/><G116/><T26/><D26/><U23/><E23/><V129/><F129/><W110/><G134/><T47/><D57/><U86/><E86/><AGARI ba="0,0" hai="47,48,53,65,67,77,83,86" m="35946,48713" machi="86" ten="30,1000,0" yaku="18,1" doraHai="14" who="0" fromWho="1" sc="245,10,237,-10,247,0,271,0" />
</Scene>
<Scene>
<INIT seed="2,0,0,0,0,49" ten="255,227,247,271" oya="2" hai0="108,125,96,101,87,81,2,90,38,70,41,113,130" hai1="97,85,18,58,118,45,29,55,15,111,79,11,26" hai2="53,34,10,64,22,72,119,120,37,13,135,80,46" hai3="9,106,44,92,128,51,102,16,6,39,50,78,129"/><V27/><F119/><W76/><G106/><T30/><D113/><U61/><E111/><V63/><F120/><W66/><G66/><T93/><D108/><U89/><E118/><V52/><F34/><W21/><G39/><T60/><D2/><U17/><E79/><V131/><F131/><N who="3" m="50251" /><G102/><T74/><D130/><U8/><E97/><V134/><F72/><W33/><G92/><T71/><D30/><U42/><E29/><N who="2" m="17655" /><F80/><W127/><G51/><T122/><D122/><U24/><E18/><N who="2" m="8503" /><F46/><W124/><G33/><T126/><D41/><U4/><E11/><V95/><F95/><W88/><G76/><N who="0" m="44183" /><D38/><U83/><REACH who="1" step="1"/><E4/><REACH who="1" ten="255,217,247,271" step="2"/><V110/><F110/><W20/><G78/><T47/><D96/><U62/><E62/><V32/><F32/><W56/><G6/><T94/><D60/><U5/><E5/><V25/><F37/><AGARI ba="0,1" hai="8,15,17,24,26,37,42,45,55,58,61,83,85,89" machi="37" ten="30,3900,0" yaku="1,1,7,1,52,1,53,0" doraHai="49" doraHaiUra="100" who="1" fromWho="2" sc="255,0,217,49,247,-39,271,0" />
</Scene>
<Scene>
<INIT seed="3,0,0,1,3,49" ten="255,266,208,271" oya="3" hai0="104,58,108,62,4,32,19,27,97,85,132,7,16" hai1="125,117,5,105,11,57,14,54,118,42,127,30,89" hai2="45,64,36,129,40,52,95,68,6,22,73,87,20" hai3="9,99,78,28,53,130,38,92,126,90,98,18,12"/><W15/><G130/><T63/><D108/><U3/><E105/><V100/><F73/><W122/><G38/><T31/><D132/><U115/><E115/><V10/><F129/><W13/><G122/><T80/><D63/><N who="1" m="36279" /><E42/><V39/><F39/><W69/><G69/><T23/><D97/><U110/><E110/><V77/><F64/><W33/><G126/><N who="1" m="48138" /><E30/><V81/><F68/><W107/><G78/><T37/><D104/><U93/><E3/><V2/><F100/><W82/><G82/><T79/><D37/><U47/><E47/><V134/><F134/><W66/><G66/><T24/><D19/><U21/><E21/><V8/><F8/><W113/><G113/><T70/><D70/><U41/><E41/><V120/><F120/><W46/><G28/><T76/><REACH who="0" step="1"/><D79/><REACH who="0" ten="245,266,208,271" step="2"/><U56/><E56/><V86/><F36/><W72/><G107/><T114/><D114/><U74/><E118/><V119/><F119/><W35/><G99/><T124/><D124/><U29/><E117/><V116/><F116/><W51/><G18/><T1/><D1/><U123/><E123/><V84/><F2/><W133/><G133/><T75/><D75/><U26/><E74/><V17/><F17/><W135/><G72/><T109/><D109/><U91/><E29/><V50/><F77/><W112/><G112/><T88/><D88/><U44/><E91/><V111/><F111/><W55/><G135/><T0/><D0/><U43/><E89/><V96/><F96/><W25/><G98/><T94/><D94/><U60/><E93/><V103/><F95/><W102/><G92/><RYUUKYOKU ba="0,1" sc="245,30,266,-10,208,-10,271,-10" hai0="4,7,16,23,24,27,31,32,58,62,76,80,85" />
</Scene>
<Scene>
<INIT seed="4,1,1,2,2,6" ten="275,256,198,261" oya="0" hai0="127,49,28,37,77,71,123,41,7,116,104,44,42" hai1="100,91,66,110,68,20,0,111,13,61,55,119,113" hai2="21,12,15,118,76,2,107,109,87,70,125,56,10" hai3="47,24,33,3,73,43,25,126,79,74,94,90,32"/><T16/><D116/><U75/><E119/><V39/><F118/><W108/><G108/><T38/><D104/><U84/><E0/><V26/><F109/><W83/><G74/><T81/><D123/><U29/><E75/><V31/><F70/><W135/><G135/><T112/><D112/><U34/><E100/><V78/><F39/><W69/><G69/><T52/><D28/><U1/><E1/><V40/><F107/><W30/><G3/><T121/><D121/><U93/><E113/><V57/><F40/><W102/><G102/><T11/><D71/><U95/><E95/><V50/><F2/><W105/><G105/><T4/><D127/><U64/><E64/><V88/><F15/><W5/><G5/><N who="0" m="2123" /><D38/><U98/><E98/><V133/><F125/><W35/><G25/><T48/><D37/><U89/><E89/><V92/><F133/><W97/><G126/><T9/><D16/><N who="1" m="10255" /><E29/><V51/><F57/><W14/><G14/><T80/><D42/><U67/><E67/><V59/><F59/><W130/><G130/><T129/><D129/><U46/><E34/><V134/><F134/><W96/><G96/><T120/><D120/><U132/><E132/><V22/><F22/><W114/><G114/><T115/><D115/><U72/><E72/><V63/><F78/><W23/><G35/><T36/><D36/><AGARI ba="1,1" hai="23,24,30,32,33,36,43,47,73,79,83,90,94,97" machi="36" ten="30,1000,0" yaku="7,1" doraHai="6" who="3" fromWho="0" sc="275,-13,256,0,198,0,261,23" />
</Scene>
<Scene>
<INIT seed="5,0,0,5,3,129" ten="262,256,198,284" oya="1" hai0="41,116,86,55,76,98,93,132,36,94,67,48,85" hai1="125,60,78,61,134,1,2,97,18,81,131,113,70" hai2="124,114,42,126,82,9,7,24,17,74,32,96,27" hai3="112,16,119,0,46,40,35,19,57,38,91,127,102"/><U23/><E131/><V121/><F42/><W63/><G35/><T73/><D116/><U37/><E37/><V49/><F49/><W28/><G28/><T135/><D67/><U107/><E113/><V69/><F69/><W87/><G0/><T101/><D73/><U68/><E125/><N who="2" m="48235" /><F96/><W117/><G102/><T89/><D36/><U99/><E107/><V6/><F82/><N who="3" m="49655" /><G112/><T64/><D64/><U45/><E45/><V12/><F74/><W25/><G25/><N who="2" m="9801" /><F114/><W51/><G38/><T83/><REACH who="0" step="1"/><D41/><REACH who="0" ten="252,256,198,284" step="2"/><U62/><E70/><V59/><F121/><W123/><G123/><T104/><D104/><U15/><E68/><V118/><F118/><N who="3" m="45067" /><G127/><T14/><D14/><U56/><E2/><V109/><F109/><W88/><G40/><T20/><D20/><U65/><E1/><V11/><F32/><W52/><G46/><AGARI ba="0,1" hai="46,48,55,76,83,85,86,89,93,94,98,101,132,135" machi="46" ten="40,5200,0" yaku="1,1,52,2,53,0" doraHai="129" doraHaiUra="105" who="0" fromWho="3" sc="252,62,256,0,198,0,284,-52" />
</Scene>
<Scene>
<INIT seed="6,0,0,3,1,77" ten="314,256,198,232" oya="2" hai0="111,29,114,100,26,45,85,44,131,21,78,74,39" hai1="117,7,134,48,59,70,93,120,6,28,127,89,13" hai2="125,76,56,66,128,104,58,62,108,92,3,18,61" hai3="97,43,84,8,38,69,12,22,105,83,99,4,82"/><V9/><F104/><W132/><G69/><T53/><D111/><U52/><E117/><V95/><F108/><W129/><G132/><T47/><D74/><U40/><E70/><V10/><F128/><W24/><G129/><T31/><D131/><U46/><E134/><V17/><F125/><W135/><G135/><T37/><D100/><U71/><E71/><V63/><F3/><W110/><G110/><T119/><D119/><U33/><E127/><V122/><F76/><W87/><G105/><T81/><D114/><U20/><E33/><V42/><F42/><W19/><G43/><T102/><D102/><U30/><E120/><V41/><F41/><W123/><G38/><T124/><D124/><U73/><E73/><V36/><F36/><W80/><G123/><T107/><D107/><U64/><E64/><V72/><F72/><W16/><G4/><N who="1" m="1578" /><E20/><V121/><REACH who="2" step="1"/><F62/><REACH who="2" ten="314,256,188,232" step="2"/><W68/><G68/><T32/><D37/><U67/><E40/><V60/><F60/><W94/><G99/><T90/><D39/><U15/><E46/><V86/><F86/><W96/><G97/><T91/><D45/><U115/><E115/><V35/><F35/><W65/><G65/><AGARI ba="0,1" hai="9,10,17,18,56,58,61,63,65,66,92,95,121,122" machi="65" ten="25,4800,0" yaku="1,1,22,2,53,0" doraHai="77" doraHaiUra="112" who="2" fromWho="3" sc="314,0,256,0,188,58,232,-48" />
</Scene>
<Scene>
<INIT seed="6,1,0,1,2,19" ten="314,256,246,184" oya="2" hai0="56,32,90,16,111,1,120,117,14,78,65,50,43" hai1="20,29,54,110,35,33,103,86,46,100,38,12,51" hai2="121,84,85,62,42,132,134,45,109,126,88,130,49" hai3="63,60,76,68,3,64,114,92,5,67,104,66,73"/><V44/><F121/><W0/><G104/><T26/><D111/><U28/><E110/><V81/><F109/><W123/><G123/><T13/><D1/><U18/><E38/><V71/><F130/><W8/><G114/><T57/><D120/><U108/><E108/><V55/><F126/><W74/><G67/><T89/><D78/><U40/><E40/><V107/><F107/><W10/><G76/><T135/><D135/><U83/><E35/><V69/><F85/><W6/><REACH who="3" step="1"/><G92/><REACH who="3" ten="314,256,246,174" step="2"/><T129/><D65/><U133/><E133/><N who="2" m="51307" /><F62/><W124/><G124/><T11/><D129/><U128/><E128/><V87/><F87/><W24/><G24/><T118/><D26/><U119/><E119/><V41/><F41/><W2/><G2/><T115/><D43/><U9/><E86/><V23/><F69/><AGARI ba="1,1" hai="0,3,5,6,8,10,60,63,64,66,68,69,73,74" machi="69" ten="30,16000,3" yaku="1,1,7,1,32,3,33,3,53,0" doraHai="19" doraHaiUra="96" who="3" fromWho="2" sc="314,0,256,0,246,-163,174,173" />
</Scene>
<Scene>
<INIT seed="7,0,0,1,5,50" ten="314,256,83,347" oya="3" hai0="127,36,108,124,29,132,101,96,32,4,114,98,87" hai1="45,100,73,83,106,35,18,97,28,135,55,6,39" hai2="107,86,65,91,115,13,71,49,94,68,30,37,22" hai3="113,58,119,57,125,59,54,41,95,117,104,34,21"/><W112/><G104/><T103/><D36/><U111/><E111/><V17/><F37/><W134/><G34/><T53/><D108/><U24/><E18/><V102/><F115/><N who="3" m="44107" /><G134/><T131/><D114/><U105/><E6/><V90/><F68/><W19/><G41/><T8/><D131/><U20/><E20/><V0/><F0/><W128/><G125/><N who="0" m="48203" /><D29/><U80/><E135/><V130/><F71/><W133/><G95/><N who="0" m="58527" /><D87/><U99/><E73/><V118/><F107/><W64/><G64/><T40/><D40/><U79/><E39/><V48/><F118/><N who="3" m="45067" /><G128/><T10/><D132/><U123/><E123/><V122/><F122/><W76/><G76/><T23/><D23/><U69/><E79/><V89/><F130/><W3/><G3/><T56/><D4/><U44/><E69/><V66/><F102/><W15/><G133/><T84/><D84/><U46/><E105/><V67/><F30/><W92/><G92/><N who="0" m="58823" /><D32/><U1/><E97/><V52/><REACH who="2" step="1"/><F49/><AGARI ba="0,0" hai="15,19,21,49,54,57,58,59" m="45067,44107" machi="49" ten="30,2900,0" yaku="15,1,52,1" doraHai="50" who="3" fromWho="2" sc="314,0,256,0,83,-29,347,29" /><AGARI ba="0,0" hai="8,10,49,53,56" m="58823,58527,48203" machi="49" ten="30,2000,0" yaku="18,1,52,1" doraHai="50" who="0" fromWho="2" sc="314,20,256,0,54,-20,376,0" owari="334,13.0,256,-14.0,34,-47.0,376,48.0" />
</Scene>
</mjloggm>