<mjloggm ver="2.3"><GO type="169" lobby="0"/><UN n0="%E3%82%82%E3%81%98%E3%82%89" n1="%E6%AD%A6%E5%89%87%E8%BC%9D%E6%B5%B7" n2="%E5%A4%AA%E3%81%8F%E3%81%AA%E3%81%84%E3%81%8A" n3="%41%2D%2D%42%2D%2D%43%32" dan="16,16,18,16" rate="2056.06,2107.45,2260.14,2044.75" sx="F,M,F,M"/><TAIKYOKU oya="0"/>

<Scene>
<INIT seed="0,0,0,5,2,45" ten="250,250,250,250" oya="0" hai0="18,110,123,76,41,108,68,15,109,19,38,40,6" hai1="112,103,57,16,39,129,118,77,8,104,106,131,119" hai2="71,14,53,107,74,64,90,116,121,0,135,58,31" hai3="25,101,86,17,48,7,37,75,43,27,111,69,3"/><T133/><D123/><U32/><E39/><V89/><F0/><W34/><G37/><T126/><D68/><U67/><E32/><V11/><F121/><W28/><G75/><T12/><D133/><U124/><E77/><V21/><F107/><W52/><G43/><N who="0" m="16459" /><D6/><U93/><E67/><V20/><F74/><W82/><G111/><T87/><D38/><U125/><E57/><V81/><F135/><W47/><G69/><T92/><D126/><N who="1" m="48747" /><E16/><N who="0" m="6185" /><D92/><U10/><E10/><V60/><F116/><N who="1" m="44585" /><E8/><V83/><F71/><W1/><G7/><T5/><D5/><U59/><E59/><V78/><F58/><W36/><G36/><T91/><D91/><U4/><E4/><V46/><F90/><W80/><G101/><T79/><D87/><U22/><E22/><V130/><F21/><W122/><G122/><T50/><D50/><U99/><E112/><V44/><F20/><W117/><G117/><T51/><D51/><U66/><E66/><V88/><F64/><W98/><G3/><T9/><D9/><U105/><AGARI ba="0,0" hai="93,99,103,104,105,106,129,131" m="44585,48747" machi="105" ten="40,5200,0" yaku="18,1,34,2" doraHai="45" who="1" fromWho="1" sc="250,-26,250,52,250,-13,250,-13" />
</Scene>
<Scene>
<INIT seed="1,0,0,4,4,9" ten="224,302,237,237" oya="1" hai0="55,121,59,72,28,26,47,96,53,37,93,29,131" hai1="51,44,69,31,85,128,71,133,78,79,43,15,112" hai2="61,20,129,116,82,2,65,77,101,94,75,115,32" hai3="111,98,135,91,10,58,0,90,25,106,127,14,22"/><U11/><E112/><V68/><F32/><W49/><G111/><T33/><D72/><U100/><E128/><V24/><F116/><W76/><G135/><T117/><D131/><U83/><E133/><V97/><F129/><W30/><G127/><T39/><D117/><U18/><E79/><V74/><F115/><W48/><G76/><T95/><D95/><U87/><E87/><V80/><F2/><W8/><G106/><T119/><D119/><U86/><E86/><V126/><F126/><W4/><G98/><T57/><D29/><U67/><E67/><V21/><F80/><W62/><G49/><T81/><D81/><U34/><REACH who="1" step="1"/><E100/><REACH who="1" ten="224,292,237,237" step="2"/><V63/><F75/><W36/><G90/><T113/><D113/><U123/><E123/><V16/><F65/><W70/><G91/><T84/><D84/><U125/><E125/><V12/><REACH who="2" step="1"/><F68/><REACH who="2" ten="224,292,227,237" step="2"/><W46/><G70/><T6/><D121/><U130/><E130/><V122/><F122/><W88/><G0/><T64/><D64/><U102/><E102/><V54/><F54/><W5/><G88/><T38/><D55/><U23/><E23/><V52/><F52/><W118/><G118/><T89/><D53/><U104/><E104/><V105/><F105/><W134/><G134/><T73/><D73/><U19/><E19/><AGARI ba="0,2" hai="12,16,19,20,21,24,61,63,74,77,82,94,97,101" machi="19" ten="30,12000,2" yaku="1,1,7,1,52,1,54,1,53,2" doraHai="9" doraHaiUra="13" who="2" fromWho="1" sc="224,0,292,-120,227,140,237,0" />
</Scene>
<Scene>
<INIT seed="2,0,0,5,4,11" ten="224,172,367,237" oya="2" hai0="124,96,42,12,107,78,5,91,65,84,68,48,89" hai1="59,116,22,14,129,106,67,86,100,76,110,46,113" hai2="23,49,127,21,28,10,77,52,85,131,60,53,45" hai3="90,37,44,41,38,8,118,122,97,105,123,117,133"/><V73/><F73/><W119/><G90/><T63/><D124/><U47/><E116/><V120/><F120/><N who="3" m="46123" /><G8/><N who="0" m="4111" /><D96/><U88/><E113/><V103/><F127/><W0/><G0/><T58/><D107/><U35/><E35/><V71/><F131/><W70/><G70/><T83/><D68/><U7/><E129/><V102/><F10/><W24/><G24/><T25/><D25/><U19/><E106/><V54/><F71/><W20/><G20/><N who="2" m="7753" /><F28/><W104/><G97/><T92/><D92/><U34/><E34/><V39/><F39/><N who="3" m="21567" /><G105/><T72/><D72/><U16/><E7/><V13/><F13/><W4/><G4/><T6/><D6/><U80/><E100/><N who="2" m="38443" /><F60/><W114/><G104/><T27/><D27/><U62/><E110/><V31/><F31/><W130/><G114/><T93/><D93/><U109/><E109/><V33/><F33/><W26/><G26/><T43/><D43/><U121/><E121/><V75/><F75/><W29/><G29/><T81/><D81/><AGARI ba="0,0" hai="45,49,52,53,54,77,81,85" m="38443,7753" machi="81" ten="30,2900,0" yaku="8,1,54,1" doraHai="11" who="2" fromWho="0" sc="224,-29,172,0,367,29,237,0" />
</Scene>
<Scene>
<INIT seed="2,1,0,3,3,135" ten="195,172,396,237" oya="2" hai0="13,45,30,129,113,17,126,14,8,57,120,15,59" hai1="117,125,77,102,70,62,115,11,133,40,132,50,3" hai2="94,65,82,124,122,21,22,44,6,33,92,36,69" hai3="27,42,123,71,116,28,91,114,0,110,84,97,49"/><V87/><F33/><W55/><G116/><T121/><D45/><U75/><E117/><V103/><F122/><W86/><G123/><T100/><D113/><U19/><E115/><V16/><F6/><W88/><G114/><T58/><D129/><U109/><E102/><V79/><F22/><W130/><G0/><T26/><D120/><U41/><E77/><V31/><F31/><W67/><G130/><T47/><D121/><U105/><E105/><V64/><F69/><W106/><G110/><T63/><D100/><U89/><E75/><V80/><F80/><W74/><G74/><T101/><D101/><U53/><E89/><V51/><F36/><W104/><G42/><N who="1" m="16490" /><E19/><V134/><F134/><N who="1" m="51817" /><E11/><V24/><F103/><W81/><G97/><T56/><D47/><N who="1" m="27871" /><E3/><V2/><F2/><W111/><G111/><T18/><D8/><U83/><E83/><V37/><F94/><W46/><G27/><T108/><D108/><U39/><E39/><V72/><F37/><W68/><G28/><T32/><D17/><U48/><E48/><V54/><F92/><W93/><G104/><T23/><D32/><U7/><E7/><V60/><F72/><W119/><G106/><T96/><D30/><U99/><E99/><V76/><F76/><W9/><G9/><T95/><D95/><U1/><E1/><V127/><F82/><W66/><G119/><T107/><D96/><U38/><E38/><V90/><F24/><W85/><G84/><T112/><D107/><U118/><E118/><V43/><F87/><W12/><G12/><T131/><D112/><U34/><E109/><RYUUKYOKU ba="1,0" sc="195,-10,172,-10,396,-10,237,30" hai3="46,49,55,66,67,68,71,81,85,86,88,91,93" />
</Scene>
<Scene>
<INIT seed="3,2,0,5,4,93" ten="185,162,386,267" oya="3" hai0="107,83,51,124,85,96,49,125,110,88,26,3,97" hai1="104,31,37,108,56,73,89,127,120,71,47,77,42" hai2="129,35,86,44,61,105,4,76,115,14,92,79,24" hai3="101,134,69,130,119,59,63,113,43,32,36,64,16"/><W11/><G32/><T19/><D3/><U55/><E120/><V45/><F105/><W67/><G119/><T75/><D110/><U27/><E108/><V81/><F115/><W116/><G113/><T9/><D75/><U135/><E127/><N who="0" m="48713" /><D107/><U106/><E71/><V29/><F129/><W112/><G116/><T7/><D26/><U22/><E135/><V109/><F109/><W95/><G130/><T103/><D103/><U13/><E77/><V50/><F61/><W72/><G72/><T21/><D21/><U84/><E73/><V30/><F30/><W111/><G134/><T80/><D80/><U66/><E66/><V117/><F117/><W46/><G112/><T8/><D19/><U94/><REACH who="1" step="1"/><E13/><REACH who="1" ten="185,152,386,267" step="2"/><V23/><F79/><W82/><G111/><T102/><D102/><U34/><E34/><V0/><F14/><N who="3" m="7263" /><G69/><T133/><D133/><U132/><E132/><V68/><F68/><W91/><G67/><T52/><D49/><AGARI ba="2,1" hai="22,27,31,37,42,47,49,55,56,84,89,94,104,106" machi="49" ten="30,2000,0" yaku="1,1,7,1,53,0" doraHai="93" doraHaiUra="122" who="1" fromWho="0" sc="185,-26,152,36,386,0,267,0" />
</Scene>
<Scene>
<INIT seed="4,0,0,4,2,106" ten="159,188,386,267" oya="0" hai0="100,21,55,81,117,130,1,59,99,17,30,29,102" hai1="22,134,27,3,19,113,56,58,14,108,41,33,109" hai2="32,110,127,85,91,38,78,98,52,71,7,23,135" hai3="84,73,131,9,53,105,2,20,80,92,63,125,43"/><T11/><D117/><U103/><E103/><V79/><F32/><W126/><G105/><T75/><D130/><U44/><E134/><V118/><F38/><W124/><G131/><T16/><D75/><U48/><E3/><V94/><F71/><W54/><G43/><T50/><D81/><U77/><E113/><V36/><F36/><W70/><G20/><T122/><D122/><U69/><E69/><V24/><F135/><W116/><G116/><T104/><D102/><U64/><E77/><V15/><F110/><W132/><G132/><T121/><D121/><U66/><E109/><V31/><F127/><W18/><G92/><T6/><REACH who="0" step="1"/><D17/><REACH who="0" ten="149,188,386,267" step="2"/><U120/><E108/><V35/><F118/><W119/><G119/><T39/><D39/><U96/><E120/><V111/><F111/><W123/><G73/><T40/><D40/><U114/><E41/><V83/><F83/><W68/><G123/><T34/><D34/><U65/><E33/><V90/><F35/><W89/><G18/><T8/><D8/><U86/><E19/><V28/><F28/><W76/><G9/><T60/><D60/><U10/><E10/><V5/><F31/><W42/><G42/><T26/><AGARI ba="0,1" hai="1,6,11,16,21,26,29,30,50,55,59,99,100,104" machi="26" ten="20,7800,0" yaku="1,1,0,1,7,1,54,1,53,0" doraHai="106" doraHaiUra="72" who="0" fromWho="0" sc="149,88,188,-26,386,-26,267,-26" />
</Scene>
<Scene>
<INIT seed="4,1,0,1,0,107" ten="237,162,360,241" oya="0" hai0="105,28,26,24,34,135,49,18,99,31,124,113,78" hai1="119,132,67,65,66,23,123,120,82,48,55,122,128" hai2="60,68,22,9,32,108,121,29,92,56,87,94,116" hai3="63,89,0,88,110,27,84,13,98,117,61,35,51"/><T76/><D135/><U129/><E23/><V52/><F108/><W37/><G0/><T134/><D134/><U17/><E132/><V103/><F121/><W25/><G37/><T16/><D124/><U5/><E17/><N who="0" m="6761" /><D105/><U3/><E5/><V102/><F32/><W33/><G117/><T75/><D75/><U106/><E106/><V69/><F116/><W4/><G110/><T83/><D99/><U46/><E3/><V81/><F9/><N who="3" m="4263" /><G51/><T85/><D34/><U74/><REACH who="1" step="1"/><E119/><REACH who="1" ten="237,152,360,241" step="2"/><V77/><F22/><W1/><G1/><T50/><D31/><U2/><E2/><V115/><F29/><W118/><G118/><T126/><D126/><U109/><E109/><V36/><F115/><W11/><G33/><T112/><D28/><U8/><E8/><V80/><F103/><W133/><G11/><T6/><D6/><U30/><E30/><V57/><F102/><W7/><G133/><T54/><D112/><U12/><E12/><V100/><F100/><W90/><G7/><T73/><D113/><U14/><E14/><V91/><F94/><W41/><G35/><T95/><D24/><U40/><E40/><V96/><F92/><W111/><G41/><T97/><D26/><N who="3" m="9737" /><G111/><T131/><D95/><U93/><E93/><V45/><F96/><W71/><G98/><T58/><D97/><U44/><E44/><V38/><F45/><W19/><G19/><T42/><D42/><U47/><E47/><V130/><F36/><W43/><G43/><T125/><D125/><U53/><E53/><V10/><F38/><W21/><G21/><T39/><D39/><RYUUKYOKU ba="1,1" sc="237,-10,152,30,360,-10,241,-10" hai1="46,48,55,65,66,67,74,82,120,122,123,128,129" />
</Scene>
<Scene>
<INIT seed="5,2,1,0,3,52" ten="227,182,350,231" oya="1" hai0="18,95,116,65,107,75,14,96,63,7,69,57,86" hai1="32,105,123,113,39,28,23,114,44,0,79,16,56" hai2="92,68,94,99,35,82,89,8,73,108,84,87,81" hai3="120,30,38,43,64,27,121,88,100,41,5,4,48"/><U83/><E123/><V71/><F35/><W19/><G100/><T61/><D75/><U25/><E105/><V97/><F108/><W6/><G19/><T50/><D116/><U112/><E0/><V60/><F8/><W93/><G38/><T12/><D50/><U135/><E135/><V103/><F60/><W90/><G64/><T133/><D133/><U62/><E44/><V2/><F2/><W59/><G120/><T104/><D86/><N who="1" m="48511" /><E39/><V13/><F13/><W58/><G121/><T117/><D117/><U17/><E32/><V77/><F73/><W72/><G72/><T21/><D12/><U67/><AGARI ba="2,1" hai="16,17,23,25,28,56,62,67,112,113,114" m="48511" machi="67" ten="30,6000,0" yaku="15,1,52,1,54,1" doraHai="52" who="1" fromWho="1" sc="227,-22,182,76,350,-22,231,-22" />
</Scene>
<Scene>
<INIT seed="5,3,0,4,4,68" ten="205,258,328,209" oya="1" hai0="24,118,122,61,128,135,40,11,113,109,85,60,49" hai1="78,97,131,5,63,71,15,7,12,43,120,37,39" hai2="48,76,116,96,9,89,30,23,44,123,95,6,70" hai3="133,94,77,79,107,125,34,59,101,66,64,3,35"/><U67/><E120/><V22/><F70/><W73/><G3/><T31/><D118/><U45/><E131/><V111/><F111/><W38/><G38/><T100/><D109/><U102/><E78/><V86/><F116/><W57/><G107/><T87/><D113/><U92/><REACH who="1" step="1"/><E39/><REACH who="1" ten="205,248,328,209" step="2"/><V1/><F123/><W129/><G77/><T52/><D128/><U53/><E53/><V18/><F76/><W127/><G79/><T126/><D122/><U50/><E50/><V69/><F48/><W16/><G129/><T36/><D36/><U41/><E41/><V47/><F69/><W29/><G73/><T124/><D40/><U26/><E26/><V54/><F54/><W46/><G127/><T81/><D124/><U74/><E74/><V90/><F30/><W134/><G125/><T104/><D126/><U32/><E32/><V72/><F72/><W20/><G34/><T4/><D49/><U91/><E91/><V8/><F89/><W28/><G35/><T51/><D51/><U56/><E56/><N who="3" m="21578" /><G46/><T13/><D52/><U88/><E88/><V2/><F47/><W93/><G66/><T114/><D114/><U27/><E27/><V106/><F44/><W10/><G64/><T108/><D108/><U82/><E82/><V58/><F58/><W75/><G75/><T117/><D117/><U42/><E42/><V21/><F90/><W115/><G115/><T119/><D81/><U99/><E99/><V83/><F96/><W112/><G112/><T130/><D119/><U103/><E103/><V84/><F83/><W19/><G101/><T132/><D100/><RYUUKYOKU ba="3,1" sc="205,-10,248,30,328,-10,209,-10" hai1="5,7,12,15,37,43,45,63,67,71,92,97,102" />
</Scene>
<Scene>
<INIT seed="5,4,1,2,4,27" ten="195,278,318,199" oya="1" hai0="132,1,106,53,69,3,125,17,68,79,124,92,31" hai1="47,131,30,14,78,20,133,7,33,123,115,102,23" hai2="86,4,134,83,74,120,119,98,135,90,45,89,93" hai3="84,0,108,63,37,88,41,67,43,72,97,66,36"/><U87/><E123/><V118/><F4/><W130/><G72/><T111/><D106/><U22/><E115/><V62/><F120/><W129/><G108/><T73/><D111/><U114/><E114/><V80/><F45/><W50/><G0/><T54/><D17/><U121/><E121/><V91/><F62/><W112/><G112/><T48/><D132/><N who="2" m="50730" /><F74/><W46/><G97/><T113/><D113/><U96/><E133/><V82/><F86/><W28/><G28/><T32/><D92/><N who="1" m="58631" /><E33/><V126/><F126/><W116/><G116/><AGARI ba="4,1" hai="80,82,83,89,90,91,93,98,116,118,119" m="50730" machi="116" ten="40,5200,0" yaku="20,1,34,2" doraHai="27" who="2" fromWho="3" sc="195,0,278,0,318,74,199,-64" />
</Scene>
<Scene>
<INIT seed="6,0,0,5,4,104" ten="195,278,392,135" oya="2" hai0="45,126,53,118,36,102,7,12,49,85,18,88,74" hai1="107,62,128,67,5,123,78,44,134,55,96,27,72" hai2="86,2,131,37,6,93,106,23,92,51,113,66,25" hai3="124,57,120,89,9,22,35,28,29,97,98,30,61"/><V4/><F37/><W14/><G120/><T60/><D36/><U42/><E123/><V84/><F106/><W114/><G124/><T48/><D126/><U79/><E128/><V13/><F2/><W10/><G35/><T94/><D118/><U34/><E5/><V133/><F113/><W47/><G47/><T77/><D102/><U101/><E55/><V122/><F133/><W33/><G114/><T91/><D7/><U21/><E134/><V75/><F51/><W130/><G33/><T71/><D49/><U95/><E34/><V125/><F66/><W129/><G129/><T115/><D115/><U73/><E107/><V1/><F13/><W119/><G119/><T17/><D91/><U26/><E79/><V116/><F23/><W46/><G46/><T24/><D24/><U87/><E87/><V43/><F84/><W80/><G80/><T65/><REACH who="0" step="1"/><D12/><REACH who="0" ten="185,278,392,135" step="2"/><U31/><E27/><V38/><F25/><W32/><G130/><T76/><D76/><U135/><E78/><V41/><F4/><W100/><G89/><T99/><D99/><U64/><E135/><V68/><F6/><W112/><G112/><T127/><D127/><U117/><E117/><V3/><F116/><W69/><G100/><T20/><D20/><U50/><REACH who="1" step="1"/><E67/><REACH who="1" ten="185,268,392,135" step="2"/><V59/><F125/><W39/><G32/><T63/><D63/><U121/><E121/><V109/><F122/><W108/><G61/><T58/><D58/><AGARI ba="0,2" hai="21,26,31,42,44,50,58,62,64,72,73,95,96,101" machi="58" ten="30,16000,3" yaku="1,1,7,1,25,2,52,2,53,2" doraHai="104" doraHaiUra="105" who="1" fromWho="0" sc="185,-160,268,180,392,0,135,0" />
</Scene>
<Scene>
<INIT seed="7,0,0,5,5,74" ten="25,448,392,135" oya="3" hai0="107,125,35,64,88,133,109,124,67,12,5,1,30" hai1="97,38,57,132,94,11,29,111,53,86,121,28,6" hai2="0,106,4,56,46,37,98,62,63,23,66,79,36" hai3="7,90,135,76,24,3,129,44,70,49,113,117,99"/><W39/><G39/><T27/><D107/><U126/><E38/><V55/><F0/><W32/><G70/><T91/><D67/><U60/><E121/><V89/><F4/><W25/><G117/><T65/><D65/><U108/><E126/><V9/><F9/><W42/><G129/><T71/><D109/><U102/><E132/><V14/><F106/><W116/><G113/><T123/><D123/><U48/><E111/><V26/><F14/><W73/><G135/><T104/><D104/><U78/><E108/><V114/><F114/><W100/><G90/><T41/><D41/><U85/><E60/><V130/><F130/><W103/><G103/><T68/><D133/><U128/><E128/><V84/><F98/><W96/><G96/><T110/><D110/><U15/><E86/><V34/><F34/><W115/><G115/><T105/><D105/><U50/><E50/><V69/><F46/><W127/><G127/><T77/><D77/><U33/><E33/><V119/><F119/><W31/><G76/><T81/><D91/><U43/><E43/><V17/><REACH who="2" step="1"/><F79/><REACH who="2" ten="25,448,382,135" step="2"/><W51/><G116/><T20/><D124/><U131/><E131/><V58/><F58/><W92/><G32/><T72/><D125/><U52/><E78/><V80/><AGARI ba="0,1" hai="17,23,26,36,37,55,56,62,63,66,69,80,84,89" machi="80" ten="20,2700,0" yaku="1,1,0,1,7,1,53,0" doraHai="74" doraHaiUra="120" who="2" fromWho="2" sc="25,-7,448,-7,382,37,135,-13" owari="18,-48.0,441,54.0,419,22.0,122,-28.0" />
</Scene>
</mjloggm>