<mjloggm ver="2.3"><GO type="169" lobby="0"/><UN n0="%E3%83%9F%E3%83%A9%E3%82%AF%E3%83%AB%E3%81%8A%E3%81%98%E3%81%95%E3%82%93" n1="%E3%81%BE%E3%81%AA%E3%81%84%E3%81%9F%E3%82%88%E3%81%86%E3%81%98%E3%82%87" n2="%E5%A4%AA%E3%81%8F%E3%81%AA%E3%81%84%E3%81%8A" n3="%E7%9C%9F%E3%81%A3%E5%90%91%E5%8B%9D%E8%B2%A0" dan="16,16,18,16" rate="2116.48,2146.33,2290.25,2135.67" sx="M,M,M,F"/><TAIKYOKU oya="0"/>

<Scene>
<INIT seed="0,0,0,1,2,79" ten="250,250,250,250" oya="0" hai0="18,14,66,97,91,8,119,60,88,76,17,68,59" hai1="50,80,100,25,117,73,104,124,65,55,115,72,74" hai2="118,113,123,29,133,121,94,92,27,37,7,22,51" hai3="16,9,90,48,13,3,35,34,75,67,116,1,23"/><T43/><D119/><U56/><E117/><V70/><F118/><W52/><G75/><T109/><D43/><U31/><E124/><V53/><F113/><W71/><G116/><T42/><D42/><U122/><E122/><V87/><F37/><W30/><G71/><T78/><D109/><U96/><E115/><V33/><F70/><W46/><G67/><T36/><D36/><U126/><E65/><V114/><F114/><W131/><G131/><T62/><D18/><U105/><E126/><V64/><F64/><W128/><G128/><T2/><D2/><U99/><E99/><V54/><F133/><W39/><G39/><T95/><REACH who="0" step="1"/><D91/><REACH who="0" ten="240,250,250,250" step="2"/><U11/><E11/><V129/><F129/><W77/><G90/><T63/><D63/><U69/><E69/><V83/><F123/><W5/><G1/><T127/><D127/><U26/><E31/><V102/><F121/><W41/><G41/><T82/><D82/><U20/><E80/><V135/><F83/><W28/><REACH who="3" step="1"/><G77/><REACH who="3" ten="240,250,250,240" step="2"/><T134/><D134/><U111/><E111/><V81/><F135/><W12/><G12/><T15/><D15/><U132/><E132/><V47/><F81/><W120/><G120/><T86/><D86/><U130/><E130/><V4/><F87/><W84/><G84/><T40/><D40/><U93/><E72/><V103/><F29/><AGARI ba="0,2" hai="3,5,9,13,16,23,28,29,30,34,35,46,48,52" machi="29" ten="40,5200,0" yaku="1,1,54,2,53,0" doraHai="79" doraHaiUra="89" who="3" fromWho="2" sc="240,0,250,0,250,-52,240,72" />
</Scene>
<Scene>
<INIT seed="1,0,0,4,0,120" ten="240,250,198,312" oya="1" hai0="75,84,70,54,57,91,0,42,102,100,106,79,90" hai1="53,2,72,26,24,131,40,116,66,98,31,44,104" hai2="111,23,117,122,108,52,60,88,77,28,74,113,13" hai3="125,73,38,134,59,39,124,19,128,78,16,67,103"/><U14/><E116/><V1/><F1/><W107/><G128/><T15/><D0/><U11/><E2/><V51/><F122/><W58/><G134/><T9/><D75/><U127/><E131/><V41/><F117/><W119/><G119/><T49/><D70/><U47/><E127/><V63/><F41/><W65/><G103/><N who="0" m="39467" /><D106/><U133/><E133/><V135/><F135/><W76/><REACH who="3" step="1"/><G73/><REACH who="3" ten="240,250,198,302" step="2"/><T4/><D42/><U110/><E72/><V82/><F113/><W105/><AGARI ba="0,1" hai="16,19,38,39,58,59,65,67,76,78,105,107,124,125" machi="105" ten="25,12000,2" yaku="1,1,2,1,0,1,22,2,54,1,53,0" doraHai="120" doraHaiUra="56" who="3" fromWho="3" sc="240,-30,250,-60,198,-30,302,130" />
</Scene>
<Scene>
<INIT seed="2,0,0,0,5,59" ten="210,190,168,432" oya="2" hai0="116,18,73,46,38,49,80,93,44,40,23,120,37" hai1="48,5,78,32,94,1,108,135,61,2,14,91,117" hai2="110,107,133,22,19,87,99,98,58,28,90,96,123" hai3="3,16,132,53,24,30,128,129,69,112,118,82,134"/><V56/><F123/><W92/><G118/><T15/><D120/><U41/><E117/><V62/><F133/><W64/><G3/><T70/><D116/><U9/><E108/><V39/><F39/><W43/><G43/><T76/><D70/><U57/><E32/><V20/><F110/><W47/><G82/><T17/><D46/><U4/><E135/><V119/><F119/><W51/><G112/><T104/><D104/><U97/><E78/><V126/><F126/><W33/><G92/><T36/><D18/><U50/><E41/><V52/><F107/><W42/><G16/><T88/><REACH who="0" step="1"/><D37/><REACH who="0" ten="200,190,168,432" step="2"/><U26/><E4/><V124/><F124/><W12/><G69/><T109/><D109/><U72/><E5/><V0/><F0/><W65/><G132/><T115/><D115/><U11/><E1/><V60/><F28/><W84/><G30/><T45/><D45/><U71/><E71/><V85/><F19/><W75/><G47/><T81/><D81/><U27/><E2/><V100/><F100/><W6/><G134/><T34/><D34/><U86/><E57/><V13/><F13/><W31/><G33/><T68/><D68/><U74/><E14/><V114/><F114/><W103/><G103/><T111/><D111/><U130/><E26/><V8/><F8/><W55/><G12/><T79/><D79/><U77/><E27/><V113/><F113/><W102/><G102/><T7/><D7/><U35/><E9/><V89/><F98/><AGARI ba="0,1" hai="15,17,23,36,38,40,44,49,73,76,80,88,93,98" machi="98" ten="30,3900,0" yaku="1,1,7,1,54,1,53,0" doraHai="59" doraHaiUra="127" who="0" fromWho="2" sc="200,49,190,0,168,-39,432,0" />
</Scene>
<Scene>
<INIT seed="3,0,0,1,4,128" ten="249,190,129,432" oya="3" hai0="61,16,103,120,54,7,93,100,55,6,116,82,33" hai1="32,107,113,4,99,124,96,46,26,2,114,28,85" hai2="78,84,11,112,18,95,69,21,29,119,42,43,86" hai3="127,9,74,117,66,68,135,24,19,52,134,22,15"/><W110/><G74/><T60/><D116/><U17/><E124/><V92/><F119/><W35/><G117/><T45/><D120/><U109/><E109/><V31/><F69/><W34/><G127/><T3/><D33/><U89/><E17/><V76/><F112/><W131/><G131/><T108/><D108/><U25/><E25/><V38/><F38/><W13/><G110/><T70/><D3/><U49/><E4/><N who="0" m="1577" /><D70/><U65/><E2/><V53/><F18/><W44/><G66/><T36/><D36/><U81/><E65/><V20/><REACH who="2" step="1"/><F53/><REACH who="2" ten="249,190,119,432" step="2"/><W125/><G68/><T129/><D16/><U118/><E118/><V87/><F87/><W133/><G125/><T63/><D55/><U73/><E73/><V8/><AGARI ba="0,1" hai="8,11,20,21,29,31,42,43,76,78,84,86,92,95" machi="8" ten="25,8000,1" yaku="1,1,0,1,22,2,8,1,53,0" doraHai="128" doraHaiUra="98" who="2" fromWho="2" sc="249,-20,190,-20,119,90,432,-40" />
</Scene>
<Scene>
<INIT seed="4,0,0,2,4,26" ten="229,170,209,392" oya="0" hai0="113,15,6,1,43,106,18,58,71,11,111,5,66" hai1="110,44,131,38,63,104,85,80,79,35,50,8,69" hai2="83,98,54,53,96,37,99,109,16,81,103,97,78" hai3="28,12,39,120,52,94,36,48,86,51,121,100,124"/><T90/><D71/><U65/><E110/><V42/><F109/><W59/><G124/><T117/><D111/><U92/><E131/><V2/><F2/><W29/><G12/><T129/><D117/><U13/><E104/><V88/><F37/><N who="3" m="14411" /><G48/><T7/><D106/><U45/><E38/><V101/><F42/><W119/><G119/><T112/><D129/><U20/><E35/><V77/><F16/><W60/><G51/><T74/><D74/><U64/><E64/><V128/><F128/><W108/><G108/><T14/><D1/><U95/><E20/><V67/><F67/><W23/><G23/><N who="0" m="11735" /><D43/><U46/><REACH who="1" step="1"/><E50/><REACH who="1" ten="229,160,209,392" step="2"/><V87/><F53/><W21/><G21/><T40/><D66/><U73/><E73/><N who="2" m="43183" /><F54/><W123/><G52/><T25/><D40/><U41/><E41/><V10/><F10/><W133/><G121/><T125/><D11/><U75/><E75/><V82/><N who="2" m="25088" /><DORA hai="84" /><V134/><F134/><W93/><G133/><T49/><D49/><U127/><E127/><V116/><F116/><W0/><G123/><T102/><D125/><U118/><E118/><V34/><F34/><W135/><G120/><T3/><D113/><U62/><E62/><V32/><F32/><W105/><G60/><T122/><D112/><U61/><E61/><V115/><F115/><W17/><G135/><T56/><D122/><U72/><E72/><AGARI ba="0,1" hai="72,78,82,83,87,88,101,103" m="25088,43183" machi="72" ten="40,12000,2" yaku="35,5,52,1,54,1" doraHai="26,84" who="2" fromWho="1" sc="229,0,160,-120,209,130,392,0" />
</Scene>
<Scene>
<INIT seed="5,0,0,3,2,79" ten="229,40,339,392" oya="1" hai0="32,59,69,121,117,3,85,74,109,91,8,21,111" hai1="99,76,70,36,120,129,55,30,19,63,101,134,24" hai2="45,115,25,106,10,28,78,22,68,86,38,50,66" hai3="97,34,39,57,11,71,14,15,62,105,48,54,110"/><U116/><E116/><V92/><F106/><W1/><G110/><T107/><D69/><U51/><E120/><V4/><F38/><W35/><G1/><T88/><D32/><U104/><E129/><V102/><F115/><W75/><G39/><T13/><D117/><U23/><E134/><V103/><F66/><W40/><G75/><T83/><D107/><U44/><E36/><V16/><F68/><W12/><G11/><T43/><D121/><U119/><E119/><V49/><F28/><W53/><G40/><T82/><D43/><U135/><E135/><V37/><F37/><W130/><G130/><T132/><D132/><U41/><E76/><V131/><F131/><W9/><G9/><T123/><D123/><U29/><REACH who="1" step="1"/><E55/><REACH who="1" ten="229,30,339,392" step="2"/><V114/><F114/><W87/><G53/><T6/><D111/><U65/><AGARI ba="0,1" hai="19,23,24,29,30,41,44,51,63,65,70,99,101,104" machi="65" ten="30,6000,0" yaku="1,1,2,1,0,1,53,0" doraHai="79" doraHaiUra="77" who="1" fromWho="1" sc="229,-20,30,70,339,-20,392,-20" />
</Scene>
<Scene>
<INIT seed="5,1,0,3,2,134" ten="209,100,319,372" oya="1" hai0="92,6,130,3,64,21,72,110,18,59,17,28,53" hai1="103,97,91,47,95,87,14,29,125,11,43,113,24" hai2="120,106,7,25,132,69,5,61,126,40,93,2,26" hai3="52,82,101,27,23,129,79,74,15,41,122,51,81"/><U66/><E113/><V88/><F120/><W70/><G70/><T112/><D110/><U68/><E125/><V73/><F106/><W33/><G33/><T84/><D72/><U78/><E68/><V127/><F73/><W77/><G129/><T57/><D130/><U71/><E71/><V98/><F132/><W16/><G101/><T55/><D112/><U76/><E66/><V94/><F40/><W39/><G39/><T19/><D3/><U135/><E135/><V121/><F121/><W63/><G63/><N who="0" m="37999" /><D6/><U50/><E24/><V38/><F38/><W42/><G15/><T31/><D21/><U96/><E29/><N who="0" m="11337" /><D59/><U37/><E37/><V118/><F118/><W58/><G122/><T90/><AGARI ba="1,0" hai="17,18,19,53,55,84,90,92" m="11337,37999" machi="90" ten="30,1100,0" yaku="8,1" doraHai="134" who="0" fromWho="0" sc="209,14,100,-6,319,-4,372,-4" />
</Scene>
<Scene>
<INIT seed="6,0,0,5,0,6" ten="223,94,315,368" oya="2" hai0="80,127,94,17,114,84,36,35,38,134,63,71,52" hai1="105,46,23,116,11,135,72,81,13,77,48,121,96" hai2="69,90,5,82,45,20,31,68,118,26,75,110,132" hai3="59,14,12,39,103,2,22,122,86,129,101,99,29"/><V7/><F118/><W1/><G39/><T125/><D35/><U34/><E116/><V21/><F132/><W85/><G22/><T95/><D134/><U60/><E135/><V9/><F110/><W42/><G59/><N who="0" m="35303" /><D71/><U32/><E23/><V4/><F45/><W131/><G99/><T128/><D17/><U44/><E60/><V49/><F49/><W58/><G58/><T40/><D114/><U133/><E121/><V126/><F126/><N who="0" m="48138" /><D128/><U33/><E133/><V93/><F21/><W107/><G29/><T88/><D40/><U10/><E44/><V100/><F100/><W119/><G42/><T0/><D0/><U109/><E109/><V50/><F50/><W67/><G122/><T115/><D115/><U89/><E13/><V37/><F37/><AGARI ba="0,0" hai="36,37,38,80,84,88,94,95" m="48138,35303" machi="37" ten="30,3900,0" yaku="18,1,54,2" doraHai="6" who="0" fromWho="2" sc="223,39,94,0,315,-39,368,0" />
</Scene>
<Scene>
<INIT seed="7,0,0,2,1,41" ten="262,94,276,368" oya="3" hai0="73,85,134,131,98,130,6,66,74,119,49,107,81" hai1="79,128,45,96,117,104,135,126,78,31,125,94,48" hai2="4,93,30,65,102,15,68,26,16,12,115,95,43" hai3="2,34,53,62,129,114,132,8,76,113,56,92,21"/><W90/><G34/><T83/><D66/><U32/><E32/><V101/><F115/><W124/><G76/><N who="0" m="46247" /><D49/><U112/><E31/><V50/><F68/><W33/><G33/><T87/><D6/><U97/><E48/><V61/><F30/><W7/><G21/><T127/><D119/><U39/><E39/><V38/><F38/><W9/><G9/><T40/><D40/><U18/><E18/><V72/><F72/><N who="0" m="27754" /><D134/><U123/><E45/><N who="2" m="25919" /><F65/><W71/><G132/><T28/><D28/><U36/><E36/><V67/><F67/><W22/><G71/><T46/><D46/><U5/><E5/><V24/><F61/><W69/><G69/><T54/><D54/><U25/><E25/><N who="2" m="9835" /><F4/><W58/><G62/><T20/><D20/><U10/><E10/><N who="2" m="6167" /><F15/><W63/><G63/><T47/><D47/><U27/><E27/><V23/><F23/><W52/><G22/><T116/><D116/><U35/><E35/><V55/><F55/><W44/><G52/><T64/><D64/><U1/><E1/><V77/><F77/><W19/><G53/><T110/><D110/><U57/><E57/><V75/><F75/><W118/><G118/><T120/><D120/><U105/><E135/><V42/><F42/><W100/><G2/><T121/><D121/><U109/><E123/><V17/><F17/><W99/><G19/><T108/><D108/><U91/><E117/><V0/><F0/><W51/><G7/><T122/><D122/><U11/><E11/><V3/><F3/><W14/><G8/><T88/><D127/><U84/><E109/><V86/><F86/><RYUUKYOKU ba="0,0" sc="262,15,94,-15,276,15,368,-15" hai0="83,87,88,98,107,130,131" hai2="93,95,101,102" owari="277,-12.0,79,-42.0,291,9.0,353,45.0" />
</Scene>
</mjloggm>