<mjloggm ver="2.3"><GO type="169" lobby="0"/><UN n0="%E6%A1%9C%E4%BA%95%E3%81%95%E3%82%93" n1="%E3%83%AA%E3%83%BC%E3%83%81%EF%BC%91" n2="%E5%A4%AA%E3%81%8F%E3%81%AA%E3%81%84%E3%81%8A" n3="%E5%91%82%E5%A7%AB" dan="17,17,19,17" rate="2207.23,2122.05,2301.53,2194.49" sx="M,M,F,F"/><TAIKYOKU oya="0"/>

<Scene>
<INIT seed="0,0,0,1,2,0" ten="250,250,250,250" oya="0" hai0="80,95,54,115,93,72,103,60,94,13,45,70,4" hai1="25,14,48,129,83,120,114,36,117,7,124,119,22" hai2="130,76,99,96,27,134,110,86,38,11,64,28,43" hai3="29,82,3,61,113,105,135,67,57,108,100,44,30"/><T131/><D115/><U132/><E36/><V73/><F64/><W101/><G108/><T118/><D118/><U5/><E114/><V85/><F43/><W46/><G135/><T41/><D131/><U65/><E129/><V106/><F38/><W74/><G3/><T69/><D103/><N who="3" m="39497" /><G74/><T9/><D54/><U53/><E132/><V33/><F11/><W90/><G105/><T21/><D60/><U87/><E65/><V8/><F27/><W51/><G113/><T112/><D112/><U20/><E120/><V15/><F85/><N who="3" m="50487" /><G46/><T97/><D97/><U35/><E124/><V56/><F96/><W55/><AGARI ba="0,0" hai="29,30,44,51,55,57,61,67" m="50487,39497" machi="55" ten="30,1100,0" yaku="8,1" doraHai="0" who="3" fromWho="3" sc="250,-5,250,-3,250,-3,250,11" />
</Scene>
<Scene>
<INIT seed="1,0,0,5,2,112" ten="245,247,247,261" oya="1" hai0="89,3,105,42,107,74,76,33,6,85,68,18,15" hai1="131,39,46,128,10,45,23,118,37,125,100,123,71" hai2="132,127,95,116,43,120,31,36,24,117,48,57,14" hai3="22,104,53,27,97,52,72,96,86,70,26,92,7"/><U129/><E123/><V16/><F36/><W44/><G72/><T119/><D68/><U94/><E71/><V63/><F120/><W113/><G113/><T5/><D33/><U101/><E125/><V108/><F127/><W47/><G7/><T103/><D119/><U91/><E118/><V13/><F13/><W122/><G70/><T80/><D42/><U111/><E111/><V40/><F40/><W50/><G122/><T83/><D3/><U41/><E39/><V30/><F30/><W90/><G104/><T20/><D107/><U130/><E46/><V2/><F2/><W87/><G97/><T102/><D102/><U8/><N who="1" m="32768" /><DORA hai="114" /><U99/><E23/><N who="2" m="15775" /><F48/><N who="3" m="28679" /><G27/><T88/><D103/><AGARI ba="0,0" hai="8,10,37,41,45,91,94,99,100,101,103" m="32768" machi="103" ten="70,3400,0" yaku="19,1" doraHai="112,114" who="1" fromWho="0" sc="245,-34,247,34,247,0,261,0" />
</Scene>
<Scene>
<INIT seed="1,1,0,0,1,63" ten="211,281,247,261" oya="1" hai0="79,110,2,121,126,112,90,21,104,86,8,53,42" hai1="73,71,61,34,6,0,70,108,105,111,39,92,66" hai2="31,94,48,10,37,68,7,30,88,96,114,60,95" hai3="125,81,38,22,135,82,123,43,59,18,117,27,122"/><U58/><E105/><V115/><F37/><W133/><G125/><T56/><D112/><N who="2" m="43050" /><F48/><W128/><G128/><T14/><D104/><U72/><E39/><V107/><F107/><W25/><G43/><T93/><D126/><U116/><E34/><V74/><F74/><W54/><G38/><T129/><D129/><U113/><E113/><V44/><F44/><W28/><G81/><T101/><D110/><N who="1" m="42027" /><E116/><V15/><F94/><W3/><G82/><T127/><D121/><N who="3" m="46089" /><G3/><T51/><D2/><U77/><E92/><V1/><F1/><W87/><G117/><T97/><D127/><U20/><E20/><V69/><F69/><N who="1" m="26121" /><E77/><V57/><F68/><W24/><G22/><T16/><D79/><U76/><E76/><V35/><F35/><W119/><G119/><T102/><D42/><U12/><E0/><V55/><AGARI ba="1,0" hai="7,10,15,30,31,55,57,60,88,95,96" m="43050" machi="55" ten="30,2000,0" yaku="11,1,54,1" doraHai="63" who="2" fromWho="2" sc="211,-6,281,-11,247,23,261,-6" />
</Scene>
<Scene>
<INIT seed="2,0,0,5,2,79" ten="205,270,270,255" oya="2" hai0="77,60,133,112,59,68,118,13,90,86,41,62,3" hai1="88,7,107,0,123,108,39,36,52,27,116,94,31" hai2="56,129,105,74,81,111,29,83,42,30,48,15,115" hai3="93,55,9,120,73,57,21,4,130,75,18,109,119"/><V127/><F115/><W12/><G109/><T2/><D112/><U24/><E107/><V101/><F74/><W106/><G130/><T99/><D133/><U98/><E116/><V135/><F105/><W89/><G106/><T58/><D68/><U20/><E108/><V126/><F101/><W125/><G125/><N who="2" m="47625" /><F111/><W54/><G120/><T25/><D118/><U11/><E123/><V17/><F135/><W51/><G55/><T64/><D41/><U61/><REACH who="1" step="1"/><E27/><REACH who="1" ten="205,260,270,255" step="2"/><V85/><F129/><W63/><G119/><T10/><D25/><U19/><E19/><V91/><F29/><W34/><G34/><T121/><D121/><U102/><E102/><V71/><F30/><W53/><G75/><T132/><D132/><U49/><E49/><V131/><F131/><W134/><G73/><T76/><D2/><U65/><E65/><V95/><F71/><W45/><G134/><T96/><D3/><U72/><E72/><V35/><F35/><W67/><G67/><T82/><D99/><U92/><E92/><V84/><F84/><W47/><G51/><T40/><D96/><U124/><E124/><V97/><F97/><W46/><G54/><N who="0" m="33879" /><D40/><U22/><E22/><N who="2" m="11583" /><F42/><W78/><G93/><T128/><D128/><U14/><E14/><V16/><F16/><AGARI ba="0,1" hai="10,13,16,59,62,64,76,77,82,86,90" m="33879" machi="16" ten="30,3900,0" yaku="8,1,52,1,54,1" doraHai="79" who="0" fromWho="2" sc="205,49,260,0,270,-39,255,0" />
</Scene>
<Scene>
<INIT seed="3,0,0,4,5,38" ten="254,260,231,255" oya="3" hai0="69,72,126,99,129,46,90,14,25,123,4,110,36" hai1="0,83,11,63,64,81,71,130,59,61,18,91,19" hai2="82,8,24,107,21,22,29,62,55,10,33,77,88" hai3="93,58,6,113,104,49,32,84,16,65,92,75,78"/><W37/><G37/><T127/><D123/><U30/><E130/><V39/><F107/><W122/><G122/><T118/><D118/><U108/><E108/><V89/><F39/><W97/><G113/><T132/><D72/><U125/><E125/><V128/><F128/><W47/><G32/><T131/><D69/><U13/><E0/><V12/><F33/><W121/><G6/><T111/><D25/><U79/><E30/><V9/><F62/><W40/><G75/><T112/><D112/><U86/><E63/><V74/><REACH who="2" step="1"/><F55/><REACH who="2" ten="254,260,221,255" step="2"/><W7/><G121/><T60/><D60/><U3/><E71/><V105/><F105/><W119/><G104/><T54/><D131/><U87/><REACH who="1" step="1"/><E3/><REACH who="1" ten="254,250,221,255" step="2"/><V51/><F51/><W80/><G119/><T106/><D129/><U73/><E73/><V31/><F31/><W44/><G49/><T43/><D126/><U68/><E68/><V76/><F76/><W45/><G78/><T15/><D127/><U117/><E117/><V94/><F94/><W101/><G92/><N who="0" m="56727" /><D106/><U103/><E103/><V27/><F27/><W98/><G101/><T56/><D110/><U28/><E28/><V116/><F116/><W102/><G102/><T100/><D111/><U135/><E135/><V114/><F114/><W41/><G93/><T53/><D132/><U96/><E96/><V2/><F2/><W52/><G98/><T115/><D100/><U23/><E23/><V20/><F20/><W124/><G97/><T50/><D115/><U120/><E120/><V67/><F67/><W35/><G124/><T42/><D36/><U133/><E133/><RYUUKYOKU ba="0,2" sc="254,-15,250,15,221,15,255,-15" hai1="11,13,18,19,59,61,64,79,81,83,86,87,91" hai2="8,9,10,12,21,22,24,29,74,77,82,88,89" />
</Scene>
<Scene>
<INIT seed="4,1,2,2,4,10" ten="239,265,236,240" oya="0" hai0="28,123,100,2,69,111,56,73,92,55,87,88,102" hai1="31,5,125,110,26,76,34,57,114,70,4,22,107" hai2="131,32,7,68,40,47,122,23,130,18,113,105,12" hai3="15,80,54,74,20,42,17,98,19,29,50,49,63"/><T62/><D123/><U16/><E70/><V37/><F122/><W94/><G74/><T95/><D73/><U72/><E107/><V39/><F105/><W132/><G132/><T115/><D2/><U43/><E110/><V118/><F68/><W21/><G80/><T77/><D77/><U35/><E76/><V65/><F65/><W99/><G29/><T129/><D111/><U90/><E72/><V66/><F66/><W46/><G63/><T135/><D135/><U124/><E43/><V44/><F32/><N who="1" m="12329" /><E90/><V133/><F113/><W41/><G94/><T67/><D115/><U82/><E82/><V89/><F133/><W86/><G86/><T116/><D116/><U127/><E57/><V48/><F118/><W108/><G108/><T27/><D129/><N who="2" m="49162" /><F7/><N who="1" m="2633" /><E114/><V24/><F89/><W112/><G112/><T120/><D120/><U9/><E9/><N who="2" m="6415" /><F47/><N who="3" m="27999" /><G42/><T93/><D102/><U13/><E31/><AGARI ba="1,2" hai="23,24,31,37,39,40,44,48" m="6415,49162" machi="31" ten="30,2000,0" yaku="19,1,52,1" doraHai="10" who="2" fromWho="1" sc="239,0,265,-23,236,43,240,0" />
</Scene>
<Scene>
<INIT seed="5,0,0,3,3,83" ten="239,242,279,240" oya="1" hai0="25,72,46,133,16,12,14,123,39,80,105,128,122" hai1="127,6,5,2,86,59,85,92,52,99,75,96,64" hai2="53,98,7,56,48,130,33,21,107,0,77,18,58" hai3="131,125,111,120,109,29,74,38,9,28,31,73,65"/><U67/><E75/><V113/><F33/><W24/><G38/><T110/><D110/><U61/><E127/><V69/><F69/><W132/><G65/><N who="1" m="25162" /><E99/><V119/><F119/><W17/><G73/><T87/><D105/><U35/><E2/><V106/><F77/><W62/><G62/><T108/><D108/><N who="3" m="41545" /><G74/><T55/><D72/><U68/><E35/><V104/><F130/><W44/><G44/><T88/><D128/><U40/><E68/><V10/><F113/><W114/><G131/><T116/><D116/><U60/><E40/><V112/><F112/><W51/><G51/><N who="0" m="29175" /><D133/><U19/><E19/><V45/><REACH who="2" step="1"/><F98/><REACH who="2" ten="239,242,269,240" step="2"/><W94/><G114/><T78/><D78/><U79/><E79/><V20/><F20/><W15/><G132/><T103/><D39/><U32/><E32/><V11/><F11/><W93/><G9/><N who="0" m="6159" /><D103/><N who="1" m="60807" /><E61/><V115/><F115/><W22/><G125/><T91/><D91/><U70/><E70/><V117/><F117/><W118/><G118/><T95/><D122/><U27/><E27/><AGARI ba="0,1" hai="0,7,10,18,21,27,45,48,53,56,58,104,106,107" machi="27" ten="40,2600,0" yaku="1,1,53,1" doraHai="83" doraHaiUra="47" who="2" fromWho="1" sc="239,0,242,-26,269,36,240,0" />
</Scene>
<Scene>
<INIT seed="6,0,0,0,0,88" ten="239,216,305,240" oya="2" hai0="12,30,48,132,116,82,77,49,7,43,44,109,71" hai1="3,106,111,24,50,36,59,92,25,58,40,11,119" hai2="125,28,6,100,110,98,75,113,38,114,102,81,118" hai3="112,18,53,27,45,115,60,101,127,21,95,66,103"/><V122/><F38/><W13/><G127/><T78/><D109/><U67/><E106/><V20/><F6/><W34/><G45/><T51/><D71/><U57/><E111/><V17/><F110/><W42/><G42/><T128/><D128/><U86/><E36/><V94/><F28/><W84/><G53/><T117/><D132/><U131/><E119/><N who="0" m="45641" /><D30/><U63/><E131/><V73/><F118/><W70/><G34/><T97/><D97/><U76/><E3/><V2/><F2/><W133/><G27/><N who="1" m="10314" /><E11/><V26/><F122/><W91/><G133/><T23/><D78/><U52/><E40/><V107/><F125/><W31/><G31/><T4/><D4/><U79/><E59/><V65/><F107/><W69/><REACH who="3" step="1"/><G70/><REACH who="3" ten="239,216,305,230" step="2"/><T32/><D32/><U16/><E16/><V124/><F124/><W90/><G90/><AGARI ba="0,1" hai="50,52,57,58,63,67,76,79,86,90,92" m="10314" machi="90" ten="30,3900,0" yaku="8,1,52,1,54,1" doraHai="88" who="1" fromWho="3" sc="239,0,216,49,305,0,230,-39" />
</Scene>
<Scene>
<INIT seed="7,0,0,3,3,119" ten="239,265,305,191" oya="3" hai0="30,43,79,75,80,114,3,59,95,56,60,130,126" hai1="121,5,129,102,21,11,91,20,58,26,98,35,66" hai2="18,82,92,12,51,99,37,54,68,133,48,7,47" hai3="62,64,118,50,14,53,78,46,97,93,40,42,122"/><W52/><G118/><T8/><D130/><U85/><E129/><V31/><F68/><W71/><G122/><T83/><D126/><U131/><E121/><V123/><F123/><W39/><G78/><T13/><D3/><U65/><E35/><V29/><F37/><W61/><G14/><T38/><D114/><U116/><E116/><V57/><F82/><W16/><G16/><T112/><D112/><U55/><E21/><N who="2" m="11463" /><F7/><W36/><G93/><T72/><D30/><U125/><E98/><V111/><F111/><W101/><G97/><T87/><D95/><U9/><E102/><N who="2" m="60775" /><F133/><W127/><G101/><T25/><D25/><U128/><E55/><AGARI ba="0,0" hai="29,31,47,48,51,54,55,57" m="60775,11463" machi="55" ten="30,1000,0" yaku="8,1" doraHai="119" who="2" fromWho="1" sc="239,0,265,-10,305,10,191,0" owari="239,-16.0,255,6.0,315,41.0,191,-31.0" />
</Scene>
</mjloggm>