<mjloggm ver="2.3"><GO type="169" lobby="0"/><UN n0="%E5%B9%B3%E4%BA%95%E9%8A%80%E4%BA%8C" n1="%E5%A4%AA%E3%81%8F%E3%81%AA%E3%81%84%E3%81%8A" n2="%E3%83%94%E3%82%AB%E5%90%BE%E9%83%8E" n3="%77%69%6E%65" dan="17,18,17,17" rate="2172.69,2266.15,2191.64,2141.63" sx="F,M,M,M"/><TAIKYOKU oya="0"/>

<Scene>
<INIT seed="0,0,0,4,1,61" ten="250,250,250,250" oya="0" hai0="0,21,63,104,22,15,128,9,55,37,29,41,20" hai1="64,65,19,26,34,82,121,113,80,124,43,17,102" hai2="56,114,108,84,78,125,74,40,107,14,110,135,52" hai3="95,133,70,88,97,25,72,86,36,98,112,120,24"/><T54/><D104/><U85/><E121/><V42/><F74/><W60/><G72/><T10/><D128/><U116/><E116/><V13/><F107/><W73/><G73/><T126/><D126/><U16/><E124/><V67/><F125/><W96/><G36/><T76/><D76/><U58/><E113/><V27/><F114/><W45/><G45/><T81/><D81/><U83/><E102/><V119/><F27/><W51/><G51/><T79/><D79/><U122/><E122/><V77/><F77/><W127/><G112/><T62/><D41/><N who="2" m="15978" /><F135/><W48/><G120/><T11/><D37/><U87/><E43/><V89/><F78/><W44/><G127/><T12/><D29/><U91/><E58/><V92/><F67/><N who="1" m="25673" /><E34/><V109/><F119/><W90/><G133/><T39/><D39/><U111/><E111/><V2/><F2/><W6/><G60/><AGARI ba="0,0" hai="13,14,52,56,60,84,89,92,108,109,110" m="15978" machi="60" ten="30,2000,0" yaku="14,1,54,1" doraHai="61" who="2" fromWho="3" sc="250,0,250,0,250,20,250,-20" />
</Scene>
<Scene>
<INIT seed="1,0,0,2,0,105" ten="250,250,270,230" oya="1" hai0="104,128,87,37,90,79,81,27,100,45,62,89,50" hai1="106,110,112,82,98,38,132,127,115,108,28,107,41" hai2="9,124,78,2,92,72,18,4,103,48,22,75,118" hai3="43,23,39,16,1,55,30,77,34,131,83,69,102"/><U17/><E28/><V133/><F118/><W60/><G1/><T73/><D37/><U116/><E116/><V21/><F78/><W66/><G102/><T7/><D128/><U70/><E70/><V26/><F124/><W99/><G99/><T33/><D7/><U120/><E120/><V40/><F133/><W93/><G93/><T44/><D62/><U53/><E132/><V0/><F0/><W46/><G34/><T130/><D130/><U109/><E127/><V14/><F40/><W64/><G30/><T88/><D87/><U95/><E53/><V42/><F42/><W117/><G117/><T65/><D65/><U94/><E17/><V19/><REACH who="2" step="1"/><F48/><REACH who="2" ten="250,250,260,230" step="2"/><W47/><G131/><T52/><D79/><U85/><E41/><V96/><AGARI ba="0,1" hai="2,4,9,14,18,19,21,22,26,72,75,92,96,103" machi="96" ten="30,12000,2" yaku="1,1,2,1,0,1,52,2,53,1" doraHai="105" doraHaiUra="35" who="2" fromWho="2" sc="250,-30,250,-60,260,130,230,-30" />
</Scene>
<Scene>
<INIT seed="2,0,0,1,1,38" ten="220,190,390,200" oya="2" hai0="91,59,49,88,134,39,13,26,126,32,14,93,127" hai1="114,9,55,3,27,69,19,42,82,132,45,1,117" hai2="65,50,64,89,11,6,90,47,128,130,119,52,106" hai3="123,48,85,8,110,109,63,58,24,83,25,51,21"/><V81/><F106/><W118/><G8/><T18/><D39/><U17/><E114/><V103/><F103/><W125/><G118/><T62/><D134/><U100/><E117/><V101/><F101/><W57/><G123/><T74/><D74/><U34/><E69/><V7/><F7/><W28/><G125/><N who="0" m="47627" /><D49/><U61/><E132/><V73/><F119/><W2/><G2/><T56/><D56/><U75/><E100/><V76/><F90/><W72/><G72/><T120/><D120/><U116/><E116/><V84/><F128/><W5/><G5/><T124/><D124/><U68/><E75/><V40/><F130/><W60/><G25/><T4/><D4/><U96/><BYE who="0" /><E82/><UN n0="%E5%B9%B3%E4%BA%95%E9%8A%80%E4%BA%8C" /><V99/><F99/><W105/><G105/><T23/><D23/><BYE who="0" /><U35/><E96/><V44/><F89/><W107/><G107/><T102/><D102/><U108/><E108/><N who="3" m="41578" /><G58/><T53/><D53/><U15/><E55/><UN n0="%E5%B9%B3%E4%BA%95%E9%8A%80%E4%BA%8C" /><V46/><F73/><W115/><G115/><T95/><D59/><U29/><E34/><V41/><F65/><N who="3" m="39055" /><G63/><T86/><D62/><U111/><E111/><V31/><F64/><W10/><G10/><T97/><D32/><U36/><REACH who="1" step="1"/><BYE who="0" /><E19/><REACH who="1" ten="220,180,390,200" step="2"/><UN n0="%E5%B9%B3%E4%BA%95%E9%8A%80%E4%BA%8C" /><V122/><F122/><W131/><G131/><T30/><D30/><U80/><BYE who="0" /><E80/><V87/><F31/><W54/><G54/><T70/><D70/><U104/><E104/><V121/><F121/><W135/><G135/><T67/><D67/><AGARI ba="0,1" hai="1,3,9,15,17,27,29,35,36,42,45,61,67,68" machi="67" ten="40,2600,0" yaku="1,1,52,1,53,0" doraHai="38" doraHaiUra="0" who="1" fromWho="0" sc="220,-26,180,36,390,0,200,0" />
</Scene>
<Scene>
<INIT seed="3,0,0,4,2,75" ten="194,216,390,200" oya="3" hai0="119,34,71,109,85,31,47,116,66,70,107,110,104" hai1="50,9,112,131,99,52,15,98,43,37,121,96,16" hai2="92,5,53,115,101,22,91,78,40,123,45,68,69" hai3="89,114,29,55,3,127,102,18,82,33,17,42,79"/><W44/><G114/><UN n0="%E5%B9%B3%E4%BA%95%E9%8A%80%E4%BA%8C" /><T62/><D71/><U122/><E112/><V30/><F101/><W81/><G127/><T111/><D47/><U27/><E131/><V20/><F53/><W83/><G3/><T76/><D85/><U103/><E103/><V23/><F30/><W54/><G102/><T32/><D76/><U84/><E27/><V128/><F5/><W86/><G33/><N who="0" m="12907" /><D31/><U129/><E129/><V26/><F26/><W28/><G28/><T95/><D95/><U61/><E61/><V14/><F14/><W120/><G29/><T64/><D64/><U118/><E118/><AGARI ba="0,0" hai="62,66,70,104,107,109,110,111,116,118,119" m="12907" machi="118" ten="40,2600,0" yaku="14,1,23,1" doraHai="75" who="0" fromWho="1" sc="194,26,216,-26,390,0,200,0" />
</Scene>
<Scene>
<INIT seed="4,0,0,2,5,106" ten="220,190,390,200" oya="0" hai0="67,75,69,19,72,6,8,53,1,107,84,81,30" hai1="85,29,40,61,4,47,105,58,25,91,2,123,82" hai2="43,59,13,97,14,132,44,92,80,51,133,23,87" hai3="66,12,86,127,68,54,108,110,125,104,42,117,50"/><T100/><D30/><U95/><E105/><V26/><F132/><W115/><G104/><T18/><D53/><U10/><E123/><V62/><F87/><W45/><G12/><T124/><D124/><N who="3" m="47689" /><G86/><T65/><D65/><U134/><E134/><V32/><F80/><W55/><G117/><T46/><D46/><U7/><E7/><V0/><F0/><W36/><G115/><T9/><D67/><U41/><E47/><V52/><F32/><W5/><G5/><T98/><D69/><U11/><E11/><V64/><F133/><W113/><G113/><T94/><D107/><U22/><REACH who="1" step="1"/><E82/><REACH who="1" ten="220,180,390,200" step="2"/><V96/><F43/><W38/><G42/><T74/><REACH who="0" step="1"/><D8/><REACH who="0" ten="210,180,390,200" step="2"/><U120/><E120/><V103/><REACH who="2" step="1"/><F97/><REACH who="2" ten="210,180,380,200" step="2"/><W119/><G108/><T128/><D128/><U20/><E20/><V73/><F73/><W126/><G110/><T79/><AGARI ba="0,3" hai="1,6,9,18,19,72,74,75,79,81,84,94,98,100" machi="79" ten="30,18000,2" yaku="1,1,0,1,52,3,53,1" doraHai="106" doraHaiUra="93" who="0" fromWho="0" sc="210,210,180,-60,380,-60,200,-60" />
</Scene>
<Scene>
<INIT seed="4,1,0,2,5,38" ten="420,120,320,140" oya="0" hai0="34,94,75,52,60,84,91,103,57,37,36,56,129" hai1="110,8,16,22,92,134,67,72,119,28,102,79,0" hai2="88,68,113,105,100,80,30,109,59,117,115,118,27" hai3="125,6,114,23,13,9,50,4,130,95,76,15,121"/><T73/><D34/><U74/><E110/><V78/><F68/><W135/><G114/><N who="2" m="43529" /><F109/><W123/><G125/><T99/><D129/><U53/><E119/><N who="2" m="45579" /><F59/><W107/><G107/><T55/><D37/><U87/><E67/><V25/><F30/><W18/><G76/><T111/><D36/><U64/><E64/><V86/><F100/><W47/><G130/><T43/><D43/><U45/><E28/><V112/><F105/><W42/><G135/><T66/><D111/><U24/><E134/><V122/><F122/><N who="3" m="46603" /><G95/><T71/><D71/><U127/><E127/><V126/><F126/><W65/><G65/><T108/><D108/><U90/><E102/><V51/><F112/><W93/><G93/><T69/><D69/><U58/><E45/><V104/><F51/><W96/><G96/><T49/><D66/><U81/><E8/><V1/><F1/><W101/><G101/><T98/><D99/><U89/><E0/><V120/><F120/><W97/><G97/><T35/><D35/><U63/><REACH who="1" step="1"/><E90/><REACH who="1" ten="420,110,320,140" step="2"/><V29/><F29/><W19/><AGARI ba="1,1" hai="4,6,9,13,15,18,19,23,42,47,50" m="46603" machi="19" ten="30,2000,0" yaku="13,1,52,1" doraHai="38" who="3" fromWho="3" sc="420,-11,110,-6,320,-6,140,33" />
</Scene>
<Scene>
<INIT seed="5,0,0,1,1,26" ten="409,104,314,173" oya="1" hai0="94,91,99,9,73,31,58,48,17,72,0,19,3" hai1="112,68,69,50,20,56,62,55,36,42,123,15,52" hai2="102,67,93,118,124,70,106,66,125,79,71,82,13" hai3="18,30,60,83,126,97,16,27,95,37,98,33,80"/><U122/><E15/><V119/><F106/><W44/><G126/><N who="2" m="48745" /><F102/><W65/><G83/><T14/><D3/><U63/><E20/><V131/><F93/><W84/><G37/><T134/><D134/><U105/><E105/><V133/><F13/><W85/><G44/><T25/><D17/><U130/><E112/><V104/><F104/><W28/><G28/><T49/><D49/><U34/><E34/><V57/><F131/><W92/><G85/><T54/><D0/><U120/><E130/><V8/><F8/><W47/><G47/><T107/><D107/><U23/><E23/><AGARI ba="0,0" hai="9,14,19,23,25,31,48,54,58,72,73,91,94,99" machi="23" ten="30,2000,0" yaku="7,1,52,1" doraHai="26" who="0" fromWho="1" sc="409,20,104,-20,314,0,173,0" />
</Scene>
<Scene>
<INIT seed="6,0,0,1,4,6" ten="429,84,314,173" oya="2" hai0="22,26,111,75,28,8,114,99,56,90,37,91,126" hai1="44,108,49,10,107,13,134,5,46,23,34,70,130" hai2="81,109,30,127,45,103,18,29,84,92,11,41,39" hai3="51,55,133,131,64,32,87,77,33,110,66,132,38"/><V60/><F127/><W58/><G38/><T82/><D37/><U106/><E108/><V115/><F115/><W128/><G110/><T73/><D111/><U62/><E34/><N who="3" m="13418" /><G77/><T35/><D126/><U57/><E134/><N who="3" m="51818" /><G87/><T135/><D56/><U4/><E130/><AGARI ba="0,0" hai="51,55,58,64,66,128,130,131" m="51818,13418" machi="130" ten="40,2600,0" yaku="19,1,20,1" doraHai="6" who="3" fromWho="1" sc="429,0,84,-26,314,0,173,26" />
</Scene>
<Scene>
<INIT seed="7,0,0,1,5,81" ten="429,58,314,199" oya="3" hai0="79,61,18,15,55,97,9,122,30,54,94,23,58" hai1="43,83,2,102,111,106,12,42,129,7,132,70,36" hai2="121,92,125,10,96,130,44,101,120,118,5,13,59" hai3="48,41,64,68,3,109,127,14,87,107,77,74,38"/><W39/><G3/><T85/><D122/><U135/><E12/><V20/><F118/><W40/><G127/><T24/><D85/><U82/><E2/><V56/><F125/><W8/><G107/><T131/><D131/><U112/><E106/><V90/><F130/><W69/><G74/><T117/><D117/><U98/><E129/><V72/><F72/><W60/><G69/><T91/><D79/><U88/><E70/><V35/><F35/><W4/><G109/><T133/><D133/><U22/><E111/><V32/><F32/><W11/><G11/><T28/><D28/><U19/><E7/><V86/><F44/><N who="3" m="25607" /><G41/><T124/><D124/><U113/><E36/><V6/><F6/><W71/><G71/><T67/><AGARI ba="0,0" hai="9,15,18,23,24,30,54,55,58,61,67,91,94,97" machi="67" ten="20,2700,0" yaku="0,1,7,1,8,1" doraHai="81" who="0" fromWho="0" sc="429,27,58,-7,314,-7,199,-13" owari="456,55.0,51,-45.0,307,11.0,186,-21.0" />
</Scene>
</mjloggm>