<mjloggm ver="2.3"><GO type="169" lobby="0"/><UN n0="%E3%82%A2%E3%82%AB%E3%82%AE%EF%BC%A0%E5%B7%9D%E6%9D%91%E8%BB%8D%E5%9B%A3" n1="%E5%A4%AA%E3%81%8F%E3%81%AA%E3%81%84%E3%81%8A" n2="%70%69%6E%70%69%6E%36" n3="%E3%83%81%E3%83%A3%E3%82%A4%E3%82%B8" dan="16,19,16,16" rate="2094.38,2287.58,2091.52,2112.30" sx="M,F,M,M"/><TAIKYOKU oya="0"/>

<Scene>
<INIT seed="0,0,0,5,4,39" ten="250,250,250,250" oya="0" hai0="26,89,44,20,124,115,121,83,76,109,120,6,129" hai1="37,18,73,64,33,30,66,101,88,29,130,91,11" hai2="5,52,12,70,77,48,75,58,118,131,100,40,34" hai3="8,13,43,133,98,69,17,63,96,132,62,9,127"/><T56/><D115/><U38/><E73/><V28/><F131/><W10/><G127/><T47/><D124/><U65/><E101/><V86/><F75/><W46/><G69/><T116/><D116/><U57/><E130/><V0/><F0/><W104/><G104/><T110/><D129/><U72/><E72/><V45/><F70/><W122/><G122/><N who="0" m="47211" /><D6/><U112/><E112/><V15/><F118/><W106/><G106/><T54/><D89/><N who="1" m="34379" /><E33/><V36/><F100/><W61/><G17/><N who="0" m="12559" /><D83/><U95/><E95/><V55/><F5/><W19/><G19/><T97/><D76/><U16/><E38/><V3/><F3/><W111/><G13/><T123/><D97/><U80/><E37/><V22/><F34/><W99/><G111/><N who="0" m="42507" /><D123/><U32/><E80/><V126/><F86/><W25/><G25/><T41/><D41/><U1/><E1/><V23/><F77/><W31/><G31/><N who="1" m="11786" /><E32/><V84/><F36/><AGARI ba="0,0" hai="8,9,10,36,43,46,61,62,63,96,98,99,132,133" machi="36" ten="50,6400,0" yaku="29,2,52,1" doraHai="39" who="3" fromWho="2" sc="250,0,250,0,250,-64,250,64" />
</Scene>
<Scene>
<INIT seed="1,0,0,1,1,21" ten="250,250,186,314" oya="1" hai0="107,117,119,40,120,33,75,31,113,87,26,84,88" hai1="130,96,15,112,132,95,134,80,100,47,79,83,68" hai2="28,69,42,108,39,56,97,35,41,116,90,44,61" hai3="73,62,111,45,99,115,19,48,4,110,36,52,20"/><U64/><E47/><V43/><F108/><N who="3" m="41515" /><G73/><T17/><D113/><U63/><E112/><V85/><F69/><W81/><G115/><T5/><D75/><U30/><E130/><V22/><F116/><W118/><G118/><T3/><D107/><U11/><E30/><V6/><F35/><W114/><G114/><T133/><D133/><N who="1" m="51307" /><E79/><V18/><F97/><W66/><G4/><AGARI ba="0,0" hai="4,11,15,63,64,68,80,83,95,96,100" m="51307" machi="4" ten="30,1500,0" yaku="20,1" doraHai="21" who="1" fromWho="3" sc="250,0,250,15,186,0,314,-15" />
</Scene>
<Scene>
<INIT seed="1,1,0,4,2,79" ten="250,265,186,299" oya="1" hai0="17,50,121,98,38,67,90,1,91,58,120,40,29" hai1="35,126,93,4,53,113,2,30,24,12,110,117,52" hai2="94,105,46,11,18,43,82,128,47,28,71,115,42" hai3="8,114,85,129,123,118,131,111,135,70,22,68,54"/><U127/><E113/><V25/><F105/><W125/><G85/><T69/><D1/><U9/><E117/><V130/><F115/><W14/><G54/><N who="0" m="32087" /><D29/><U27/><E110/><V119/><F71/><W62/><G62/><N who="0" m="40183" /><D17/><U45/><E27/><V13/><F119/><W57/><G57/><T108/><D108/><U77/><E77/><V61/><F94/><W101/><G101/><T80/><D98/><U20/><E93/><V96/><F96/><W83/><G83/><T132/><D132/><U10/><E45/><V49/><F82/><W64/><G64/><T26/><D26/><U72/><E72/><V55/><F61/><W39/><G70/><T34/><D34/><U0/><E0/><V133/><F133/><W124/><G68/><T5/><D5/><N who="1" m="3151" /><E35/><V63/><F63/><W36/><G111/><T6/><D6/><U32/><E32/><V16/><F18/><W66/><G66/><T99/><D99/><U41/><E41/><V103/><F103/><W59/><G118/><T88/><D80/><U95/><E95/><V106/><F106/><W37/><G114/><T86/><D86/><U75/><E75/><V97/><F97/><W89/><G135/><T56/><D56/><U134/><E134/><V73/><F73/><W74/><G59/><T60/><D60/><U102/><E102/><V81/><F81/><W100/><G74/><T78/><D78/><U3/><E3/><V122/><F25/><W104/><G100/><T48/><D38/><U7/><E7/><V44/><F13/><W87/><G104/><T65/><D65/><U15/><E2/><RYUUKYOKU ba="1,0" sc="250,15,265,15,186,-15,299,-15" hai0="40,48,88,90,91,120,121" hai1="4,9,15,20,24,30,52,53,126,127" />
</Scene>
<Scene>
<INIT seed="1,2,0,1,1,122" ten="265,280,171,284" oya="1" hai0="98,64,128,60,6,5,52,102,112,48,76,88,35" hai1="97,103,104,33,68,70,47,65,87,119,132,27,31" hai2="8,39,41,0,13,93,66,38,16,107,29,135,10" hai3="125,118,20,114,77,53,79,92,130,115,133,51,21"/><U111/><E119/><V2/><F107/><W40/><G118/><T63/><D112/><U82/><E132/><V34/><F135/><W32/><G32/><T134/><D134/><U50/><E111/><V129/><F129/><W7/><G130/><T91/><D35/><U4/><E4/><V83/><F66/><W56/><G125/><T78/><D128/><U95/><E95/><V46/><F38/><W62/><G133/><T12/><D102/><U94/><E94/><V81/><F93/><W28/><G7/><T109/><D98/><U45/><E50/><V72/><F72/><W18/><G114/><T126/><D126/><U100/><E100/><V131/><F131/><W26/><G115/><T106/><D106/><U99/><E99/><V49/><F39/><W124/><G124/><T42/><D42/><U71/><REACH who="1" step="1"/><E65/><REACH who="1" ten="265,270,171,284" step="2"/><V75/><F49/><W37/><G37/><T15/><D64/><U69/><N who="1" m="17408" /><DORA hai="61" /><U80/><E80/><V108/><F83/><W110/><G110/><T3/><D48/><U73/><E73/><V36/><F108/><W54/><G92/><T123/><D109/><U25/><E25/><V86/><F75/><W1/><G40/><T120/><D3/><U19/><E19/><V85/><F81/><W127/><G1/><T23/><D52/><U9/><E9/><V14/><F0/><W58/><REACH who="3" step="1"/><G127/><REACH who="3" ten="265,270,171,274" step="2"/><T57/><D5/><U11/><E11/><V84/><F2/><W105/><G105/><T43/><D6/><U101/><E101/><V24/><F8/><W44/><G44/><T116/><D43/><U74/><E74/><RYUUKYOKU ba="2,2" sc="265,-30,270,10,171,10,274,10" hai1="27,31,33,45,47,82,87,97,103,104" hai2="10,13,14,16,24,29,34,36,41,46,84,85,86" hai3="18,20,21,26,28,51,53,54,56,58,62,77,79" />
</Scene>
<Scene>
<INIT seed="1,3,2,4,3,103" ten="235,280,181,284" oya="1" hai0="19,66,58,23,127,76,115,18,42,49,88,9,73" hai1="7,108,91,4,3,59,43,110,11,61,5,122,8" hai2="14,34,96,85,120,70,118,25,84,33,128,6,133" hai3="67,116,112,60,28,107,130,56,106,48,63,45,83"/><U50/><E122/><V37/><F118/><W92/><G112/><T57/><D115/><U46/><E91/><V105/><F120/><W80/><G60/><N who="0" m="38159" /><D73/><U39/><E39/><V40/><F128/><W21/><G130/><T117/><D117/><U97/><E97/><V101/><F133/><W2/><G2/><T79/><D127/><U31/><E31/><V100/><F70/><W20/><G116/><T132/><D132/><U111/><REACH who="1" step="1"/><E3/><REACH who="1" ten="235,270,181,284" step="2"/><V53/><F96/><W55/><G80/><T68/><D88/><U124/><E124/><V125/><F125/><W75/><G28/><T129/><D129/><U109/><N who="1" m="27648" /><DORA hai="104" /><U52/><AGARI ba="3,3" hai="4,5,7,8,11,43,46,50,52,59,61" m="27648" machi="52" ten="60,24000,3" yaku="1,1,4,1,0,1,14,1,10,1,54,1,53,4" doraHai="103,104" doraHaiUra="65,123" who="1" fromWho="1" sc="235,-83,270,279,181,-83,284,-83" />
</Scene>
<Scene>
<INIT seed="1,4,0,2,4,125" ten="152,549,98,201" oya="1" hai0="24,114,14,61,55,124,131,73,135,44,85,129,104" hai1="130,57,78,37,89,116,98,86,83,72,1,122,109" hai2="75,133,67,62,53,113,123,10,134,108,103,15,22" hai3="28,76,92,70,45,106,50,5,2,8,43,97,100"/><U69/><E69/><V80/><F108/><W132/><G70/><T71/><D73/><U25/><E37/><V11/><F123/><W7/><G132/><N who="2" m="50793" /><F113/><W59/><G28/><T13/><D135/><U9/><E122/><V68/><F103/><W49/><G7/><T40/><D114/><U51/><E116/><V63/><F63/><W102/><G76/><T110/><D124/><U54/><E109/><V23/><F53/><W42/><G102/><T87/><D104/><U38/><E38/><V41/><F41/><W6/><G6/><T26/><D110/><U12/><E1/><V95/><F95/><W16/><G106/><T31/><D71/><U111/><E111/><V115/><F115/><W88/><G100/><T48/><D61/><U128/><E98/><V20/><F15/><N who="0" m="5642" /><D40/><U52/><E54/><V65/><F65/><W77/><G77/><AGARI ba="4,0" hai="10,11,20,22,23,62,67,68,75,77,80" m="50793" machi="77" ten="30,1000,0" yaku="20,1" doraHai="125" who="2" fromWho="3" sc="152,0,549,0,98,22,201,-22" />
</Scene>
<Scene>
<INIT seed="2,0,0,3,4,73" ten="152,549,120,179" oya="2" hai0="26,87,25,99,0,70,65,64,128,83,9,17,27" hai1="56,13,124,57,135,88,89,8,125,11,122,110,54" hai2="38,104,20,59,103,72,24,126,69,35,131,121,42" hai3="58,123,100,7,44,43,74,106,46,34,130,6,63"/><V105/><F121/><W2/><G123/><T84/><D128/><U80/><E122/><V45/><F69/><W81/><G34/><T96/><D0/><U92/><E110/><V28/><F131/><W22/><G130/><T82/><D70/><U113/><E113/><V61/><F126/><W76/><G22/><T71/><D71/><U31/><E31/><V37/><F37/><W14/><G2/><T36/><D36/><U109/><E109/><V40/><F40/><W18/><G100/><T3/><D3/><U97/><E135/><V127/><F127/><N who="1" m="48713" /><E8/><V21/><F72/><W1/><G106/><T115/><D115/><U90/><E80/><N who="0" m="30761" /><D17/><N who="1" m="8383" /><E57/><V5/><F5/><W60/><G60/><AGARI ba="0,0" hai="54,56,60,88,89,90,92,97" m="8383,48713" machi="60" ten="30,2000,0" yaku="18,1,54,1" doraHai="73" who="1" fromWho="3" sc="152,0,549,20,120,0,179,-20" />
</Scene>
<Scene>
<INIT seed="3,0,0,3,1,93" ten="152,569,120,159" oya="3" hai0="23,7,89,26,70,131,65,10,76,91,103,12,109" hai1="92,85,81,77,110,124,99,20,39,105,98,17,74" hai2="45,46,69,2,107,97,28,104,30,59,96,118,119" hai3="120,16,37,94,64,51,14,21,67,57,3,112,114"/><W55/><G37/><T71/><D109/><U117/><E39/><V4/><F59/><W82/><G120/><T50/><D131/><U5/><E5/><V60/><F60/><W123/><G3/><T24/><D76/><U128/><E110/><V47/><F69/><W66/><G123/><T13/><D103/><U83/><E128/><V75/><F75/><W15/><G82/><T133/><D133/><U121/><E121/><V22/><F22/><W132/><G132/><T113/><D113/><U33/><E33/><V108/><F108/><W116/><G116/><N who="2" m="44585" /><F4/><W42/><G42/><T80/><D65/><U95/><E124/><V52/><F52/><W43/><G43/><T29/><D71/><U100/><E117/><V78/><F78/><W68/><G68/><T127/><D70/><U36/><E36/><V40/><F40/><W6/><G6/><T18/><D127/><U129/><E129/><V111/><F2/><W56/><G56/><T0/><D50/><U73/><E20/><V86/><F86/><W61/><G61/><T19/><D80/><U27/><E27/><N who="0" m="10281" /><D91/><N who="1" m="51647" /><E17/><N who="0" m="6153" /><D89/><N who="1" m="55567" /><E73/><V9/><F9/><W41/><G41/><T101/><D101/><U79/><E79/><V122/><F122/><W130/><G130/><T11/><D11/><U102/><E102/><N who="2" m="62535" /><F111/><W135/><G135/><T115/><D115/><U90/><E90/><V34/><F34/><W32/><G32/><T126/><D126/><U87/><E74/><V48/><F48/><W53/><G53/><T49/><D49/><U72/><E72/><V88/><F88/><W44/><G112/><T134/><D134/><RYUUKYOKU ba="0,0" sc="152,10,569,10,120,10,159,-30" hai0="0,7,10,12,13,23,29" hai1="77,81,87,95,99,100,105" hai2="28,30,45,46,47,97,107" />
</Scene>
<Scene>
<INIT seed="4,1,0,3,2,133" ten="162,579,130,129" oya="0" hai0="60,3,21,10,107,113,65,132,120,95,123,75,27" hai1="126,61,106,25,71,122,94,127,36,15,31,35,93" hai2="41,92,67,78,109,116,26,63,114,20,100,72,28" hai3="33,89,59,90,91,87,52,83,86,117,85,64,32"/><T112/><D107/><U56/><E122/><N who="0" m="46633" /><D75/><U105/><E36/><V5/><F109/><W51/><G117/><T8/><D95/><N who="1" m="36363" /><E15/><V102/><F114/><N who="0" m="44138" /><D132/><U7/><E7/><V45/><F116/><W101/><G101/><T125/><D3/><U115/><E71/><V69/><F5/><W13/><G83/><T74/><D74/><U44/><E44/><V124/><F124/><N who="1" m="47657" /><E115/><V58/><F69/><W14/><REACH who="3" step="1"/><G64/><AGARI ba="1,0" hai="25,31,35,56,61,64,105,106" m="47657,36363" machi="64" ten="30,7700,0" yaku="18,1,52,3" doraHai="133" who="1" fromWho="3" sc="162,0,579,80,130,0,129,-80" />
</Scene>
<Scene>
<INIT seed="5,0,0,1,5,33" ten="162,659,130,49" oya="1" hai0="88,54,22,7,70,133,132,91,48,113,50,14,20" hai1="37,116,106,107,62,135,4,69,97,115,95,16,108" hai2="96,119,2,75,93,85,134,36,9,98,126,45,26" hai3="18,57,109,117,58,52,19,28,101,120,131,17,74"/><U105/><E116/><V89/><F119/><W129/><G101/><T49/><D70/><U80/><E37/><V124/><F75/><W47/><G74/><T3/><D54/><U94/><E4/><V100/><F134/><N who="0" m="51818" /><D113/><U0/><E0/><V59/><F59/><W15/><G117/><T103/><D103/><U66/><E135/><V5/><F26/><W40/><G109/><T122/><D122/><U67/><E115/><V121/><F121/><W39/><G120/><T125/><D125/><N who="2" m="48234" /><F100/><W76/><G76/><T24/><D14/><U86/><E66/><V60/><F60/><W114/><G114/><T127/><D127/><U87/><E108/><V27/><F27/><W68/><G68/><T99/><D99/><U56/><E97/><V111/><F111/><W53/><G15/><T128/><D128/><U10/><E69/><V118/><F118/><W12/><G12/><T44/><D44/><U32/><E105/><V30/><F30/><W79/><G79/><T83/><D24/><U35/><E56/><V71/><F71/><W112/><G112/><T31/><D31/><U61/><E67/><V25/><F25/><W51/><REACH who="3" step="1"/><G28/><REACH who="3" ten="162,659,130,39" step="2"/><T65/><D91/><U42/><E35/><V34/><F34/><W13/><G13/><T77/><D88/><U104/><E32/><V46/><F89/><W72/><G72/><T102/><D102/><U64/><E106/><V123/><F123/><W63/><AGARI ba="0,1" hai="17,18,19,39,40,47,51,52,53,57,58,63,129,131" machi="63" ten="30,7900,0" yaku="1,1,0,1,54,1,53,1" doraHai="33" doraHaiUra="38" who="3" fromWho="3" sc="162,-20,659,-39,130,-20,39,89" />
</Scene>
<Scene>
<INIT seed="6,0,0,2,1,134" ten="142,620,110,128" oya="2" hai0="59,75,2,72,118,83,63,105,37,77,112,53,15" hai1="35,57,125,62,70,120,100,78,65,86,21,90,82" hai2="33,126,3,110,67,85,113,5,10,123,103,124,121" hai3="46,11,32,22,41,106,119,81,107,56,76,47,50"/><V135/><F135/><W71/><G32/><T101/><D2/><U91/><E125/><N who="2" m="48235" /><F113/><W52/><G71/><T18/><D37/><U51/><E35/><V58/><F110/><W6/><G22/><T17/><D112/><U43/><E120/><V27/><F103/><W127/><G119/><T14/><D72/><U39/><E100/><V66/><F85/><W49/><G47/><T40/><D40/><U98/><E98/><V128/><F128/><W8/><G8/><T31/><D31/><U104/><E104/><V97/><F97/><W0/><G127/><T64/><D118/><U114/><E114/><V122/><F58/><W7/><G7/><T60/><D101/><U61/><E57/><V9/><F9/><W130/><G130/><T48/><D105/><U45/><E86/><AGARI ba="0,0" hai="0,6,11,41,46,49,50,52,56,76,81,86,106,107" machi="86" ten="30,2000,0" yaku="7,1,54,1" doraHai="134" who="3" fromWho="1" sc="142,0,620,-20,110,0,128,20" />
</Scene>
<Scene>
<INIT seed="7,0,0,3,2,74" ten="142,600,110,148" oya="3" hai0="41,48,17,3,94,110,109,114,81,86,45,95,36" hai1="14,68,97,103,93,115,49,128,123,129,134,101,58" hai2="54,27,18,0,107,8,87,12,125,24,56,16,132" hai3="82,51,59,71,15,73,75,38,6,117,76,43,99"/><W84/><G117/><T11/><D114/><U70/><E123/><V25/><F125/><W80/><G71/><T52/><D110/><U46/><E115/><V113/><F113/><W133/><G133/><T63/><D109/><U79/><E134/><V42/><F132/><W105/><G38/><T92/><D36/><U35/><E35/><V32/><F107/><W55/><G43/><T112/><D112/><U37/><E37/><V47/><F32/><W9/><G80/><T124/><D124/><U33/><E33/><V4/><F87/><W67/><G67/><T62/><D41/><N who="1" m="24783" /><E79/><V40/><F0/><W121/><G121/><T106/><D106/><U5/><E101/><V7/><F7/><W118/><G118/><T57/><D45/><U60/><E14/><N who="2" m="5383" /><F47/><W116/><G116/><T1/><D1/><U127/><E5/><V135/><F135/><W85/><G85/><T20/><D11/><U100/><E100/><V53/><F53/><W120/><G120/><T108/><D3/><U44/><E44/><V130/><F130/><N who="1" m="50281" /><E127/><V21/><F18/><W34/><G34/><T131/><D131/><U83/><E83/><V72/><F72/><W104/><G104/><T26/><D108/><U10/><E10/><V90/><F90/><AGARI ba="0,0" hai="17,20,26,48,52,57,62,63,81,86,90,92,94,95" machi="90" ten="40,2600,0" yaku="8,1,54,1" doraHai="74" who="0" fromWho="2" sc="142,26,600,0,110,-26,148,0" owari="168,-3.0,600,70.0,84,-42.0,148,-25.0" />
</Scene>
</mjloggm>