<mjloggm ver="2.3"><GO type="169" lobby="0"/><UN n0="%74%61%6B%61%79%79%79%79" n1="%EF%BC%B7%EF%BD%81%EF%BD%8C%EF%BD%8C%EF%BD%99" n2="%6B%6F%6A%69%6D%6F%6E%39" n3="%E5%A4%AA%E3%81%8F%E3%81%AA%E3%81%84%E3%81%8A" dan="16,17,16,19" rate="2099.88,2233.08,2102.38,2273.37" sx="M,M,M,F"/><TAIKYOKU oya="0"/>

<Scene>
<INIT seed="0,0,0,2,3,16" ten="250,250,250,250" oya="0" hai0="127,134,98,117,75,113,34,96,14,91,33,9,12" hai1="116,30,61,43,53,56,90,120,95,47,132,13,32" hai2="48,133,100,93,92,115,69,59,65,104,89,20,40" hai3="39,85,46,73,45,84,0,29,118,88,107,105,52"/><T55/><D117/><U83/><E120/><V57/><F115/><W125/><G73/><T129/><D113/><U18/><E116/><V4/><F4/><W7/><G118/><T11/><D75/><U24/><E132/><V2/><F2/><W41/><G125/><T79/><D79/><U60/><E83/><V5/><F5/><W49/><G84/><T109/><D134/><U74/><E74/><V8/><F8/><N who="0" m="3146" /><D129/><U42/><E60/><V25/><F133/><W78/><G78/><T19/><D91/><U121/><E121/><V37/><F37/><W80/><G7/><T106/><D55/><U94/><E94/><V131/><F131/><W36/><G0/><T135/><D135/><U126/><E126/><V87/><F104/><W71/><G71/><T111/><D127/><U63/><E63/><V50/><F69/><W10/><G10/><N who="0" m="6551" /><D14/><U67/><E13/><V3/><F3/><W31/><REACH who="3" step="1"/><G39/><REACH who="3" ten="250,250,250,240" step="2"/><T23/><D106/><AGARI ba="0,1" hai="29,31,36,41,45,46,49,52,80,85,88,105,106,107" machi="106" ten="40,8000,1" yaku="1,1,2,1,54,2,53,0" doraHai="16" doraHaiUra="17" who="3" fromWho="0" sc="250,-80,250,0,250,0,240,90" />
</Scene>
<Scene>
<INIT seed="1,0,0,0,1,118" ten="170,250,250,330" oya="1" hai0="80,44,63,104,2,56,109,98,31,71,39,81,50" hai1="25,3,91,53,32,14,132,123,70,33,20,122,86" hai2="115,11,69,96,77,42,19,30,107,129,7,84,85" hai3="64,47,1,88,57,28,87,106,110,36,74,10,92"/><U67/><E70/><V5/><F69/><W116/><G106/><T66/><D2/><U93/><E67/><V12/><F129/><W128/><G74/><T113/><D113/><U40/><E40/><V95/><F107/><W79/><G128/><T26/><D109/><U61/><E3/><V4/><F115/><W126/><G110/><T43/><D39/><U23/><E132/><V24/><F42/><W34/><G116/><T108/><D108/><U55/><E14/><V35/><REACH who="2" step="1"/><F77/><REACH who="2" ten="170,250,240,330" step="2"/><W131/><G79/><T94/><D71/><U100/><E122/><V114/><F114/><W134/><G131/><T65/><D104/><U97/><E123/><V72/><F72/><W73/><G73/><T9/><D66/><U90/><E53/><V8/><F8/><W29/><G10/><T89/><REACH who="0" step="1"/><D9/><REACH who="0" ten="160,250,240,330" step="2"/><U58/><E20/><AGARI ba="0,2" hai="20,26,31,43,44,50,56,63,65,80,81,89,94,98" machi="20" ten="30,8000,1" yaku="1,1,2,1,7,1,8,1,53,1" doraHai="118" doraHaiUra="21" who="0" fromWho="1" sc="160,100,250,-80,240,0,330,0" />
</Scene>
<Scene>
<INIT seed="2,0,0,4,1,97" ten="260,170,240,330" oya="2" hai0="96,45,57,105,4,52,8,87,14,3,47,109,13" hai1="50,95,32,43,71,90,44,15,119,21,33,48,118" hai2="22,89,28,56,12,39,94,30,121,128,99,18,20" hai3="86,103,125,37,9,83,107,41,31,76,122,10,126"/><V135/><F121/><W129/><G122/><T80/><D109/><U77/><E71/><V69/><F39/><W24/><G129/><T36/><D36/><U51/><E77/><V131/><F69/><W73/><G86/><T85/><D85/><U19/><E33/><V74/><F74/><W29/><G41/><T17/><D3/><U130/><E32/><V53/><F135/><W78/><G78/><T100/><D14/><U61/><E61/><V63/><REACH who="2" step="1"/><F22/><REACH who="2" ten="260,170,230,330" step="2"/><W62/><G37/><T104/><D104/><U11/><E130/><AGARI ba="0,1" hai="12,18,20,28,30,53,56,63,89,94,99,128,130,131" machi="130" ten="40,7700,0" yaku="1,1,2,1,19,1,53,0" doraHai="97" doraHaiUra="117" who="2" fromWho="1" sc="260,0,170,-77,230,87,330,0" />
</Scene>
<Scene>
<INIT seed="2,1,0,5,2,93" ten="260,93,317,330" oya="2" hai0="126,33,10,55,13,83,59,101,21,82,41,51,106" hai1="115,5,114,48,49,8,44,73,66,76,111,72,89" hai2="78,47,84,52,86,68,54,31,12,123,39,16,109" hai3="56,97,25,67,45,127,70,74,1,121,30,100,43"/><V18/><F123/><W9/><G121/><T42/><D33/><U75/><E76/><V3/><F3/><W17/><G74/><T58/><D126/><U4/><E66/><V99/><F68/><W135/><G127/><T61/><D21/><U104/><E104/><V53/><F109/><W22/><G70/><T19/><D106/><U113/><E111/><V98/><F31/><W57/><G135/><T103/><D101/><U81/><E81/><N who="0" m="30729" /><D103/><U94/><E44/><V117/><F117/><W14/><G67/><AGARI ba="1,0" hai="10,13,19,41,42,51,55,58,59,61,67" m="30729" machi="67" ten="30,1000,0" yaku="8,1" doraHai="93" who="0" fromWho="3" sc="260,13,93,0,317,0,330,-13" />
</Scene>
<Scene>
<INIT seed="3,0,0,2,2,4" ten="273,93,317,317" oya="3" hai0="134,132,34,9,126,82,73,29,119,87,76,130,121" hai1="18,59,51,35,39,33,2,40,44,109,124,102,74" hai2="6,52,50,46,57,1,36,12,131,70,60,45,13" hai3="14,0,20,91,11,133,26,85,100,90,107,63,113"/><W10/><G113/><T96/><D121/><U125/><E74/><V89/><F131/><W111/><G133/><N who="0" m="51307" /><D130/><U8/><E102/><V38/><F89/><W56/><G0/><T22/><D126/><U93/><E93/><V95/><F95/><N who="3" m="54735" /><G107/><T54/><D119/><U58/><E109/><V127/><F127/><N who="1" m="48713" /><E39/><V108/><F108/><W83/><G100/><T23/><D96/><U17/><E17/><V42/><F38/><W71/><G71/><T55/><D73/><U37/><E2/><V110/><F110/><W115/><G115/><T30/><D34/><N who="1" m="12811" /><E37/><V101/><F101/><W94/><G83/><T114/><D114/><U41/><E41/><V128/><F128/><W98/><G14/><AGARI ba="0,0" hai="8,14,18,40,44,51,58,59" m="12811,48713" machi="14" ten="30,2000,0" yaku="18,1,52,1" doraHai="4" who="1" fromWho="3" sc="273,0,93,20,317,0,317,-20" />
</Scene>
<Scene>
<INIT seed="4,0,0,3,5,22" ten="273,113,317,297" oya="0" hai0="97,52,77,36,34,54,89,70,16,12,6,64,110" hai1="46,50,109,7,82,10,102,39,112,124,60,65,119" hai2="17,135,92,57,116,20,117,66,42,51,128,104,0" hai3="61,131,47,33,68,53,129,58,106,96,1,125,9"/><T105/><D36/><U5/><E119/><V132/><F104/><W93/><G106/><T38/><D38/><U126/><E109/><V45/><F0/><W118/><G118/><N who="2" m="45673" /><F92/><W41/><G33/><T40/><D40/><U111/><E111/><V113/><F113/><W18/><G68/><T26/><D6/><U8/><E39/><V79/><F79/><W81/><G81/><T62/><D89/><U127/><E82/><V87/><F87/><W121/><G125/><T15/><D77/><U29/><E102/><V98/><F98/><W23/><G9/><N who="0" m="6159" /><D15/><U31/><E112/><V74/><F74/><W120/><G1/><T32/><D32/><U11/><E50/><V100/><F100/><W86/><G120/><T44/><D44/><U24/><E46/><V27/><F128/><W90/><G121/><T2/><D2/><U99/><E99/><V69/><F69/><W101/><G101/><N who="0" m="62639" /><D110/><U107/><E107/><V48/><F48/><N who="3" m="26735" /><G86/><T130/><D130/><U84/><E84/><V71/><F71/><W108/><G108/><T13/><D13/><U4/><E24/><V28/><F28/><AGARI ba="0,0" hai="26,28,34,52,54,62,64,70" m="62639,6159" machi="28" ten="30,11600,0" yaku="25,1,52,1,54,2" doraHai="22" who="0" fromWho="2" sc="273,116,113,0,317,-116,297,0" />
</Scene>
<Scene>
<INIT seed="4,1,0,3,2,44" ten="389,113,201,297" oya="0" hai0="105,37,20,96,41,128,42,43,59,65,113,63,19" hai1="101,45,85,39,23,46,70,100,98,11,5,110,34" hai2="33,103,117,104,56,119,60,77,112,61,132,73,32" hai3="12,115,102,47,13,50,135,28,123,99,122,36,126"/><T18/><D128/><U95/><E70/><V97/><F112/><W75/><G36/><T87/><D113/><U76/><E34/><V67/><F132/><W134/><G75/><T57/><D37/><U9/><E110/><V16/><F77/><W62/><G28/><T111/><D111/><U8/><E100/><V68/><F73/><W118/><G118/><T0/><D0/><U71/><E71/><V79/><F79/><W53/><G115/><T114/><D114/><U90/><E39/><V51/><F51/><W106/><G126/><T130/><D130/><U10/><E76/><V89/><F89/><W6/><G62/><N who="0" m="38095" /><D105/><U54/><E54/><V7/><F7/><W22/><G22/><T2/><D2/><U94/><REACH who="1" step="1"/><E23/><REACH who="1" ten="389,103,201,297" step="2"/><V27/><F33/><W4/><G134/><T78/><D20/><U127/><E127/><V129/><F129/><W91/><G135/><T24/><D78/><U26/><E26/><V121/><F32/><W93/><G102/><T30/><D24/><U14/><AGARI ba="1,1" hai="5,8,9,10,11,14,45,46,85,90,94,95,98,101" machi="14" ten="30,4000,0" yaku="1,1,0,1,8,1,53,0" doraHai="44" doraHaiUra="125" who="1" fromWho="1" sc="389,-21,103,53,201,-11,297,-11" />
</Scene>
<Scene>
<INIT seed="5,0,0,1,5,118" ten="368,156,190,286" oya="1" hai0="126,113,114,44,117,31,11,33,68,67,57,130,127" hai1="26,84,104,39,23,38,80,100,111,40,35,75,82" hai2="46,6,2,69,132,18,134,133,55,103,92,47,5" hai3="86,78,42,96,65,77,37,88,91,76,98,70,1"/><U27/><E75/><V101/><F69/><W107/><G1/><T115/><D117/><U62/><E104/><V7/><F2/><W32/><G32/><T41/><D11/><U135/><E35/><V83/><F83/><W122/><G37/><N who="0" m="21551" /><D31/><U51/><E100/><V22/><F92/><N who="3" m="56327" /><G65/><T34/><D130/><U94/><E111/><V58/><F101/><N who="3" m="62903" /><G42/><T109/><D109/><U95/><E135/><V81/><F81/><N who="1" m="31337" /><E38/><V112/><F103/><W116/><G70/><T12/><D12/><U108/><E39/><V102/><F102/><W124/><G116/><T30/><D57/><U54/><E84/><V71/><F71/><W24/><G24/><N who="1" m="9258" /><E108/><V90/><F90/><W45/><G91/><T59/><D33/><U36/><E36/><V131/><F131/><W123/><G86/><T60/><D34/><U16/><E40/><V61/><F112/><W52/><G77/><T14/><D14/><AGARI ba="0,0" hai="5,6,7,14,18,22,46,47,55,58,61,132,133,134" machi="14" ten="50,1600,0" yaku="20,1" doraHai="118" who="2" fromWho="0" sc="368,-16,156,0,190,16,286,0" />
</Scene>
<Scene>
<INIT seed="6,0,0,4,5,18" ten="352,156,206,286" oya="2" hai0="88,35,10,62,79,112,37,19,21,48,67,95,70" hai1="56,54,34,57,41,74,17,101,115,53,31,45,128" hai2="78,59,127,58,75,20,71,1,102,97,91,60,113" hai3="14,51,80,103,122,99,105,65,94,8,64,39,29"/><V84/><F1/><W43/><G39/><T77/><D37/><U93/><E74/><V66/><F127/><W50/><G105/><T55/><D112/><U85/><E115/><V9/><F9/><W116/><G116/><T81/><D35/><U89/><E128/><V42/><F42/><W107/><G107/><T12/><D10/><U5/><E5/><V119/><F113/><W133/><G122/><T121/><D81/><U61/><E34/><V24/><F78/><W87/><G29/><T86/><D121/><U36/><E31/><V40/><F40/><W109/><G109/><T92/><D92/><U2/><E2/><V15/><F15/><W44/><G51/><T25/><D25/><U28/><E28/><V132/><F75/><W6/><G133/><T96/><D96/><U3/><E3/><V11/><F11/><W135/><G135/><T26/><D26/><U104/><E104/><V106/><F132/><W125/><G125/><T7/><D7/><U90/><E101/><V73/><F73/><W123/><G123/><T27/><D27/><U23/><E90/><AGARI ba="0,0" hai="6,8,14,43,44,50,64,65,80,87,90,94,99,103" machi="90" ten="30,2000,0" yaku="7,1,8,1" doraHai="18" who="3" fromWho="1" sc="352,0,156,-20,206,0,286,20" />
</Scene>
<Scene>
<INIT seed="7,0,0,5,2,132" ten="352,136,206,306" oya="3" hai0="5,62,58,46,131,127,6,78,21,124,75,113,105" hai1="57,7,129,114,1,126,39,32,112,121,135,87,76" hai2="72,67,80,14,35,40,100,109,115,27,53,12,13" hai3="123,42,48,59,61,17,11,66,110,45,22,18,69"/><W94/><G123/><T84/><D131/><U122/><E39/><V98/><F109/><W30/><G110/><T38/><D113/><N who="1" m="43627" /><E32/><V111/><F111/><W16/><G69/><T10/><D21/><U91/><E7/><V85/><F72/><W64/><G94/><T97/><D84/><U119/><E1/><V29/><F67/><W52/><G11/><T125/><D10/><U108/><E57/><V116/><F40/><W71/><G71/><T55/><D97/><U0/><E0/><V81/><F116/><W103/><G103/><T120/><D120/><N who="1" m="46187" /><E108/><V73/><F73/><W93/><G93/><T101/><D101/><U95/><E135/><V106/><F115/><W36/><G36/><T28/><D105/><U25/><E25/><AGARI ba="0,0" hai="16,17,18,22,25,30,42,45,48,52,59,61,64,66" machi="25" ten="40,7700,0" yaku="8,1,54,2" doraHai="132" who="3" fromWho="1" sc="352,0,136,-77,206,0,306,77" owari="352,15.0,59,-44.0,206,-19.0,383,48.0" />
</Scene>
</mjloggm>