<mjloggm ver="2.3"><GO type="169" lobby="0"/><UN n0="%E5%A4%AA%E3%81%8F%E3%81%AA%E3%81%84%E3%81%8A" n1="%E3%83%A4%E3%82%AD%E3%83%B3" n2="%E3%81%93%E3%81%98%E3%81%BE%E3%82%82%E3%82%93" n3="%6D%61%63%6A%72" dan="17,17,16,18" rate="2262.01,2107.81,2113.93,2294.26" sx="M,M,M,M"/><TAIKYOKU oya="0"/>

<Scene>
<INIT seed="0,0,0,3,4,135" ten="250,250,250,250" oya="0" hai0="4,1,107,126,104,0,99,74,128,116,76,53,46" hai1="61,11,115,94,93,29,7,69,12,16,51,47,57" hai2="14,70,119,109,114,88,127,73,97,28,35,5,121" hai3="108,38,92,39,40,8,58,56,2,78,112,3,54"/><T20/><D116/><U64/><E115/><V27/><F70/><W91/><G112/><T31/><D74/><U6/><E29/><V10/><F114/><W17/><G78/><T133/><D76/><U134/><E69/><V15/><F73/><W72/><G72/><T75/><D75/><U55/><E134/><V18/><F119/><W59/><G108/><T102/><D133/><U19/><REACH who="1" step="1"/><E7/><REACH who="1" ten="250,240,250,250" step="2"/><V32/><F109/><W77/><G17/><AGARI ba="0,1" hai="6,11,12,16,17,19,47,51,55,57,61,64,93,94" machi="17" ten="40,8000,1" yaku="1,1,2,1,8,1,54,1,53,0" doraHai="135" doraHaiUra="71" who="1" fromWho="3" sc="250,0,240,90,250,0,250,-80" />
</Scene>
<Scene>
<INIT seed="1,0,0,2,1,29" ten="250,330,250,170" oya="1" hai0="33,104,75,60,45,7,97,71,10,23,85,44,50" hai1="65,52,5,121,22,41,17,131,31,82,99,20,108" hai2="83,6,21,132,30,110,100,37,42,19,112,9,61" hai3="62,63,47,3,53,92,66,105,118,134,94,28,13"/><U46/><E121/><V51/><F110/><W64/><G3/><T59/><D75/><U27/><E131/><V34/><F132/><W54/><G105/><T56/><D23/><U8/><E65/><V106/><F112/><W129/><G28/><T11/><D85/><U102/><E82/><V90/><F61/><N who="3" m="23051" /><G13/><T43/><D33/><U119/><E119/><V36/><F100/><W96/><G96/><T89/><D11/><U88/><E108/><V86/><F106/><W124/><G92/><T0/><D45/><U109/><E109/><V130/><F130/><W91/><G91/><T87/><D104/><U111/><E111/><V68/><F68/><W4/><G94/><T133/><D97/><U67/><E67/><N who="3" m="25642" /><G4/><T126/><D71/><U38/><E8/><V32/><F30/><W58/><G129/><T70/><D70/><U24/><E5/><V15/><F6/><W79/><G79/><T125/><D133/><U12/><E12/><V114/><F21/><W69/><G134/><T81/><D60/><U80/><E80/><V49/><F114/><W122/><G69/><T18/><D18/><U1/><E1/><V25/><F25/><W123/><G118/><T73/><D73/><U55/><E88/><V128/><F128/><W101/><G101/><T113/><D113/><U95/><AGARI ba="0,0" hai="17,20,22,24,27,31,38,41,46,52,55,95,99,102" machi="95" ten="20,3900,0" yaku="0,1,7,1,54,1" doraHai="29" who="1" fromWho="1" sc="250,-13,330,39,250,-13,170,-13" />
</Scene>
<Scene>
<INIT seed="1,1,0,1,3,24" ten="237,369,237,157" oya="1" hai0="31,20,40,70,114,135,35,69,5,61,100,112,89" hai1="76,37,72,21,127,96,54,41,126,45,46,119,122" hai2="132,103,82,48,107,79,28,80,117,29,110,4,18" hai3="55,23,51,101,22,62,128,16,88,52,71,36,27"/><U32/><E119/><V9/><F117/><W30/><G36/><T95/><D35/><U65/><E122/><V81/><F110/><W87/><G128/><T118/><D118/><U59/><E76/><V44/><F132/><W109/><G109/><T56/><D135/><U121/><E72/><V60/><F79/><W75/><G75/><T66/><D5/><U25/><E121/><V93/><F107/><W47/><G101/><T84/><D40/><U63/><E96/><N who="2" m="59791" /><F4/><W129/><G129/><T7/><D7/><U74/><E74/><V1/><F1/><W42/><G71/><T67/><D100/><U78/><E78/><V10/><F60/><W105/><G105/><T57/><D57/><U49/><REACH who="1" step="1"/><E32/><REACH who="1" ten="237,359,237,157" step="2"/><V92/><F92/><N who="3" m="54303" /><G62/><T106/><D106/><U120/><E120/><V115/><F82/><W6/><G6/><T125/><D61/><U8/><E8/><V68/><F9/><W83/><G83/><T50/><D95/><U19/><AGARI ba="1,1" hai="19,21,25,37,41,45,46,49,54,59,63,65,126,127" machi="19" ten="30,3000,0" yaku="1,1,0,1,53,0" doraHai="24" doraHaiUra="94" who="1" fromWho="1" sc="237,-11,359,43,237,-11,157,-11" />
</Scene>
<Scene>
<INIT seed="1,2,0,5,0,7" ten="226,402,226,146" oya="1" hai0="58,83,35,67,48,10,42,131,112,98,28,53,123" hai1="114,132,113,9,128,122,57,116,8,49,18,22,124" hai2="79,4,12,96,39,104,117,106,103,84,76,133,86" hai3="101,78,85,126,34,60,17,27,26,70,50,32,80"/><U89/><E116/><V16/><F39/><W127/><G101/><T115/><D131/><U102/><E122/><V125/><F117/><W6/><G6/><T11/><D123/><U99/><E128/><V130/><F130/><W100/><G100/><T63/><D42/><U72/><E72/><V74/><F4/><W82/><G50/><T111/><D111/><U109/><E114/><V33/><F33/><W65/><G80/><T105/><D83/><U25/><E113/><V37/><F37/><W88/><G78/><T24/><D115/><U62/><E124/><N who="3" m="47658" /><G17/><T97/><D112/><U47/><E132/><V15/><F125/><W90/><G90/><T71/><D97/><U68/><E68/><V135/><F103/><AGARI ba="2,0" hai="10,11,24,28,35,48,53,58,63,67,71,98,103,105" machi="103" ten="40,8000,1" yaku="25,2,52,2" doraHai="7" who="0" fromWho="2" sc="226,86,402,0,226,-86,146,0" />
</Scene>
<Scene>
<INIT seed="2,0,0,0,2,71" ten="312,402,140,146" oya="2" hai0="116,73,47,54,92,42,103,135,55,132,74,69,29" hai1="52,26,126,28,125,94,87,44,68,79,127,5,24" hai2="53,12,85,4,6,107,62,58,133,17,120,7,60" hai3="36,30,93,109,9,2,98,77,11,1,66,134,59"/><V67/><F120/><W20/><G109/><T35/><D69/><U34/><E68/><V78/><F107/><W23/><G134/><N who="0" m="51243" /><D116/><U118/><E118/><V32/><F32/><W121/><G121/><T96/><D29/><U112/><E5/><V40/><F133/><W100/><G36/><N who="0" m="21959" /><D35/><U122/><E112/><V61/><F40/><W102/><G77/><T8/><D8/><N who="3" m="3145" /><G20/><T84/><D84/><U64/><E64/><V124/><F124/><W110/><G110/><T99/><D99/><U46/><E122/><V106/><F106/><W50/><G50/><T37/><D37/><U33/><E52/><AGARI ba="0,0" hai="52,54,55,73,74,92,96,103" m="21959,51243" machi="52" ten="30,3900,0" yaku="20,1,52,1,54,1" doraHai="71" who="0" fromWho="1" sc="312,39,402,-39,140,0,146,0" />
</Scene>
<Scene>
<INIT seed="3,0,0,5,4,116" ten="351,363,140,146" oya="3" hai0="46,8,127,125,73,110,100,48,109,106,5,129,92" hai1="65,21,88,78,93,25,56,86,42,59,74,68,1" hai2="63,11,20,19,35,132,122,38,30,52,44,83,79" hai3="34,120,135,14,72,103,26,111,45,77,84,9,54"/><W17/><G135/><T130/><D73/><U62/><E1/><V70/><F132/><W114/><G114/><T23/><D106/><U90/><E42/><V105/><F105/><W27/><G72/><T118/><D118/><U85/><E78/><V66/><F11/><W60/><G34/><T104/><D104/><U18/><REACH who="1" step="1"/><E74/><REACH who="1" ten="351,353,140,146" step="2"/><V3/><F3/><W91/><G77/><T131/><D131/><U12/><E12/><V75/><F75/><W133/><G133/><T128/><D130/><U119/><E119/><V6/><F79/><W95/><G111/><T37/><D129/><U102/><E102/><V80/><F38/><W126/><G103/><T117/><D37/><U124/><E124/><V71/><F122/><W24/><G126/><T16/><D117/><U22/><E22/><V134/><F20/><N who="3" m="13327" /><G120/><T41/><D128/><U94/><AGARI ba="0,1" hai="18,21,25,56,59,62,65,68,85,86,88,90,93,94" machi="94" ten="20,8000,1" yaku="1,1,0,1,7,1,9,1,54,1,53,0" doraHai="116" doraHaiUra="32" who="1" fromWho="1" sc="351,-20,353,90,140,-20,146,-40" />
</Scene>
<Scene>
<INIT seed="4,0,0,3,2,29" ten="331,443,120,106" oya="0" hai0="35,77,113,73,20,133,106,2,43,84,67,114,47" hai1="36,17,23,124,51,5,99,110,25,12,26,121,105" hai2="90,112,97,118,103,48,53,0,49,125,115,45,72" hai3="40,39,34,108,22,134,91,10,127,6,54,119,52"/><T38/><D106/><U41/><E36/><V102/><F0/><W62/><G119/><T69/><D133/><U57/><E110/><V33/><F118/><W74/><G108/><T42/><D42/><U126/><E121/><V93/><F72/><W60/><G134/><T58/><D20/><U128/><E128/><V88/><F125/><N who="1" m="48233" /><E5/><V71/><F71/><W8/><G74/><T101/><D101/><N who="2" m="38410" /><F48/><W14/><G34/><T31/><D84/><U111/><E111/><V56/><F56/><W32/><G32/><T123/><D58/><U24/><E57/><V96/><F33/><W75/><G75/><T3/><D123/><U18/><E99/><N who="2" m="37963" /><F93/><W4/><G127/><T21/><D21/><N who="1" m="11431" /><E105/><V30/><F30/><W89/><G22/><T130/><D130/><U92/><E92/><V66/><F66/><W61/><G40/><T83/><D67/><U63/><E63/><V95/><F95/><W27/><G39/><T120/><D69/><U19/><E23/><V85/><F85/><W94/><G27/><N who="0" m="18943" /><D120/><U129/><E129/><V55/><F49/><W16/><G6/><T7/><D3/><U98/><E98/><V104/><F104/><W109/><G109/><T44/><D44/><AGARI ba="0,0" hai="18,19,24,25,26,41,44,51" m="11431,48233" machi="44" ten="30,1000,0" yaku="18,1" doraHai="29" who="1" fromWho="0" sc="331,-10,443,10,120,0,106,0" />
</Scene>
<Scene>
<INIT seed="5,0,0,3,1,58" ten="321,453,120,106" oya="1" hai0="81,67,25,1,124,97,118,5,113,45,86,3,48" hai1="112,78,32,70,129,73,60,71,120,92,126,38,96" hai2="109,135,46,100,66,47,111,18,49,115,68,61,10" hai3="29,89,93,72,22,34,44,24,62,20,76,99,102"/><U54/><E120/><V125/><F125/><W26/><G72/><T51/><D118/><U119/><E119/><V123/><F123/><W132/><G132/><T106/><D124/><U77/><E32/><V50/><F100/><W95/><G76/><T79/><D113/><U23/><E126/><V15/><F135/><W6/><G6/><T133/><D133/><U30/><E38/><V130/><F130/><W104/><G44/><T35/><D67/><U27/><E112/><V56/><F56/><W53/><G53/><T41/><D48/><U14/><E73/><V90/><F90/><W128/><G128/><T91/><D35/><U9/><E71/><V83/><F83/><W69/><G26/><T28/><D25/><U31/><E31/><V63/><F115/><W4/><G4/><T84/><D28/><U108/><E108/><V8/><F66/><N who="3" m="41175" /><G95/><T94/><D5/><U64/><E54/><V80/><F80/><W85/><AGARI ba="0,0" hai="20,22,24,29,34,85,89,93,99,102,104" m="41175" machi="85" ten="30,2000,0" yaku="25,1,52,1" doraHai="58" who="3" fromWho="3" sc="321,-5,453,-10,120,-5,106,20" />
</Scene>
<Scene>
<INIT seed="6,0,0,3,4,49" ten="316,443,115,126" oya="2" hai0="133,88,50,29,127,26,48,44,85,19,20,97,87" hai1="23,54,22,102,104,92,82,109,43,122,63,3,55" hai2="105,51,96,32,100,67,7,123,77,39,69,89,5" hai3="81,119,46,14,111,25,117,59,68,60,17,130,75"/><V113/><F39/><W114/><G111/><T118/><D127/><U58/><E104/><V34/><F123/><W47/><G68/><T120/><D120/><U107/><E107/><V71/><F77/><W103/><G103/><T134/><D118/><U16/><E3/><V110/><F110/><W1/><G1/><T91/><D97/><N who="1" m="59687" /><E109/><V101/><F113/><W84/><G75/><T27/><D19/><U95/><E43/><V35/><F100/><W12/><G130/><T37/><D37/><U126/><E82/><V98/><F51/><W4/><G114/><T74/><D74/><U21/><E126/><V42/><F42/><W125/><G125/><T115/><D115/><U0/><E0/><V45/><F45/><W124/><G124/><T131/><D131/><U78/><E78/><V80/><F71/><W8/><G25/><T112/><D112/><U129/><E129/><V28/><F28/><W61/><G61/><T30/><D20/><N who="1" m="7787" /><E95/><V53/><F80/><W57/><G119/><T11/><D44/><U128/><E128/><V90/><F105/><W86/><G117/><T72/><D72/><U36/><E36/><V13/><F69/><W10/><G86/><T94/><D94/><U99/><E99/><V31/><F34/><W83/><G81/><T108/><D108/><U106/><E106/><V132/><F35/><W116/><G116/><T66/><D66/><N who="1" m="39287" /><E122/><V121/><F121/><W70/><G47/><T18/><D18/><U40/><E40/><V41/><F41/><W64/><G46/><T79/><D79/><AGARI ba="0,0" hai="4,8,10,12,14,17,57,59,60,64,70,79,83,84" machi="79" ten="30,1000,0" yaku="7,1" doraHai="49" who="3" fromWho="0" sc="316,-10,443,0,115,0,126,10" />
</Scene>
<Scene>
<INIT seed="7,0,0,1,1,66" ten="306,443,115,136" oya="3" hai0="87,17,101,83,26,31,130,97,1,112,79,45,110" hai1="63,28,132,120,76,64,70,3,77,53,118,47,125" hai2="37,69,50,36,80,93,24,57,106,122,113,15,58" hai3="96,131,25,8,46,65,114,88,135,9,43,35,127"/><W119/><G119/><T126/><D110/><U60/><E120/><V10/><F106/><W19/><G114/><T11/><D112/><U104/><E104/><V121/><F113/><W2/><G127/><T89/><D126/><U82/><E3/><V22/><F80/><W109/><G109/><T52/><D130/><U68/><E125/><V123/><F93/><N who="3" m="56359" /><G35/><T14/><D1/><U103/><E103/><V100/><F100/><W111/><G2/><T92/><D45/><U90/><E28/><V107/><F107/><W85/><G111/><T94/><D52/><U73/><E132/><V56/><F50/><N who="3" m="26975" /><G65/><T81/><REACH who="0" step="1"/><D79/><REACH who="0" ten="296,443,115,136" step="2"/><U62/><E77/><V71/><F36/><W49/><G131/><T51/><D51/><U20/><E53/><V4/><F37/><W102/><G49/><T129/><D129/><U38/><E47/><V29/><AGARI ba="0,1" hai="4,10,15,22,24,29,56,57,58,69,71,121,122,123" machi="29" ten="40,8000,1" yaku="0,1,13,1,52,2" doraHai="66" who="2" fromWho="2" sc="296,-20,443,-20,115,90,136,-40" owari="276,8.0,423,51.0,205,-19.0,96,-40.0" />
</Scene>
</mjloggm>