<mjloggm ver="2.3"><GO type="169" lobby="0"/><UN n0="%E3%81%92%E3%81%A3%E3%81%A1" n1="%E5%A4%AA%E3%81%8F%E3%81%AA%E3%81%84%E3%81%8A" n2="%E9%87%8E%E3%80%85%E5%AE%AE%E8%97%8D" n3="%E6%B0%91%E8%8A%B8" dan="16,17,16,17" rate="2046.82,2236.73,2054.91,2177.58" sx="M,M,F,M"/><TAIKYOKU oya="0"/>

<Scene>
<INIT seed="0,0,0,0,0,123" ten="250,250,250,250" oya="0" hai0="40,132,23,48,93,61,75,25,64,112,68,45,28" hai1="11,15,49,96,92,97,118,33,95,4,102,66,105" hai2="103,46,114,88,109,115,72,69,117,91,54,126,17" hai3="47,39,106,129,108,55,71,99,107,31,44,131,135"/><T41/><D112/><U79/><E118/><V43/><F72/><W0/><G0/><T101/><D75/><U12/><E33/><V133/><F69/><W27/><G71/><T86/><D132/><U90/><E79/><V21/><F103/><W119/><G119/><T53/><REACH who="0" step="1"/><D86/><REACH who="0" ten="240,250,250,250" step="2"/><U121/><E121/><V60/><F133/><W29/><G135/><T38/><D38/><U128/><E128/><V22/><F117/><W87/><G87/><T20/><D20/><U124/><E124/><V70/><F22/><W80/><G39/><T19/><D19/><U5/><E5/><V111/><F126/><W50/><G29/><T98/><AGARI ba="0,1" hai="23,25,28,40,41,45,48,53,61,64,68,93,98,101" machi="98" ten="30,3000,0" yaku="1,1,0,1,53,0" doraHai="123" doraHaiUra="8" who="0" fromWho="0" sc="240,40,250,-10,250,-10,250,-10" />
</Scene>
<Scene>
<INIT seed="0,1,0,4,1,133" ten="280,240,240,240" oya="0" hai0="77,82,37,62,103,1,12,106,118,34,114,121,60" hai1="44,76,78,75,134,110,45,126,96,115,79,24,28" hai2="112,113,100,58,17,69,31,0,16,88,99,125,48" hai3="38,46,7,32,86,54,50,56,72,84,123,80,71"/><T102/><D114/><U68/><E68/><V109/><F69/><W35/><G123/><T42/><D1/><U23/><E134/><V18/><F0/><W14/><G72/><T6/><D121/><U59/><E75/><V117/><F31/><W122/><G122/><T10/><D34/><U15/><E115/><V65/><F109/><W87/><G71/><T19/><D118/><U43/><E110/><V51/><F117/><W64/><G80/><T81/><D81/><U49/><E126/><V108/><F125/><W93/><G93/><T104/><D102/><U2/><E2/><V91/><F108/><W36/><G64/><T124/><D124/><U98/><E59/><V127/><F127/><W105/><G105/><T29/><D29/><U129/><E129/><V70/><F112/><W66/><G66/><T63/><D103/><U41/><REACH who="1" step="1"/><E15/><REACH who="1" ten="280,230,240,240" step="2"/><V90/><F70/><W94/><G56/><T135/><D135/><U47/><E47/><V111/><F111/><W39/><G14/><T25/><D12/><U57/><E57/><V83/><F113/><W20/><G46/><T33/><D25/><U116/><E116/><V74/><F58/><W130/><G130/><T120/><D120/><U52/><E52/><V97/><F65/><W61/><G54/><T11/><D60/><U55/><E55/><V21/><F74/><W132/><G61/><T8/><D62/><U101/><E101/><V95/><F100/><W67/><G67/><T3/><D63/><U27/><E27/><V40/><F40/><W131/><G131/><T30/><D42/><U89/><E89/><RYUUKYOKU ba="1,1" sc="280,-10,230,30,240,-10,240,-10" hai1="23,24,28,41,43,44,45,49,76,78,79,96,98" />
</Scene>
<Scene>
<INIT seed="1,2,1,0,2,104" ten="270,260,230,230" oya="1" hai0="84,114,103,50,54,13,67,90,55,69,131,18,97" hai1="29,32,126,124,15,65,122,72,101,133,95,35,5" hai2="76,132,94,51,53,49,8,86,127,10,88,14,91" hai3="37,112,85,36,39,130,34,45,28,80,60,73,30"/><U83/><E122/><V64/><F127/><N who="1" m="48681" /><E133/><V6/><F132/><W22/><G112/><T92/><D131/><U57/><E101/><V119/><F119/><W128/><G34/><N who="1" m="12842" /><E29/><V98/><F76/><W106/><G106/><T46/><D114/><U26/><E26/><V33/><F33/><W129/><G60/><T11/><D69/><U75/><E95/><V43/><F64/><W7/><G7/><T3/><D3/><U27/><E27/><V96/><F43/><W58/><G58/><T66/><REACH who="0" step="1"/><D54/><REACH who="0" ten="260,260,230,230" step="2"/><U87/><E65/><V48/><F10/><W134/><G134/><T116/><D116/><U68/><E68/><V78/><F78/><N who="3" m="44111" /><G22/><T17/><D17/><U40/><E40/><V9/><F9/><W108/><G28/><T24/><D24/><U89/><E57/><V12/><F12/><W102/><G30/><T23/><D23/><U62/><E62/><V47/><REACH who="2" step="1"/><F98/><REACH who="2" ten="260,260,220,230" step="2"/><W42/><G129/><T113/><D113/><U135/><E135/><V20/><F20/><W123/><G128/><T109/><D109/><U74/><E15/><V117/><F117/><W56/><G130/><T61/><D61/><U82/><E5/><V79/><F79/><W38/><G108/><T121/><D121/><U99/><E99/><V21/><F21/><W81/><G123/><T31/><D31/><U118/><E118/><V77/><F77/><N who="3" m="46255" /><G56/><T41/><D41/><U19/><E19/><V16/><F16/><W0/><G0/><T71/><D71/><U2/><E2/><V70/><F70/><W25/><G25/><T93/><AGARI ba="2,3" hai="11,13,18,46,50,55,66,67,84,90,92,93,97,103" machi="93" ten="20,5200,0" yaku="1,1,0,1,7,1,8,1,53,0" doraHai="104" doraHaiUra="107" who="0" fromWho="0" sc="260,88,260,-28,220,-15,230,-15" />
</Scene>
<Scene>
<INIT seed="2,0,0,2,5,70" ten="348,232,205,215" oya="2" hai0="53,47,105,40,94,13,55,19,81,106,85,102,25" hai1="62,89,66,114,107,37,0,63,73,8,59,10,69" hai2="75,3,29,100,11,87,32,12,99,26,79,119,22" hai3="50,46,38,93,9,44,86,5,80,68,110,118,61"/><V17/><F119/><W45/><G118/><T30/><D105/><U39/><E73/><V82/><F75/><W125/><G93/><T64/><D64/><U134/><E114/><V130/><F130/><W72/><G72/><T88/><D106/><U14/><E107/><V65/><F65/><W129/><G129/><T115/><D102/><U18/><E134/><V111/><F111/><W60/><G110/><T124/><D81/><U21/><E89/><V74/><F74/><W35/><G35/><T41/><D124/><U131/><E131/><V2/><REACH who="2" step="1"/><F32/><REACH who="2" ten="348,232,195,215" step="2"/><W48/><G125/><T103/><D115/><U84/><E84/><V123/><F123/><W92/><G68/><T43/><D85/><U97/><E97/><V24/><F24/><W120/><G120/><T54/><D25/><U128/><E128/><V42/><F42/><W127/><G127/><T15/><D41/><U33/><E33/><V58/><F58/><W71/><G71/><T20/><D40/><U6/><REACH who="1" step="1"/><E21/><REACH who="1" ten="348,222,195,215" step="2"/><V98/><F98/><W16/><G86/><T34/><D20/><U31/><E31/><V133/><F133/><W135/><G135/><T67/><D30/><U27/><E27/><V117/><F117/><W23/><G23/><T121/><D34/><U96/><E96/><V49/><F49/><W28/><G28/><T83/><D121/><U122/><E122/><V76/><F76/><W109/><G48/><T91/><D43/><U1/><E1/><V90/><F90/><W36/><G50/><T51/><D88/><U108/><E108/><V104/><AGARI ba="0,2" hai="2,3,11,12,17,22,26,29,79,82,87,99,100,104" machi="104" ten="20,7800,0" yaku="1,1,0,1,7,1,53,1" doraHai="70" doraHaiUra="7" who="2" fromWho="2" sc="348,-26,222,-26,195,98,215,-26" />
</Scene>
<Scene>
<INIT seed="2,1,0,4,1,92" ten="322,196,293,189" oya="2" hai0="112,35,88,7,80,55,121,33,8,30,49,94,90" hai1="53,127,62,24,57,11,131,15,36,86,130,135,78" hai2="26,38,110,77,128,134,23,108,66,14,17,96,47" hai3="107,73,72,91,103,74,22,115,133,37,114,64,60"/><V70/><F128/><N who="1" m="49193" /><E36/><V104/><F77/><W132/><G37/><T48/><D112/><N who="3" m="43049" /><G22/><T111/><D111/><N who="2" m="42538" /><F134/><N who="3" m="51819" /><G91/><T113/><D113/><U2/><E135/><V85/><F85/><W100/><G107/><T6/><D30/><U61/><E2/><V89/><F89/><W10/><G10/><T34/><D80/><N who="1" m="47383" /><E24/><V99/><F104/><W20/><G20/><T27/><D27/><U16/><E127/><V40/><F26/><W82/><G82/><T19/><D8/><U118/><E118/><V4/><F4/><W52/><G52/><T84/><D19/><U68/><E62/><AGARI ba="1,0" hai="14,17,23,38,40,47,62,66,70,96,99" m="42538" machi="62" ten="30,11600,0" yaku="14,1,10,1,52,2" doraHai="92" who="2" fromWho="1" sc="322,0,196,-119,293,119,189,0" />
</Scene>
<Scene>
<INIT seed="2,2,0,0,3,73" ten="322,77,412,189" oya="2" hai0="41,22,74,106,46,80,49,116,93,131,36,101,117" hai1="69,57,130,28,127,76,132,89,3,103,60,109,95" hai2="6,96,19,31,110,126,43,34,87,55,4,33,9" hai3="97,105,45,118,52,122,30,38,111,15,59,0,92"/><V120/><F120/><W2/><G105/><T124/><D131/><U88/><E3/><V65/><F43/><W135/><G122/><T20/><D124/><U108/><E69/><V61/><F4/><W54/><G118/><N who="0" m="45675" /><D93/><U81/><E130/><V112/><F31/><W51/><G111/><N who="1" m="42570" /><E127/><V56/><F56/><W84/><G135/><T18/><D36/><U134/><E28/><V77/><F19/><W29/><G84/><T58/><D58/><U94/><E103/><V100/><F126/><W48/><G38/><T72/><D72/><N who="1" m="43143" /><E95/><V40/><F100/><N who="3" m="60455" /><G0/><T70/><D70/><U119/><E119/><V64/><F110/><W86/><G2/><T8/><D101/><U23/><E23/><V47/><F33/><W79/><G15/><N who="0" m="7527" /><D106/><U83/><E83/><AGARI ba="2,0" hai="29,30,45,48,51,52,54,59,79,83,86" m="60455" machi="83" ten="30,3900,0" yaku="8,1,52,1,54,1" doraHai="73" who="3" fromWho="1" sc="322,0,77,-45,412,0,189,45" />
</Scene>
<Scene>
<INIT seed="3,0,0,0,0,54" ten="322,32,412,234" oya="3" hai0="88,71,109,51,114,84,50,18,98,13,34,33,25" hai1="108,70,60,61,9,132,11,124,24,31,119,12,1" hai2="47,66,28,3,43,37,123,6,127,107,95,19,125" hai3="5,73,15,134,46,82,32,129,41,110,4,14,7"/><W113/><G113/><T118/><D114/><U67/><E108/><V135/><F107/><W102/><G32/><T40/><D118/><U128/><E119/><V78/><F28/><W126/><G102/><T30/><D71/><U56/><E124/><N who="2" m="47691" /><F135/><W89/><G126/><T106/><D109/><U20/><E132/><V90/><F78/><W55/><G134/><T133/><D133/><U105/><E105/><V44/><F44/><W64/><G64/><T53/><D40/><U26/><E128/><V80/><F80/><W117/><G117/><T0/><D0/><U75/><E75/><V120/><F19/><W48/><G110/><T93/><D34/><U87/><E87/><N who="2" m="52703" /><F66/><W29/><G29/><T86/><D106/><U8/><E1/><V2/><F2/><W116/><G116/><T91/><D53/><U94/><E94/><V111/><F111/><W83/><G73/><T49/><REACH who="0" step="1"/><D91/><REACH who="0" ten="312,32,412,234" step="2"/><U38/><E38/><V79/><F79/><W76/><G76/><T77/><D77/><U21/><E70/><V57/><F3/><W72/><G89/><T85/><D85/><U81/><E81/><V62/><F43/><W65/><G72/><T35/><D35/><U96/><E96/><V92/><F92/><W97/><G97/><T17/><D17/><N who="1" m="12335" /><E60/><V68/><F68/><W122/><G82/><T52/><D52/><U69/><E69/><V27/><F6/><AGARI ba="0,1" hai="6,8,9,11,12,20,26,31,56,61,67" m="12335" machi="6" ten="30,2000,0" yaku="8,1,52,1" doraHai="54" who="1" fromWho="2" sc="312,0,32,30,412,-20,234,0" />
</Scene>
<Scene>
<INIT seed="4,0,0,4,1,83" ten="312,62,392,234" oya="0" hai0="23,119,94,121,117,113,61,110,126,85,4,58,81" hai1="95,128,96,51,64,9,112,82,131,10,69,97,13" hai2="1,133,55,42,0,14,6,92,3,72,12,47,91" hai3="27,34,18,99,60,57,59,39,44,62,2,67,93"/><T11/><D121/><U24/><E69/><V36/><F72/><W49/><G2/><T101/><D126/><U70/><E70/><V48/><F133/><W103/><G39/><T26/><D113/><U74/><E64/><V21/><F21/><N who="3" m="13751" /><G34/><T56/><D110/><U28/><E112/><V123/><F6/><W38/><G38/><T50/><D50/><U124/><E124/><V116/><F116/><W109/><G109/><T114/><D114/><U37/><E37/><V111/><F111/><W127/><G127/><T5/><D117/><U75/><E51/><V52/><F55/><N who="3" m="30119" /><G67/><N who="0" m="39335" /><D58/><AGARI ba="0,0" hai="57,58,59,60,62,93,99,103" m="30119,13751" machi="58" ten="30,1000,0" yaku="8,1" doraHai="83" who="3" fromWho="0" sc="312,-10,62,0,392,0,234,10" />
</Scene>
<Scene>
<INIT seed="5,0,0,2,0,95" ten="302,62,392,244" oya="1" hai0="131,107,48,97,60,59,3,62,7,110,71,128,56" hai1="94,14,121,113,43,117,16,32,63,22,88,89,122" hai2="15,133,42,53,40,4,44,81,109,105,118,101,100" hai3="77,21,46,11,92,38,10,103,82,126,18,2,90"/><U67/><E117/><V119/><F109/><W28/><G103/><N who="0" m="62959" /><D110/><U5/><E113/><V134/><F81/><W129/><G28/><T111/><D111/><U132/><E132/><N who="2" m="50795" /><F53/><W98/><G129/><N who="0" m="49739" /><D48/><U12/><E32/><V115/><F115/><W125/><G38/><T57/><D71/><U31/><E31/><V58/><F58/><W130/><G46/><T41/><D41/><N who="2" m="15978" /><F44/><W99/><G99/><T52/><D62/><U66/><E43/><V73/><F73/><W9/><G2/><T86/><D86/><U83/><E83/><V37/><F37/><W49/><G49/><T112/><D112/><U36/><E36/><V78/><F78/><W0/><G0/><T45/><D45/><U104/><E104/><V24/><F105/><W51/><G51/><T54/><D54/><U120/><E94/><V87/><F87/><W26/><REACH who="3" step="1"/><G130/><REACH who="3" ten="302,62,392,234" step="2"/><T47/><D47/><U34/><E34/><V50/><F50/><W55/><G55/><T29/><D29/><U91/><REACH who="1" step="1"/><E63/><REACH who="1" ten="302,52,392,234" step="2"/><V85/><F119/><W74/><AGARI ba="0,2" hai="9,10,11,18,21,26,74,77,82,90,92,98,125,126" machi="74" ten="30,4000,0" yaku="1,1,0,1,52,1,53,0" doraHai="95" doraHaiUra="64" who="3" fromWho="3" sc="302,-10,52,-20,392,-10,234,60" />
</Scene>
<Scene>
<INIT seed="6,0,0,5,4,125" ten="292,32,382,294" oya="2" hai0="58,91,52,95,119,106,104,39,121,42,28,79,57" hai1="76,129,43,105,97,11,85,49,27,117,44,86,62" hai2="131,41,134,77,128,65,55,115,118,102,9,67,103" hai3="0,18,53,63,98,93,35,45,54,51,30,90,112"/><V61/><F118/><W1/><G112/><T130/><D121/><U17/><E117/><V124/><F115/><W4/><G4/><T22/><D119/><U40/><E40/><V15/><F41/><W89/><G30/><T32/><D79/><U70/><E105/><V37/><F37/><W33/><G0/><T6/><D6/><U21/><E97/><V12/><F77/><W94/><G1/><T84/><D32/><U16/><E70/><V92/><F124/><W48/><G63/><T20/><D130/><N who="2" m="49706" /><F15/><W120/><G18/><T80/><D42/><U69/><E129/><V82/><F82/><W109/><G109/><T23/><D39/><U107/><E107/><V64/><F92/><W111/><G111/><T13/><D13/><U100/><E100/><N who="2" m="38443" /><F134/><W87/><G120/><T74/><D95/><U10/><E69/><N who="2" m="42127" /><F55/><W60/><G93/><T14/><D14/><U34/><E34/><V83/><F83/><N who="3" m="49407" /><G33/><T66/><D104/><U29/><E62/><V38/><F38/><W36/><G36/><T68/><D80/><U135/><E135/><V19/><AGARI ba="0,0" hai="9,12,19,65,67" m="42127,38443,49706" machi="19" ten="30,11700,0" yaku="19,1,52,3" doraHai="125" who="2" fromWho="2" sc="292,-39,32,-39,382,117,294,-39" owari="253,-15.0,-7,-51.0,499,60.0,255,6.0" />
</Scene>
</mjloggm>