<mjloggm ver="2.3"><GO type="169" lobby="0"/><UN n0="%E5%A4%AA%E3%81%8F%E3%81%AA%E3%81%84%E3%81%8A" n1="%E5%91%82%E5%A7%AB" n2="%43%48%49%52%4F%52%55" n3="%E7%99%BD%E9%B9%BF%E6%84%9B%E8%8E%89" dan="18,16,16,16" rate="2193.86,2121.40,2136.33,2175.76" sx="F,F,M,F"/><TAIKYOKU oya="0"/>

<Scene>
<INIT seed="0,0,0,3,0,86" ten="250,250,250,250" oya="0" hai0="38,18,108,7,112,15,5,61,49,109,50,110,128" hai1="23,130,71,120,36,99,106,46,12,88,58,24,122" hai2="85,33,132,9,17,134,89,34,82,114,20,30,79" hai3="123,29,3,74,72,73,83,22,93,124,70,103,131"/><T59/><D38/><U118/><E71/><V44/><F114/><W115/><G115/><T67/><D128/><U135/><E118/><V51/><F9/><W64/><G3/><T62/><D112/><U116/><E116/><V39/><F39/><W13/><G124/><T37/><D37/><U100/><E130/><V10/><F10/><W27/><G123/><T91/><D62/><U45/><E12/><N who="2" m="9255" /><F30/><W90/><G70/><T81/><D81/><U102/><E102/><V55/><F79/><W52/><G64/><T63/><D63/><U125/><E125/><V84/><F85/><W121/><G121/><T48/><REACH who="0" step="1"/><D91/><REACH who="0" ten="240,250,250,250" step="2"/><U8/><E36/><V69/><F69/><W77/><G90/><T14/><D14/><U127/><E88/><V80/><F80/><W95/><G83/><T4/><D4/><U97/><E127/><V76/><F76/><W105/><G77/><T43/><D43/><U68/><E68/><V66/><F66/><W28/><G131/><T119/><D119/><U96/><E120/><V87/><F87/><W2/><G13/><T26/><D26/><U40/><E122/><V16/><F89/><W21/><G27/><T42/><D42/><U94/><E40/><V113/><F113/><W31/><G2/><T56/><D56/><U53/><E58/><V54/><F82/><W32/><G73/><T133/><D133/><U117/><E135/><V0/><F84/><W107/><G72/><T41/><D41/><U35/><E117/><V129/><F132/><W92/><G74/><T65/><D65/><U1/><E1/><V111/><F134/><RYUUKYOKU ba="0,1" sc="240,30,250,-10,250,-10,250,-10" hai0="5,7,15,18,48,49,50,59,61,67,108,109,110" />
</Scene>
<Scene>
<INIT seed="0,1,1,0,4,25" ten="270,240,240,240" oya="0" hai0="114,53,121,60,10,71,59,103,18,15,52,100,88" hai1="133,128,131,132,13,74,96,69,39,123,33,17,54" hai2="105,83,119,26,135,109,97,20,31,93,85,55,127" hai3="125,112,4,102,67,29,126,66,30,70,1,111,48"/><T50/><D114/><U57/><E69/><V110/><F135/><N who="1" m="51785" /><E39/><V107/><F127/><N who="3" m="48651" /><G111/><N who="2" m="42505" /><F55/><W72/><G112/><T19/><D121/><U40/><E40/><V58/><F58/><W124/><N who="3" m="48659" /><W101/><DORA hai="63" /><G72/><T56/><D71/><U11/><E74/><V37/><F37/><W34/><G34/><T95/><REACH who="0" step="1"/><D19/><REACH who="0" ten="260,240,240,240" step="2"/><U87/><E17/><V80/><F119/><W120/><G70/><T28/><D28/><N who="3" m="10857" /><G120/><T117/><D117/><U64/><E123/><V79/><F83/><W81/><G81/><T129/><D129/><U24/><E131/><V36/><F36/><W27/><G27/><T14/><D14/><U43/><E24/><V84/><F80/><W0/><G4/><T94/><D94/><U99/><E128/><V122/><F93/><W44/><G0/><T61/><D61/><U2/><E2/><V45/><F122/><W9/><G1/><T23/><D23/><U6/><E13/><V77/><F20/><W90/><G9/><T104/><D104/><U89/><E11/><V12/><F107/><W76/><G76/><T42/><D42/><U106/><E43/><V5/><F79/><W35/><G35/><T49/><D49/><N who="1" m="30927" /><E6/><V130/><F5/><W7/><G7/><T38/><D38/><U32/><E106/><V68/><F105/><W75/><G48/><T21/><D21/><U91/><E32/><V82/><F68/><W134/><G134/><T115/><D115/><U118/><E118/><V65/><F26/><W3/><G3/><T47/><D47/><U62/><E33/><V73/><F45/><W22/><G44/><RYUUKYOKU ba="1,2" sc="260,30,240,-10,240,-10,240,-10" hai0="10,15,18,50,52,53,56,59,60,88,95,100,103" />
</Scene>
<Scene>
<INIT seed="0,2,2,1,3,116" ten="290,230,230,230" oya="0" hai0="10,18,36,78,113,129,81,50,53,98,132,7,96" hai1="24,9,16,3,124,90,128,41,95,79,14,99,47" hai2="8,80,63,38,110,118,112,103,86,1,2,121,54" hai3="117,87,67,20,70,122,25,55,40,127,88,13,44"/><T107/><D113/><U59/><E124/><V97/><F38/><W91/><G117/><T115/><D115/><U123/><E128/><V62/><F118/><W31/><G127/><T119/><D119/><U22/><E123/><V65/><F121/><W19/><G122/><T29/><D36/><U49/><E79/><V84/><F110/><W17/><G55/><T58/><D129/><U45/><E3/><V74/><F74/><W43/><G19/><T105/><D29/><U66/><E47/><V64/><F54/><W23/><G91/><T39/><D39/><U85/><E59/><V130/><F130/><W75/><G75/><T77/><D132/><U27/><E66/><V35/><F35/><W71/><G67/><T114/><D114/><U60/><E60/><V11/><F112/><W101/><G101/><T46/><D18/><U15/><E99/><V93/><F97/><W52/><G71/><T68/><D68/><U94/><E94/><V37/><F37/><W92/><G70/><T30/><D98/><U56/><E56/><V104/><F104/><W120/><G120/><T33/><D96/><U111/><E111/><V126/><F126/><W125/><G125/><T83/><D46/><U21/><E9/><V69/><F69/><W82/><G92/><T6/><D105/><U100/><E100/><V135/><F103/><W26/><G26/><N who="0" m="18647" /><D107/><U102/><E102/><V0/><F93/><W51/><AGARI ba="2,2" hai="13,17,20,23,25,31,40,43,44,51,52,82,87,88" machi="51" ten="30,7900,0" yaku="0,1,8,1,54,2" doraHai="116" who="3" fromWho="3" sc="290,-41,230,-22,230,-22,230,105" />
</Scene>
<Scene>
<INIT seed="1,0,0,3,4,134" ten="249,208,208,335" oya="1" hai0="14,120,103,43,109,44,130,42,58,54,45,85,77" hai1="55,0,135,32,10,132,121,74,99,124,79,66,118" hai2="57,48,7,6,60,56,47,95,36,30,67,4,25" hai3="92,31,16,97,52,1,98,127,84,69,18,22,111"/><U41/><E32/><V81/><F36/><W96/><G1/><T71/><D71/><U63/><E55/><V116/><F116/><W20/><G127/><T110/><D103/><U65/><E118/><V40/><F81/><W38/><G38/><N who="0" m="21591" /><D14/><U93/><E41/><V24/><F95/><W108/><G69/><T49/><D85/><U21/><E21/><N who="3" m="8298" /><G31/><T104/><D77/><U62/><E79/><V82/><F82/><W23/><G23/><T88/><D88/><U29/><E29/><V59/><REACH who="2" step="1"/><F30/><REACH who="2" ten="249,208,198,335" step="2"/><W94/><G92/><T15/><D104/><U8/><E93/><V80/><F80/><W28/><G94/><T34/><D120/><U61/><E121/><V114/><F114/><W9/><G28/><T100/><D100/><U46/><E99/><V123/><F123/><W2/><G97/><T27/><D110/><U86/><E86/><V131/><F131/><W133/><G84/><T105/><D109/><U26/><E132/><V107/><F107/><W125/><G133/><T101/><D130/><U102/><E135/><V90/><F90/><W122/><G98/><T37/><D105/><U13/><E102/><V112/><F112/><W89/><G96/><T64/><D101/><U53/><E74/><V12/><F12/><N who="3" m="7183" /><G89/><T68/><D15/><U72/><E13/><V73/><F73/><W87/><G87/><T11/><D37/><U117/><E72/><V5/><N who="2" m="1024" /><DORA hai="75" /><V129/><F129/><W126/><G122/><T128/><D128/><U17/><E117/><V115/><F115/><W51/><G108/><T119/><D119/><U35/><E0/><RYUUKYOKU ba="0,1" sc="249,-10,208,-10,198,30,335,-10" hai2="24,25,40,47,48,56,57,59,60,67" />
</Scene>
<Scene>
<INIT seed="2,1,1,2,1,99" ten="239,198,228,325" oya="2" hai0="55,88,77,50,23,116,3,126,80,124,81,2,52" hai1="128,31,112,75,93,0,65,83,17,21,29,97,69" hai2="106,64,12,40,4,56,11,76,87,14,63,39,66" hai3="34,24,86,5,117,84,54,15,82,38,92,42,47"/><V79/><F106/><W94/><G117/><T118/><D23/><U33/><E0/><V18/><F66/><W53/><G34/><T43/><D43/><U102/><E112/><V114/><F114/><W74/><G24/><T70/><D70/><U135/><E135/><V129/><F129/><W100/><G74/><T26/><D26/><U123/><E128/><V72/><F72/><W7/><G86/><T48/><REACH who="0" step="1"/><D88/><REACH who="0" ten="229,198,228,325" step="2"/><U51/><E69/><V131/><F131/><W9/><G42/><T109/><D109/><U121/><E121/><V104/><F40/><W115/><G82/><T36/><D36/><U108/><E123/><V25/><F39/><W134/><G38/><T61/><D61/><U96/><E108/><V105/><F25/><W6/><G115/><T45/><D45/><U71/><E71/><V103/><F63/><W58/><G47/><T67/><D67/><U59/><E65/><V41/><F64/><W130/><G130/><T119/><D119/><U49/><E49/><V46/><F46/><W20/><G20/><T122/><D122/><U101/><E51/><V27/><F27/><W28/><G58/><T107/><D107/><U98/><E59/><V1/><F56/><W62/><G62/><T57/><D57/><U73/><E33/><V30/><F41/><W89/><G53/><T120/><D120/><U35/><E35/><V125/><F105/><W111/><G54/><T78/><AGARI ba="1,2" hai="2,3,48,50,52,55,77,78,80,81,116,118,124,126" machi="78" ten="25,12000,2" yaku="1,1,0,1,22,2,54,1,53,2" doraHai="99" doraHaiUra="133" who="0" fromWho="0" sc="229,143,198,-31,228,-61,325,-31" />
</Scene>
<Scene>
<INIT seed="3,0,0,4,4,42" ten="372,167,167,294" oya="3" hai0="80,108,24,93,10,128,15,8,130,68,82,50,124" hai1="58,64,69,105,96,115,123,16,78,106,95,7,18" hai2="46,112,74,110,103,17,1,131,61,100,97,51,62" hai3="83,11,55,132,127,6,12,39,31,129,45,94,119"/><W33/><G119/><T84/><D68/><U134/><E69/><V133/><F112/><W113/><G113/><T35/><D108/><U125/><E123/><V117/><F117/><W116/><G116/><T109/><D109/><U57/><E115/><V118/><F118/><W114/><G114/><T86/><D93/><U20/><E134/><V65/><F110/><W59/><G132/><T73/><D73/><U44/><E125/><V101/><F133/><W25/><G129/><T14/><D50/><U3/><E78/><V13/><F1/><W29/><G127/><T2/><D2/><U67/><E7/><V88/><F74/><W122/><G31/><T89/><D124/><U43/><E3/><V53/><F131/><N who="0" m="50218" /><D24/><U135/><E135/><V36/><F36/><W77/><G94/><T41/><D41/><U98/><E43/><V22/><F65/><W28/><G28/><T111/><D35/><U0/><E0/><V71/><F71/><W99/><G39/><T26/><D26/><U54/><E95/><AGARI ba="0,0" hai="13,17,22,46,51,53,61,62,88,95,97,100,101,103" machi="95" ten="40,5200,0" yaku="8,1,52,1,54,1" doraHai="42" who="2" fromWho="1" sc="372,0,167,-52,167,52,294,0" />
</Scene>
<Scene>
<INIT seed="4,0,0,3,0,25" ten="372,115,219,294" oya="0" hai0="74,67,12,64,104,82,23,61,117,109,43,77,36" hai1="108,7,55,34,3,93,107,35,19,27,66,9,18" hai2="58,42,98,49,0,56,111,125,83,100,16,31,59" hai3="127,113,120,44,5,68,92,95,14,47,80,10,37"/><T11/><D117/><U122/><E107/><V106/><F111/><W30/><G68/><T4/><D104/><U28/><E108/><V94/><F0/><W84/><G113/><T20/><D109/><U54/><E122/><V78/><F125/><W39/><G127/><T123/><D123/><U53/><E35/><V118/><F118/><W62/><G120/><T87/><D74/><U96/><REACH who="1" step="1"/><E66/><REACH who="1" ten="372,105,219,294" step="2"/><V131/><F106/><W63/><G37/><T129/><D129/><U52/><N who="1" m="13312" /><DORA hai="26" /><U2/><E2/><V8/><F131/><W128/><G39/><T60/><D36/><U110/><E110/><V86/><F49/><W112/><G128/><T32/><D32/><U76/><E76/><V15/><F42/><W126/><G126/><T121/><D121/><U41/><E41/><V38/><F38/><W103/><G112/><T33/><D33/><U48/><E48/><V81/><F81/><W51/><G80/><T17/><D43/><U22/><E22/><V119/><F119/><W133/><G51/><T72/><D23/><U73/><E73/><V97/><F97/><W75/><G75/><T134/><D72/><U24/><E24/><V71/><F83/><W1/><G1/><T79/><D79/><U130/><E130/><V46/><F78/><W85/><G44/><T105/><D105/><U102/><AGARI ba="0,1" hai="3,7,9,18,19,27,28,34,93,96,102" m="13312" machi="102" ten="40,8000,1" yaku="1,1,0,1,52,2,54,1,53,0" doraHai="25,26" doraHaiUra="115,132" who="1" fromWho="1" sc="372,-40,105,90,219,-20,294,-20" />
</Scene>
<Scene>
<INIT seed="5,0,0,4,0,111" ten="332,195,199,274" oya="1" hai0="3,85,84,97,37,83,103,117,27,18,5,86,74" hai1="14,70,29,56,80,2,38,105,92,41,49,44,109" hai2="68,48,123,77,31,129,58,10,9,95,102,89,66" hai3="132,60,21,43,91,61,120,73,113,90,82,121,135"/><U110/><E105/><V28/><F129/><W17/><G43/><T104/><D37/><U63/><E2/><V7/><F68/><W87/><G60/><T13/><D117/><U57/><E29/><V33/><F33/><W88/><G61/><T34/><D3/><U76/><E92/><V71/><F71/><W54/><G54/><T8/><D34/><U64/><E14/><N who="2" m="5439" /><F102/><W98/><G73/><T15/><D27/><U122/><E122/><N who="3" m="47210" /><G21/><T40/><D40/><U124/><E124/><V67/><F77/><N who="3" m="46543" /><G17/><T127/><D127/><U72/><REACH who="1" step="1"/><E57/><REACH who="1" ten="332,185,199,274" step="2"/><V11/><F58/><W1/><G1/><T24/><D24/><U94/><E94/><V99/><F95/><N who="3" m="56679" /><G113/><T125/><D125/><U79/><E79/><V78/><F78/><W81/><G81/><T19/><D13/><U4/><E4/><V130/><F123/><W69/><G69/><T115/><D115/><U50/><E50/><V75/><F48/><W107/><G107/><T22/><D5/><U126/><E126/><V16/><F31/><W118/><G118/><T112/><D112/><U46/><E46/><V45/><F28/><W55/><G55/><AGARI ba="0,1" hai="38,41,44,49,55,56,63,64,70,72,76,80,109,110" machi="55" ten="40,7700,0" yaku="1,1,24,2,53,0" doraHai="111" doraHaiUra="12" who="1" fromWho="3" sc="332,0,185,87,199,0,274,-77" />
</Scene>
<Scene>
<INIT seed="5,1,0,2,1,53" ten="332,272,199,197" oya="1" hai0="117,101,115,5,87,13,112,45,36,47,94,83,111" hai1="89,30,25,39,71,9,51,67,41,74,3,114,68" hai2="97,69,129,63,37,18,15,92,27,126,64,120,90" hai3="2,128,58,88,93,98,79,35,24,62,52,95,130"/><U73/><E51/><V42/><F120/><W12/><G2/><T132/><D111/><U107/><E89/><V80/><F129/><N who="3" m="49771" /><G79/><N who="0" m="46591" /><D117/><U135/><E114/><N who="0" m="43561" /><D36/><U72/><E135/><V22/><F126/><W33/><G12/><T61/><D132/><U56/><E107/><V31/><F37/><W59/><G24/><T75/><D75/><U20/><E41/><V55/><F42/><W34/><G95/><T28/><D28/><U85/><E85/><V82/><REACH who="2" step="1"/><F55/><REACH who="2" ten="332,272,189,197" step="2"/><N who="3" m="34143" /><G35/><AGARI ba="1,1" hai="15,18,22,27,31,35,63,64,69,80,82,90,92,97" machi="35" ten="30,2000,0" yaku="1,1,7,1,53,0" doraHai="53" doraHaiUra="96" who="2" fromWho="3" sc="332,0,272,0,189,33,197,-23" />
</Scene>
<Scene>
<INIT seed="6,0,0,2,3,61" ten="332,272,222,174" oya="2" hai0="98,53,95,16,121,119,134,117,101,133,112,32,69" hai1="132,76,5,82,40,88,59,135,102,43,116,23,85" hai2="41,89,106,115,79,127,19,83,57,104,105,131,78" hai3="62,81,92,28,123,7,49,48,120,65,109,10,13"/><V11/><F115/><W99/><G109/><T118/><D112/><U71/><E71/><V103/><F131/><W70/><G28/><T100/><D121/><U63/><E116/><V64/><F103/><W56/><G81/><T107/><D69/><U52/><E102/><V50/><F127/><W35/><G35/><T14/><D32/><U39/><E5/><V27/><F41/><N who="1" m="15945" /><E39/><V66/><F106/><W54/><REACH who="3" step="1"/><G49/><REACH who="3" ten="332,272,222,164" step="2"/><T55/><D117/><U25/><E132/><V22/><F50/><W96/><G96/><T91/><D118/><U26/><E135/><V2/><F83/><W80/><G80/><T124/><D119/><U0/><E0/><V6/><F2/><W58/><G58/><T94/><D133/><U60/><E76/><V129/><F78/><W75/><G75/><T108/><D134/><U24/><E23/><V114/><F79/><W20/><G20/><T4/><D98/><U44/><E44/><V21/><F21/><W33/><G33/><T15/><D108/><U9/><E9/><V128/><F11/><W74/><G74/><T125/><D125/><U31/><E31/><V90/><F22/><W72/><G72/><T111/><D124/><U1/><E1/><V45/><F45/><W30/><G30/><T17/><D111/><U51/><AGARI ba="0,1" hai="24,25,26,51,52,59,60,63,82,85,88" m="15945" machi="51" ten="30,4000,0" yaku="8,1,54,2" doraHai="61" who="1" fromWho="1" sc="332,-10,272,50,222,-20,164,-10" />
</Scene>
<Scene>
<INIT seed="7,0,0,1,5,49" ten="322,322,202,154" oya="3" hai0="26,71,123,111,101,105,60,135,79,8,91,5,16" hai1="29,83,129,104,67,24,23,103,51,94,86,113,130" hai2="32,38,10,108,47,11,36,21,25,44,48,118,53" hai3="52,82,128,41,31,100,78,18,75,95,97,63,20"/><W107/><G128/><N who="1" m="49258" /><E104/><V55/><F32/><W59/><G41/><T14/><D111/><U89/><E113/><V4/><F118/><W13/><REACH who="3" step="1"/><G31/><REACH who="3" ten="322,322,202,144" step="2"/><T19/><D123/><U45/><E67/><V85/><F108/><W74/><G74/><T33/><D135/><U54/><E103/><V102/><F102/><W110/><G110/><T39/><D101/><U65/><E65/><V22/><F38/><W34/><G34/><T116/><D39/><U109/><E109/><V42/><F36/><W125/><G125/><T50/><D33/><U117/><E117/><V126/><F126/><W66/><G66/><T133/><D116/><U73/><E73/><V121/><F121/><W92/><AGARI ba="0,1" hai="13,18,20,52,59,63,75,78,82,92,95,97,100,107" machi="92" ten="30,12000,1" yaku="1,1,0,1,52,1,54,1,53,1" doraHai="49" doraHaiUra="57" who="3" fromWho="3" sc="322,-40,322,-40,202,-40,144,130" />
</Scene>
<Scene>
<INIT seed="7,1,0,1,2,99" ten="282,282,162,274" oya="3" hai0="94,111,17,24,13,128,42,30,86,21,52,71,83" hai1="114,65,135,8,98,27,101,61,77,93,34,31,4" hai2="119,49,123,9,6,50,92,64,80,113,14,5,51" hai3="116,60,20,15,33,112,100,120,74,18,134,81,12"/><W73/><G116/><T89/><D111/><U125/><E114/><V41/><F113/><W96/><G120/><T78/><D128/><U1/><E135/><V126/><F119/><W107/><G33/><T110/><D110/><U68/><E77/><V124/><F123/><W117/><G112/><T16/><D71/><U46/><E46/><V70/><F41/><W63/><G117/><T19/><D42/><U26/><E26/><V108/><F108/><W66/><G134/><T82/><D52/><U75/><E75/><V129/><F129/><W44/><G44/><T11/><D82/><U79/><E79/><V22/><F80/><W62/><G66/><T103/><D103/><U132/><E132/><V53/><F5/><W43/><G43/><T67/><D67/><U72/><E72/><AGARI ba="1,0" hai="11,13,16,17,19,21,24,30,72,78,83,86,89,94" machi="72" ten="30,2000,0" yaku="7,1,54,1" doraHai="99" who="0" fromWho="1" sc="282,23,282,-23,162,0,274,0" owari="305,41.0,259,-14.0,162,-34.0,274,7.0" />
</Scene>
</mjloggm>