<mjloggm ver="2.3"><GO type="169" lobby="0"/><UN n0="%E6%89%8B%E5%BD%B9%E3%82%A2%E3%83%BC%E3%83%86%E3%82%A3%E3%82%B9%E3%83%88" n1="%E3%83%9F%E3%83%A9%E3%82%AF%E3%83%AB%E3%81%8A%E3%81%98%E3%81%95%E3%82%93" n2="%E5%B0%8F%E6%89%8B%E8%BF%94%E6%92%B2%E6%BB%85%E4%BC%9A%E9%95%B7" n3="%E5%A4%AA%E3%81%8F%E3%81%AA%E3%81%84%E3%81%8A" dan="16,16,16,19" rate="2060.79,2107.23,2064.02,2312.07" sx="M,M,M,F"/><TAIKYOKU oya="0"/>

<Scene>
<INIT seed="0,0,0,5,2,42" ten="250,250,250,250" oya="0" hai0="38,98,16,37,120,83,91,74,65,99,89,96,21" hai1="45,24,94,67,4,92,70,40,115,34,55,100,121" hai2="68,123,52,129,48,109,82,77,133,59,50,107,60" hai3="71,81,41,84,76,10,124,95,53,131,75,31,130"/><T113/><D113/><U69/><E121/><V102/><F123/><W14/><G71/><T128/><D120/><U9/><E115/><V88/><F133/><W23/><G124/><T125/><D125/><U122/><E122/><V49/><F129/><N who="3" m="49163" /><G41/><T118/><D118/><U127/><E127/><V20/><F68/><W57/><G31/><T13/><D128/><U39/><E70/><V135/><F135/><W86/><G23/><T8/><D65/><U2/><E100/><V63/><F63/><N who="3" m="36271" /><G95/><T32/><D32/><U15/><E94/><V11/><F11/><W35/><G35/><T3/><D3/><U114/><E92/><V126/><F77/><W93/><G93/><T6/><D89/><U51/><E9/><V116/><F116/><W104/><G104/><T29/><D29/><U1/><E2/><V36/><F36/><W119/><G119/><T19/><D6/><AGARI ba="0,0" hai="6,10,14,75,76,81,84,86" m="36271,49163" machi="6" ten="30,1000,0" yaku="19,1" doraHai="42" who="3" fromWho="0" sc="250,-10,250,0,250,0,250,10" />
</Scene>
<Scene>
<INIT seed="1,0,0,3,5,31" ten="240,250,250,260" oya="1" hai0="22,85,26,96,83,79,72,19,13,8,107,37,25" hai1="92,60,119,89,0,95,97,49,52,4,9,128,74" hai2="102,34,14,28,36,55,21,77,23,65,50,131,93" hai3="101,123,45,47,24,118,64,30,110,84,38,56,109"/><U121/><E119/><V90/><F36/><W135/><G123/><T48/><D37/><U122/><E74/><V129/><F65/><W42/><G47/><T127/><D127/><U39/><E39/><V88/><F77/><W40/><G40/><T114/><D114/><U20/><E128/><N who="2" m="49227" /><F102/><W15/><G118/><T87/><D26/><U11/><E60/><V99/><F90/><W117/><G117/><T103/><REACH who="0" step="1"/><D48/><REACH who="0" ten="230,250,250,260" step="2"/><U76/><E49/><V66/><F14/><W33/><G15/><T1/><D1/><U43/><E0/><V10/><F10/><W78/><G38/><T94/><D94/><U2/><E95/><V63/><F63/><W130/><G130/><T57/><D57/><U126/><E92/><V98/><F98/><W108/><G56/><T16/><AGARI ba="0,1" hai="8,13,16,19,22,25,72,79,83,85,87,96,103,107" machi="16" ten="20,8000,1" yaku="1,1,0,1,7,1,54,1,53,1" doraHai="31" doraHaiUra="106" who="0" fromWho="0" sc="230,90,250,-40,250,-20,260,-20" />
</Scene>
<Scene>
<INIT seed="2,0,0,1,0,95" ten="320,210,230,240" oya="2" hai0="76,117,23,104,60,84,115,88,106,82,120,58,57" hai1="69,16,126,46,116,75,132,71,113,68,72,59,111" hai2="77,56,134,14,99,4,27,17,10,64,91,29,51" hai3="28,39,37,22,13,83,121,3,50,15,40,135,33"/><V26/><F134/><W103/><G121/><T128/><D120/><U131/><E113/><V35/><F77/><W55/><G3/><T49/><D115/><U78/><E116/><V63/><F27/><W119/><G119/><T12/><D128/><U101/><E131/><V109/><F109/><W112/><G112/><T67/><D117/><U31/><E132/><V5/><REACH who="2" step="1"/><F51/><REACH who="2" ten="320,210,220,240" step="2"/><W65/><G50/><T124/><D124/><U62/><E78/><V73/><F73/><W93/><G135/><T100/><D76/><U36/><E111/><V94/><AGARI ba="0,1" hai="4,5,10,14,17,26,29,35,56,63,64,91,94,99" machi="94" ten="30,6000,0" yaku="1,1,0,1,52,1,53,0" doraHai="95" doraHaiUra="96" who="2" fromWho="2" sc="320,-20,210,-20,220,70,240,-20" />
</Scene>
<Scene>
<INIT seed="2,1,0,2,4,4" ten="300,190,290,220" oya="2" hai0="133,77,9,12,131,132,49,63,13,66,34,42,46" hai1="58,119,30,102,101,29,10,69,74,114,100,84,76" hai2="130,3,92,86,121,79,70,122,109,91,97,123,59" hai3="25,39,75,106,135,88,8,2,57,126,125,127,43"/><V94/><F70/><W28/><G106/><T23/><D34/><U41/><E74/><V56/><F3/><W108/><G75/><T26/><D77/><U32/><E69/><V33/><F33/><N who="3" m="20623" /><G108/><T44/><D44/><U134/><E114/><V117/><F59/><W90/><G135/><T14/><D131/><U85/><E119/><V22/><F56/><W52/><G43/><T99/><D99/><U55/><E134/><N who="0" m="51817" /><D23/><U6/><E41/><V129/><F22/><W65/><G65/><T112/><D26/><U116/><E32/><V5/><F5/><N who="3" m="1079" /><G39/><T105/><D105/><U35/><E116/><V118/><F109/><W81/><G81/><T11/><D112/><U18/><E35/><V96/><F118/><W98/><G98/><N who="2" m="37993" /><F117/><W67/><G67/><T128/><D128/><N who="2" m="49258" /><F79/><W73/><G73/><T78/><D78/><U19/><E76/><V124/><F124/><W64/><G64/><T110/><D110/><U51/><E85/><V47/><F47/><W82/><G82/><AGARI ba="1,0" hai="82,86,91,92,94,121,122,123" m="49258,37993" machi="82" ten="40,7700,0" yaku="19,1,34,2" doraHai="4" who="2" fromWho="3" sc="300,0,190,0,290,80,220,-80" />
</Scene>
<Scene>
<INIT seed="2,2,0,5,5,112" ten="300,190,370,140" oya="2" hai0="91,102,52,14,41,8,48,65,123,39,77,115,79" hai1="59,84,62,64,60,20,0,57,105,16,11,103,98" hai2="101,25,50,131,19,72,133,125,82,80,47,121,46" hai3="76,104,6,44,120,30,69,18,61,94,32,134,10"/><V7/><F7/><W24/><G104/><T97/><D115/><U132/><E132/><V26/><F121/><W114/><G114/><T67/><D123/><U90/><E11/><V74/><F101/><W93/><G120/><T43/><D91/><U1/><E90/><V135/><F125/><W34/><G134/><T33/><D33/><U92/><E84/><V81/><F131/><W22/><G76/><T49/><D39/><U100/><E103/><V128/><F128/><W88/><G44/><T17/><D49/><U29/><E29/><V122/><F50/><W38/><G38/><T51/><D51/><U66/><REACH who="1" step="1"/><E105/><REACH who="1" ten="300,180,370,140" step="2"/><V106/><F106/><W21/><G94/><N who="0" m="58679" /><D79/><U28/><E28/><V9/><F9/><W58/><G10/><T40/><D77/><U63/><E63/><V53/><F122/><W31/><G31/><T95/><D95/><U42/><E42/><V45/><F135/><W96/><G6/><T86/><D86/><U56/><E56/><AGARI ba="2,1" hai="8,14,17,40,41,43,48,52,56,65,67" m="58679" machi="56" ten="30,2000,0" yaku="8,1,54,1" doraHai="112" who="0" fromWho="1" sc="300,36,180,-26,370,0,140,0" />
</Scene>
<Scene>
<INIT seed="3,0,0,5,5,77" ten="336,154,370,140" oya="3" hai0="83,11,52,4,32,119,80,124,19,97,8,17,26" hai1="53,20,103,74,117,70,91,43,101,9,67,12,133" hai2="27,89,121,34,79,37,118,86,63,5,92,31,21" hai3="60,58,114,130,64,33,36,69,23,128,66,54,38"/><W127/><G33/><T71/><D71/><U105/><E133/><V126/><F37/><N who="3" m="14443" /><G23/><T104/><D119/><U6/><E117/><V125/><F121/><W120/><G120/><T122/><D122/><U76/><E43/><V62/><F118/><W41/><G114/><T59/><D124/><N who="2" m="47722" /><F5/><W14/><G14/><T94/><D104/><U3/><E105/><V116/><F116/><W55/><G41/><T88/><D32/><U68/><E91/><V47/><F47/><W24/><G24/><T129/><D129/><N who="3" m="49769" /><G127/><T96/><D96/><U134/><E12/><V40/><F40/><W7/><G7/><T98/><D98/><U81/><E20/><V78/><F21/><W112/><G112/><T109/><D109/><U61/><E134/><V113/><F113/><W49/><G69/><T16/><D26/><U110/><E70/><V107/><F107/><W2/><G2/><T93/><D93/><U48/><REACH who="1" step="1"/><E110/><REACH who="1" ten="336,144,370,140" step="2"/><V82/><F79/><W28/><G28/><T51/><REACH who="0" step="1"/><D11/><REACH who="0" ten="326,144,370,140" step="2"/><U56/><AGARI ba="0,2" hai="3,6,9,48,53,56,61,67,68,74,76,81,101,103" machi="56" ten="20,12000,2" yaku="1,1,2,1,0,1,7,1,52,1,53,1" doraHai="77" doraHaiUra="35" who="1" fromWho="1" sc="326,-30,144,140,370,-30,140,-60" />
</Scene>
<Scene>
<INIT seed="4,0,0,5,4,12" ten="296,284,340,80" oya="0" hai0="47,18,10,75,69,135,29,103,49,56,87,61,70" hai1="21,91,114,66,51,25,19,131,101,88,5,34,35" hai2="130,134,39,36,110,48,111,52,30,38,85,50,33" hai3="104,31,100,63,120,72,107,96,84,92,115,28,57"/><T83/><D75/><U1/><E131/><V43/><F30/><W60/><G115/><T71/><D135/><U125/><E125/><V121/><F33/><W6/><G120/><T4/><D29/><U58/><E101/><V133/><F85/><W128/><G128/><T45/><D103/><U105/><E105/><V23/><F23/><W126/><G126/><T80/><D80/><U2/><E114/><V117/><F130/><W90/><G104/><T17/><D56/><U44/><E34/><V11/><F11/><W7/><G28/><T32/><D61/><U59/><E35/><V86/><F86/><W26/><G72/><T78/><D32/><U112/><E112/><V67/><F67/><W113/><G113/><T3/><REACH who="0" step="1"/><D47/><REACH who="0" ten="286,284,340,80" step="2"/><U53/><E59/><N who="2" m="33159" /><F121/><W109/><G63/><T76/><D76/><U119/><E58/><V122/><F122/><W129/><G129/><T14/><D14/><U37/><E44/><N who="2" m="25887" /><F117/><W93/><G107/><T77/><D77/><U41/><E119/><V97/><F97/><W74/><G74/><T65/><D65/><U22/><E66/><V73/><F73/><W108/><G57/><T99/><D99/><U24/><E91/><V54/><F54/><AGARI ba="0,1" hai="3,4,10,17,18,45,49,54,69,70,71,78,83,87" machi="54" ten="40,7700,0" yaku="1,1,52,2,53,0" doraHai="12" doraHaiUra="27" who="0" fromWho="2" sc="286,87,284,0,340,-77,80,0" />
</Scene>
<Scene>
<INIT seed="4,1,0,1,1,10" ten="373,284,263,80" oya="0" hai0="91,113,37,84,121,79,52,105,62,27,75,89,96" hai1="92,45,3,17,71,74,76,109,130,103,2,68,117" hai2="18,48,101,87,72,114,70,9,20,1,60,25,22" hai3="131,38,47,94,51,65,14,98,127,36,119,5,0"/><T112/><D37/><U115/><E117/><V107/><F72/><W61/><G119/><T63/><D121/><U108/><E130/><V44/><F114/><N who="0" m="44138" /><D27/><U67/><E115/><V122/><F122/><W55/><G0/><T16/><D16/><U133/><E133/><V125/><F125/><W132/><G132/><T80/><D52/><U29/><E2/><V6/><F101/><W30/><G131/><T88/><D63/><U34/><E3/><V73/><F107/><W46/><G127/><T40/><D40/><U49/><E17/><V4/><F73/><W95/><G30/><T128/><D62/><U33/><E29/><V19/><F87/><W21/><G47/><T26/><D26/><U77/><E74/><V110/><F110/><W85/><G21/><T12/><D12/><U102/><E45/><V13/><F6/><W116/><G116/><T129/><D75/><U118/><E118/><V11/><F11/><N who="3" m="4463" /><G61/><T39/><D39/><U90/><E49/><V86/><F86/><W97/><G85/><T41/><D41/><U7/><E109/><V53/><REACH who="2" step="1"/><F60/><REACH who="2" ten="373,284,253,80" step="2"/><W100/><G65/><T93/><D105/><U42/><E67/><V56/><F56/><W24/><G46/><T134/><D134/><U54/><E108/><V59/><F59/><W99/><G100/><AGARI ba="1,1" hai="79,80,84,88,89,91,93,96,100,128,129" m="44138" machi="100" ten="30,11600,0" yaku="15,1,34,2,54,1" doraHai="10" who="0" fromWho="3" sc="373,129,284,0,253,0,80,-119" owari="502,61.0,284,8.0,253,-15.0,-39,-54.0" />
</Scene>
</mjloggm>