<mjloggm ver="2.3"><GO type="169" lobby="0"/><UN n0="%E5%A4%AA%E3%81%8F%E3%81%AA%E3%81%84%E3%81%8A" n1="%70%67%61%69%6E" n2="%6E%65%70%65%72%6F" n3="%E3%81%93%E3%81%98%E3%81%BE%E3%82%82%E3%82%93" dan="19,16,17,17" rate="2322.38,2091.44,2164.05,2182.40" sx="F,M,M,M"/><TAIKYOKU oya="0"/>

<Scene>
<INIT seed="0,0,0,0,3,36" ten="250,250,250,250" oya="0" hai0="107,25,68,15,95,92,87,65,57,98,12,116,69" hai1="22,21,125,80,117,64,5,97,115,84,133,102,132" hai2="120,14,100,134,96,73,37,71,66,41,32,91,54" hai3="122,67,35,61,129,18,49,19,0,114,53,128,7"/><T10/><D116/><U6/><E117/><V123/><F73/><W56/><G114/><T130/><D130/><N who="3" m="50281" /><G35/><T72/><D72/><U24/><E64/><V29/><F134/><N who="1" m="51817" /><E125/><V124/><F91/><W46/><G122/><T17/><D107/><N who="1" m="63951" /><E115/><V13/><F54/><W104/><G104/><T33/><D87/><U28/><E22/><V88/><F124/><W101/><G101/><T52/><D65/><U86/><E86/><V59/><F88/><AGARI ba="0,0" hai="5,6,21,24,28,80,84,88" m="63951,51817" machi="88" ten="30,2000,0" yaku="20,1,54,1" doraHai="36" who="1" fromWho="2" sc="250,0,250,20,250,-20,250,0" />
</Scene>
<Scene>
<INIT seed="1,0,0,0,2,71" ten="250,270,230,250" oya="1" hai0="131,11,121,65,36,49,69,61,118,12,94,96,39" hai1="116,18,88,110,81,109,93,68,73,40,51,26,127" hai2="92,128,72,100,45,55,124,58,126,112,6,86,19" hai3="20,130,97,9,1,25,120,34,28,37,80,17,122"/><U77/><E116/><V44/><F72/><W119/><G119/><T56/><D118/><U129/><E68/><V24/><F128/><W103/><G130/><T15/><D131/><U66/><E129/><V113/><F6/><W106/><G37/><T62/><D49/><U74/><E66/><V52/><F19/><W42/><G42/><T135/><D135/><U31/><E18/><V102/><F24/><W75/><G75/><T89/><D121/><U107/><E74/><V99/><F86/><W115/><G115/><N who="2" m="44105" /><F102/><W22/><G80/><T3/><D3/><U54/><E40/><V63/><F55/><W21/><REACH who="3" step="1"/><G17/><REACH who="3" ten="250,270,230,240" step="2"/><T32/><D32/><U111/><E127/><AGARI ba="0,1" hai="44,45,52,58,63,92,99,100,124,126,127" m="44105" machi="127" ten="30,3900,0" yaku="18,1,11,1,54,1" doraHai="71" who="2" fromWho="1" sc="250,0,270,-39,230,49,240,0" />
</Scene>
<Scene>
<INIT seed="2,0,0,3,1,11" ten="250,231,279,240" oya="2" hai0="88,94,22,52,99,37,97,70,95,48,39,126,105" hai1="81,68,132,64,43,34,93,84,104,121,54,56,90" hai2="102,134,62,92,98,40,76,65,50,44,69,35,115" hai3="10,18,133,30,47,59,51,117,116,4,0,130,15"/><V26/><F115/><W78/><G130/><T29/><D70/><U3/><E104/><V77/><REACH who="2" step="1"/><F134/><REACH who="2" ten="250,231,269,240" step="2"/><W24/><G133/><T111/><D126/><U41/><E132/><V89/><F89/><W122/><G116/><T129/><D129/><U114/><E90/><V20/><F20/><W55/><G117/><T67/><D22/><U124/><E114/><V27/><F27/><W86/><G122/><T25/><D25/><U82/><E124/><V9/><F9/><W21/><G78/><T73/><D88/><U85/><E121/><V17/><F17/><W60/><G86/><T128/><D128/><U106/><E84/><V127/><F127/><W23/><G23/><T28/><D73/><U109/><E85/><V58/><F58/><W101/><G101/><T13/><D28/><AGARI ba="0,1" hai="26,28,35,40,44,50,62,65,69,76,77,92,98,102" machi="28" ten="40,3900,0" yaku="1,1,53,1" doraHai="11" doraHaiUra="31" who="2" fromWho="0" sc="250,-39,231,0,269,49,240,0" />
</Scene>
<Scene>
<INIT seed="2,1,0,1,5,88" ten="211,231,318,240" oya="2" hai0="107,27,121,122,35,70,91,120,133,60,126,45,106" hai1="34,73,50,77,110,14,118,11,84,16,4,87,33" hai2="123,94,130,10,115,62,55,80,124,82,92,101,28" hai3="17,104,12,47,37,0,96,102,81,69,7,119,113"/><V1/><F123/><W5/><G119/><T54/><D133/><U8/><E110/><V30/><F115/><W97/><G69/><T51/><D126/><U23/><E118/><V2/><F124/><W42/><G113/><T111/><D111/><U49/><E73/><V129/><F101/><W90/><G0/><N who="2" m="105" /><F55/><W43/><G43/><T78/><D78/><U53/><E11/><V72/><F62/><W3/><G3/><T32/><D91/><U36/><E36/><V117/><F117/><W74/><G74/><T21/><D70/><U31/><E31/><N who="2" m="11819" /><F10/><W132/><G132/><T116/><D60/><U85/><E77/><V26/><F26/><W20/><G81/><N who="2" m="31337" /><F72/><W58/><G58/><T83/><D83/><U98/><E50/><V52/><F52/><W67/><G67/><T75/><D116/><U41/><E41/><V89/><F89/><W127/><G127/><T86/><D75/><U56/><REACH who="1" step="1"/><E98/><REACH who="1" ten="211,221,318,240" step="2"/><V95/><AGARI ba="1,1" hai="92,94,95,129,130" m="31337,11819,105" machi="95" ten="40,12000,1" yaku="28,2,52,3" doraHai="88" who="2" fromWho="2" sc="211,-41,221,-41,318,133,240,-41" />
</Scene>
<Scene>
<INIT seed="2,2,0,2,3,98" ten="170,180,451,199" oya="2" hai0="77,119,40,111,83,62,72,82,21,75,129,18,31" hai1="126,23,73,114,53,8,70,60,92,12,65,112,88" hai2="49,64,91,26,127,102,4,14,7,30,20,47,0" hai3="99,15,87,84,115,29,133,28,135,34,121,58,9"/><V42/><F127/><W39/><G121/><T10/><D111/><U134/><E73/><V108/><F0/><W81/><G115/><T38/><D129/><U2/><E134/><N who="3" m="51210" /><G39/><T71/><D119/><U35/><E35/><V16/><F108/><W93/><G58/><T55/><D31/><N who="3" m="11849" /><G81/><T22/><D40/><U24/><E2/><V33/><F64/><W46/><G46/><T103/><D38/><U43/><E43/><V94/><REACH who="2" step="1"/><F102/><REACH who="2" ten="170,180,441,199" step="2"/><N who="3" m="60783" /><G34/><T130/><D103/><U116/><E65/><V74/><F74/><W17/><AGARI ba="2,1" hai="9,15,17,84,87" m="60783,11849,51210" machi="17" ten="30,2000,0" yaku="20,1,52,1" doraHai="98" who="3" fromWho="3" sc="170,-7,180,-7,441,-12,199,36" />
</Scene>
<Scene>
<INIT seed="3,0,0,4,4,102" ten="163,173,429,235" oya="3" hai0="20,16,130,116,124,38,12,49,72,119,133,18,11" hai1="126,109,75,96,9,32,90,110,52,85,70,44,33" hai2="74,54,103,26,36,13,131,48,25,88,17,129,120" hai3="27,50,97,89,79,24,8,1,34,95,3,69,51"/><W6/><G69/><T77/><D38/><U117/><E75/><V92/><F103/><W64/><G1/><T56/><D133/><U108/><E70/><V21/><F74/><W67/><G79/><T28/><D28/><U84/><E126/><V35/><F36/><W14/><G3/><T65/><D124/><U57/><E44/><V5/><F5/><W83/><G83/><T39/><D39/><U19/><E117/><V40/><F40/><W118/><G118/><T100/><D130/><N who="2" m="49674" /><F35/><N who="1" m="13385" /><E90/><V7/><F7/><W10/><G10/><T78/><D119/><U47/><E47/><N who="2" m="27935" /><F120/><W37/><G37/><T81/><D116/><U134/><E134/><V106/><F106/><W121/><G121/><T91/><D100/><U2/><E96/><AGARI ba="0,0" hai="13,17,21,25,26,88,92,96" m="27935,49674" machi="96" ten="30,2000,0" yaku="19,1,54,1" doraHai="102" who="2" fromWho="1" sc="163,0,173,-20,429,20,235,0" />
</Scene>
<Scene>
<INIT seed="4,0,0,1,3,108" ten="163,153,449,235" oya="0" hai0="12,64,89,11,63,43,68,22,51,59,101,84,28" hai1="105,53,23,95,127,133,125,102,18,14,118,94,29" hai2="67,90,30,73,131,50,27,106,114,77,55,78,15" hai3="21,32,56,107,124,134,65,62,16,71,40,93,122"/><T35/><D35/><U130/><E118/><V111/><F111/><W129/><G107/><T46/><D101/><U96/><E133/><V85/><F106/><W17/><G32/><T0/><D0/><U57/><E29/><V26/><F73/><W81/><G134/><T120/><D120/><U76/><E76/><N who="2" m="29291" /><F114/><W48/><G122/><T3/><D3/><U38/><E38/><V116/><F67/><W8/><G124/><N who="1" m="47690" /><E130/><V87/><F30/><W100/><G129/><T103/><D103/><U54/><E54/><V92/><F116/><W31/><G81/><T113/><D113/><U80/><E80/><V5/><F85/><W98/><G8/><T58/><D22/><U126/><N who="1" m="47698" /><U60/><AGARI ba="0,0" hai="14,18,23,53,57,60,94,95,96,102,105" m="47698" machi="60" ten="40,2700,0" yaku="4,1,18,1" doraHai="108" who="1" fromWho="1" sc="163,-13,153,27,449,-7,235,-7" />
</Scene>
<Scene>
<INIT seed="5,0,0,2,1,105" ten="150,180,442,228" oya="1" hai0="135,44,130,100,39,30,106,69,49,15,85,61,4" hai1="101,8,102,31,20,76,129,54,59,1,82,14,53" hai2="23,26,6,119,96,65,42,73,34,37,21,114,48" hai3="113,62,27,38,128,17,88,89,3,94,116,111,108"/><U115/><E115/><V13/><F119/><W91/><G38/><T18/><D135/><U117/><E117/><V93/><F37/><W60/><G116/><T92/><D130/><U86/><E129/><V45/><F114/><W107/><G107/><T58/><D30/><U56/><E1/><V36/><F36/><W104/><G104/><T28/><D28/><U121/><E121/><V97/><F97/><W79/><G128/><T19/><D106/><U132/><E132/><V110/><F110/><W122/><G122/><T40/><D69/><U66/><E66/><V99/><F99/><W33/><G113/><T84/><D39/><U7/><E59/><V87/><F87/><N who="0" m="33354" /><D92/><U120/><E120/><V125/><F65/><W11/><G79/><T22/><D100/><N who="1" m="38507" /><E56/><V95/><F95/><W131/><G33/><T16/><D4/><U5/><E5/><V72/><F34/><W133/><G133/><T123/><D123/><U51/><E51/><V12/><F6/><N who="3" m="1503" /><G131/><T127/><D127/><U64/><E64/><AGARI ba="0,0" hai="15,16,18,19,22,40,44,49,58,61,64" m="33354" machi="64" ten="30,2000,0" yaku="8,1,54,1" doraHai="105" who="0" fromWho="1" sc="150,20,180,-20,442,0,228,0" />
</Scene>
<Scene>
<INIT seed="6,0,0,1,3,56" ten="170,160,442,228" oya="2" hai0="90,107,109,62,18,77,123,63,60,102,104,43,115" hai1="133,101,41,75,68,99,51,86,83,89,80,126,27" hai2="103,24,91,114,16,1,6,38,124,72,21,64,127" hai3="69,2,29,0,108,78,13,120,84,130,100,40,50"/><V26/><F103/><W122/><G108/><T135/><D109/><U70/><E133/><V118/><F38/><W32/><G69/><T15/><D123/><U111/><E111/><V46/><F46/><W112/><G130/><T134/><D115/><U25/><E126/><N who="2" m="48171" /><F64/><W23/><G112/><T9/><D77/><U52/><E41/><V94/><F72/><W35/><G100/><T53/><D43/><U85/><E75/><V65/><F65/><W97/><G97/><T44/><D90/><N who="1" m="51495" /><E70/><V31/><F114/><W57/><G40/><T125/><D125/><U19/><E68/><V30/><F91/><W55/><G78/><T12/><D12/><U61/><E19/><N who="2" m="12351" /><F94/><W34/><G120/><T76/><D76/><U33/><E33/><V117/><F6/><W3/><G122/><T81/><D81/><U48/><E48/><V8/><F1/><W20/><G0/><T10/><D102/><U54/><E54/><V82/><F82/><W113/><G113/><T106/><REACH who="0" step="1"/><D10/><REACH who="0" ten="160,160,442,228" step="2"/><U47/><E61/><V74/><F74/><W96/><G2/><T59/><D59/><U92/><AGARI ba="0,1" hai="25,27,47,51,52,83,86,89,92,99,101" m="51495" machi="92" ten="30,2000,0" yaku="8,1,54,1" doraHai="56" who="1" fromWho="1" sc="160,-5,160,30,442,-10,228,-5" />
</Scene>
<Scene>
<INIT seed="7,0,0,5,3,109" ten="155,190,432,223" oya="3" hai0="24,19,133,64,86,60,61,37,42,65,129,89,120" hai1="81,115,7,44,66,33,73,79,82,107,30,0,87" hai2="11,22,53,92,90,96,50,5,121,46,9,95,15" hai3="72,62,13,125,41,32,1,83,47,28,57,77,126"/><W26/><G1/><T55/><D120/><U56/><E115/><V34/><F34/><W97/><G97/><T131/><D24/><U76/><E107/><V68/><F68/><W48/><REACH who="3" step="1"/><G13/><REACH who="3" ten="155,190,432,213" step="2"/><T54/><D133/><U119/><E0/><V105/><F121/><W18/><G18/><T103/><D19/><U111/><E111/><V84/><F5/><W69/><G69/><N who="0" m="42119" /><D103/><U88/><E7/><V10/><F105/><W112/><G112/><T3/><D3/><U6/><E6/><N who="2" m="3511" /><F22/><W40/><G40/><T74/><D42/><U67/><E33/><V39/><F39/><W43/><G43/><T63/><D37/><U106/><E106/><V35/><F35/><W45/><G45/><T134/><D134/><U8/><E44/><V135/><F135/><W108/><G108/><T31/><D131/><U100/><E100/><AGARI ba="0,1" hai="10,11,46,50,53,84,90,92,95,96,100" m="3511" machi="100" ten="30,1000,0" yaku="8,1" doraHai="109" who="2" fromWho="1" sc="155,0,190,-10,432,20,213,0" owari="155,-34.0,180,-22.0,452,55.0,213,1.0" />
</Scene>
</mjloggm>