<mjloggm ver="2.3"><GO type="169" lobby="0"/><UN n0="%28%E3%80%8C%E3%83%BB%CF%89%E3%83%BB%29%E3%80%8C" n1="%E3%81%92%E3%82%8A%E3%81%92%E3%82%8A%E2%98%86%E3%82%B2%E3%83%AA%E3%83%BC" n2="%E5%A4%AA%E3%81%8F%E3%81%AA%E3%81%84%E3%81%8A" n3="%E3%83%8B%E3%83%A3%E3%83%83%E3%83%94%E3%83%BC%E5%A4%8F%E7%9B%AE" dan="16,16,19,17" rate="2050.73,2106.44,2292.88,2168.55" sx="F,M,M,M"/><TAIKYOKU oya="0"/>

<Scene>
<INIT seed="0,0,0,1,5,3" ten="250,250,250,250" oya="0" hai0="63,49,10,135,22,123,85,72,120,67,94,77,128" hai1="51,125,129,76,93,1,98,45,78,97,64,112,114" hai2="117,44,62,87,131,75,53,29,11,8,60,2,134" hai3="96,27,42,126,57,61,47,52,36,65,101,133,79"/><T12/><D72/><U15/><E1/><V116/><F75/><W74/><G133/><T83/><D135/><U26/><E125/><V108/><F134/><W23/><G126/><T124/><D124/><U24/><E129/><V19/><F131/><W16/><G74/><T111/><D128/><U69/><E64/><V127/><F127/><W100/><G79/><T89/><D111/><U104/><E69/><V68/><F108/><W18/><G18/><T95/><D22/><U37/><E37/><V121/><F121/><W30/><G30/><T9/><D49/><U7/><E104/><V105/><F105/><W0/><G0/><T46/><D46/><U48/><E15/><N who="2" m="7655" /><F29/><W35/><G35/><T88/><D89/><U110/><E45/><V99/><F99/><W33/><G33/><T58/><D95/><U71/><E71/><V132/><F68/><W56/><REACH who="3" step="1"/><G96/><REACH who="3" ten="250,250,250,240" step="2"/><T115/><D115/><U21/><E110/><V92/><F2/><W102/><G102/><T86/><REACH who="0" step="1"/><D9/><REACH who="0" ten="240,250,250,240" step="2"/><U122/><E114/><V5/><F11/><W43/><G43/><T66/><D66/><U103/><E112/><V39/><F132/><W40/><G40/><T82/><D82/><U73/><E103/><V80/><F80/><W59/><G59/><T130/><D130/><U34/><E93/><V91/><F92/><W54/><G54/><T25/><D25/><U38/><E26/><V70/><F53/><W50/><AGARI ba="0,2" hai="16,23,27,36,42,47,50,52,56,57,61,65,100,101" machi="50" ten="20,8000,1" yaku="1,1,0,1,7,1,54,2,53,0" doraHai="3" doraHaiUra="119" who="3" fromWho="3" sc="240,-40,250,-20,250,-20,240,100" />
</Scene>
<Scene>
<INIT seed="1,0,0,4,2,123" ten="200,230,230,340" oya="1" hai0="79,127,76,27,126,106,114,37,47,107,8,122,20" hai1="70,62,54,35,102,110,132,71,29,0,83,6,72" hai2="44,95,119,125,118,17,39,120,1,88,104,68,40" hai3="25,133,64,74,73,41,96,69,91,94,14,101,115"/><U3/><E54/><V51/><F120/><W86/><G115/><T22/><D114/><U65/><E132/><V85/><F104/><N who="0" m="39978" /><D122/><U50/><E50/><V108/><F1/><N who="1" m="585" /><E6/><V15/><F68/><W82/><G133/><T58/><D58/><U99/><E71/><V66/><F66/><W7/><G41/><N who="0" m="22959" /><D8/><U135/><E135/><V60/><F60/><W105/><G25/><T5/><D5/><U19/><E19/><V112/><F112/><W34/><G34/><T75/><D75/><U81/><E81/><V103/><F51/><W111/><G64/><T24/><D24/><N who="1" m="18855" /><E99/><V12/><F12/><W78/><G69/><T23/><D27/><U21/><E21/><V117/><F15/><W116/><G7/><T77/><D23/><U43/><E102/><V55/><F103/><W56/><G14/><T130/><D22/><U33/><E43/><V67/><F17/><W128/><G56/><T36/><D20/><U61/><E61/><V30/><F40/><W32/><G32/><T93/><D93/><U84/><E33/><V59/><F95/><W52/><G52/><T45/><D45/><U13/><E13/><V80/><F55/><W2/><G2/><T87/><D87/><U46/><E46/><V100/><F44/><W18/><G86/><T109/><D79/><N who="1" m="44519" /><E84/><V4/><F85/><W90/><G101/><T42/><D42/><U49/><E49/><V38/><F100/><W31/><G94/><T113/><D113/><U10/><E10/><V9/><F9/><W16/><G96/><T131/><D77/><U121/><E121/><V48/><F4/><RYUUKYOKU ba="0,0" sc="200,-10,230,30,230,-10,340,-10" hai1="62,65,70,110" />
</Scene>
<Scene>
<INIT seed="1,1,0,4,3,123" ten="190,260,220,330" oya="1" hai0="45,120,28,87,32,6,128,58,38,115,80,76,75" hai1="10,125,83,133,132,67,130,82,14,89,18,97,114" hai2="126,39,23,12,102,70,55,96,34,5,37,27,66" hai3="78,1,107,31,30,3,91,25,36,64,69,2,111"/><U110/><E114/><V116/><F116/><W7/><G91/><T46/><D115/><U68/><E125/><V81/><F126/><W17/><G17/><T21/><D120/><U129/><E67/><V98/><F98/><W131/><G31/><T35/><D6/><U105/><E68/><V109/><F55/><W57/><G57/><T135/><D128/><N who="1" m="49259" /><E110/><V60/><F81/><N who="1" m="30729" /><E89/><V11/><F109/><W49/><G131/><T65/><D80/><U86/><E86/><V71/><F71/><W113/><G111/><T95/><D76/><U94/><E94/><V74/><F74/><W40/><G78/><T93/><D95/><U121/><E121/><V22/><F22/><W88/><G88/><T9/><D93/><U47/><E47/><V53/><F53/><W13/><G64/><T4/><D45/><U26/><E26/><V124/><F124/><W44/><G69/><T48/><D46/><U73/><E73/><V122/><F122/><W29/><G25/><T99/><D75/><U108/><E108/><V54/><F54/><W101/><G113/><T41/><D87/><U72/><E72/><V106/><REACH who="2" step="1"/><F23/><REACH who="2" ten="190,260,210,330" step="2"/><W63/><G107/><T56/><D21/><U51/><E51/><V62/><F62/><W79/><G63/><T42/><D48/><U0/><E105/><V103/><F103/><W33/><G101/><T43/><D35/><U15/><E97/><V127/><F127/><W85/><G33/><T84/><D99/><U92/><E132/><V50/><F50/><W100/><G49/><T16/><D135/><U20/><E133/><V24/><F24/><RYUUKYOKU ba="1,1" sc="190,-10,260,-10,210,30,330,-10" hai2="5,11,12,27,34,37,39,60,66,70,96,102,106" />
</Scene>
<Scene>
<INIT seed="2,2,1,5,5,67" ten="180,250,240,320" oya="2" hai0="14,0,41,82,114,104,99,98,135,18,31,49,126" hai1="78,13,133,43,7,48,45,106,19,36,79,24,52" hai2="15,29,97,21,59,102,105,55,84,77,74,89,4" hai3="112,121,5,101,11,129,72,109,110,120,33,88,87"/><V25/><F4/><W111/><G129/><T51/><D114/><U38/><E106/><V28/><F15/><N who="3" m="5615" /><G112/><T10/><D135/><U130/><E133/><V134/><F134/><W80/><G33/><T122/><D122/><U56/><E130/><V96/><F96/><W12/><G101/><T91/><D126/><U119/><E119/><V27/><F77/><N who="3" m="44071" /><G12/><T57/><D0/><U8/><E38/><V37/><F74/><W23/><G23/><T76/><D31/><U44/><E44/><V71/><F37/><W20/><G20/><T63/><D91/><U30/><REACH who="1" step="1"/><E7/><REACH who="1" ten="180,240,240,320" step="2"/><V53/><F59/><W2/><G2/><T90/><D57/><U92/><E92/><AGARI ba="2,2" hai="87,88,92,109,110,111,120,121" m="44071,5615" machi="92" ten="30,2000,0" yaku="14,1,54,1" doraHai="67" who="3" fromWho="1" sc="180,0,240,-26,240,0,320,46" />
</Scene>
<Scene>
<INIT seed="3,0,0,4,2,121" ten="180,214,240,366" oya="3" hai0="129,100,82,98,122,91,107,53,81,7,127,99,56" hai1="68,52,126,26,62,123,11,120,49,79,51,27,47" hai2="16,2,64,104,13,71,86,42,35,66,60,67,59" hai3="39,55,96,15,134,4,97,74,78,90,75,38,77"/><W118/><G118/><T95/><D122/><U80/><E126/><V17/><F2/><W117/><G117/><T135/><D129/><U57/><E68/><V101/><F35/><W130/><G55/><T115/><D115/><U84/><E11/><V37/><F104/><W20/><G20/><T65/><D135/><U94/><E120/><V111/><F101/><W28/><G28/><T48/><D127/><U54/><E123/><V44/><F71/><W85/><G15/><T87/><D7/><U19/><E19/><V128/><F128/><W50/><G50/><T133/><D133/><U63/><E94/><V46/><F46/><W24/><G24/><AGARI ba="0,0" hai="24,26,27,47,49,51,52,54,57,62,63,79,80,84" machi="24" ten="40,2600,0" yaku="8,1,54,1" doraHai="121" who="1" fromWho="3" sc="180,0,214,26,240,0,366,-26" />
</Scene>
<Scene>
<INIT seed="4,0,0,5,5,65" ten="180,240,240,340" oya="0" hai0="54,112,68,24,104,76,26,31,93,80,84,89,37" hai1="69,15,53,17,12,102,79,51,35,118,57,126,132" hai2="44,133,130,71,4,86,48,115,28,70,100,85,108" hai3="103,56,59,96,77,124,58,0,87,23,40,18,74"/><T42/><D104/><U25/><E118/><V20/><F108/><W91/><G0/><T10/><D112/><U50/><E126/><V125/><F4/><W105/><G124/><T6/><D26/><U43/><E132/><V134/><F125/><W75/><G40/><T119/><D54/><U120/><E120/><V127/><F127/><W82/><REACH who="3" step="1"/><G77/><REACH who="3" ten="180,240,240,330" step="2"/><T33/><D119/><U101/><E79/><V83/><F133/><W41/><G41/><T64/><D42/><U131/><E43/><V7/><F134/><W11/><G11/><T107/><D37/><U60/><E131/><V9/><F9/><W29/><G29/><T81/><D107/><U73/><E101/><V106/><F100/><W99/><G99/><T34/><D34/><U111/><E102/><V13/><F28/><W45/><G45/><T47/><D47/><U49/><E35/><V117/><F44/><W61/><G61/><T92/><D64/><U36/><E36/><V22/><F106/><W128/><G128/><T21/><D33/><U3/><E3/><V30/><F130/><W2/><G2/><T88/><D76/><U97/><E97/><V95/><F117/><W39/><G39/><T114/><D114/><U38/><E38/><V16/><F115/><W62/><G62/><T135/><D135/><U129/><E60/><V19/><F30/><W122/><G122/><T52/><D52/><U116/><E53/><V63/><F63/><W46/><G46/><T14/><REACH who="0" step="1"/><D68/><REACH who="0" ten="170,240,240,330" step="2"/><U5/><E69/><V8/><F70/><W66/><G66/><T110/><D110/><U121/><E111/><RYUUKYOKU ba="0,2" sc="170,15,240,-15,240,-15,330,15" hai0="6,10,14,21,24,31,80,81,84,88,89,92,93" hai3="18,23,56,58,59,74,75,82,87,91,96,103,105" />
</Scene>
<Scene>
<INIT seed="4,1,2,1,4,96" ten="185,225,225,345" oya="0" hai0="105,47,41,20,5,69,124,65,116,122,123,61,39" hai1="68,42,118,59,103,32,67,35,127,84,97,81,82" hai2="71,104,113,3,100,16,115,78,4,111,51,88,30" hai3="74,11,15,128,125,90,23,8,130,17,117,2,121"/><T55/><D105/><U58/><E118/><V133/><F111/><W56/><G117/><T9/><D116/><U108/><E108/><V132/><F71/><W80/><G125/><T36/><D124/><U75/><E75/><V21/><F78/><N who="3" m="44119" /><G2/><T50/><D20/><U66/><E42/><V93/><F30/><W1/><G1/><T45/><REACH who="0" step="1"/><D39/><REACH who="0" ten="175,225,225,345" step="2"/><U27/><E127/><V83/><F104/><W38/><G23/><T134/><D134/><U73/><E32/><V70/><F132/><W31/><G38/><T19/><D19/><U120/><E35/><V95/><F133/><W46/><G17/><T135/><D135/><U64/><E120/><V62/><F16/><W110/><G121/><T77/><D77/><U126/><E126/><V112/><F21/><W119/><G110/><T72/><D72/><U24/><E73/><V109/><F109/><W26/><G119/><T91/><D91/><U22/><E22/><V106/><F106/><W102/><G90/><T13/><AGARI ba="1,3" hai="5,9,13,36,41,45,47,50,55,61,65,69,122,123" machi="13" ten="20,3900,0" yaku="1,1,0,1,7,1,53,0" doraHai="96" doraHaiUra="28" who="0" fromWho="0" sc="175,72,225,-14,225,-14,345,-14" />
</Scene>
<Scene>
<INIT seed="4,2,0,2,3,65" ten="247,211,211,331" oya="0" hai0="43,92,99,77,132,23,105,115,31,58,70,18,79" hai1="59,2,102,93,22,19,7,33,69,104,53,107,108" hai2="134,60,25,90,68,80,82,123,116,34,127,37,1" hai3="88,106,38,54,133,109,103,128,74,75,62,61,8"/><T130/><D105/><U122/><E108/><V89/><F123/><W21/><G38/><T101/><D31/><U67/><E122/><V47/><F1/><W63/><G109/><T125/><D115/><U49/><E33/><V52/><F127/><W35/><G35/><T85/><D125/><U55/><E7/><V114/><F114/><W20/><G103/><T13/><D130/><U64/><E2/><V124/><F124/><W110/><G106/><T40/><D132/><U16/><E93/><V111/><F111/><W51/><G110/><T126/><D126/><U42/><E42/><N who="0" m="15913" /><D70/><U78/><E78/><N who="0" m="29705" /><D58/><U30/><E69/><V41/><F134/><W57/><G133/><T12/><D85/><U48/><E59/><V28/><F116/><W135/><G128/><T56/><D56/><U9/><E30/><V24/><F24/><AGARI ba="2,0" hai="12,13,18,23,24,92,99,101" m="29705,15913" machi="24" ten="30,1500,0" yaku="8,1" doraHai="65" who="0" fromWho="2" sc="247,21,211,0,211,-21,331,0" />
</Scene>
<Scene>
<INIT seed="4,3,0,3,1,99" ten="268,211,190,331" oya="0" hai0="3,10,116,1,32,51,126,98,71,52,101,7,110" hai1="88,135,35,133,102,67,118,127,49,38,78,59,14" hai2="105,95,19,89,18,131,124,54,106,115,80,12,77" hai3="104,134,45,132,96,28,33,130,111,93,108,55,42"/><T68/><D116/><U20/><E38/><V26/><F115/><W21/><G55/><T16/><D32/><U91/><E35/><V48/><F124/><W50/><G33/><T37/><D37/><U53/><E78/><V31/><F131/><W112/><G104/><T40/><D40/><U56/><E118/><V103/><F19/><W25/><G112/><T97/><D97/><U44/><E127/><V86/><F26/><W114/><G130/><T29/><D29/><U75/><E75/><V15/><F31/><W70/><G70/><T60/><D60/><N who="1" m="38279" /><E44/><V27/><F27/><W2/><G2/><T87/><D3/><U63/><E63/><V90/><F15/><W81/><G81/><T47/><D110/><U4/><E102/><V65/><F65/><W11/><G11/><T100/><D126/><U76/><E76/><V74/><F90/><N who="3" m="55351" /><G114/><T92/><D68/><U62/><E62/><V61/><F61/><W43/><G43/><T41/><D71/><U17/><E4/><V64/><F64/><W119/><G119/><T24/><D41/><U0/><E0/><V46/><REACH who="2" step="1"/><F103/><REACH who="2" ten="268,211,180,331" step="2"/><W107/><G25/><T125/><D125/><U66/><E66/><V23/><AGARI ba="3,1" hai="12,18,23,46,48,54,74,77,80,86,89,95,105,106" machi="23" ten="20,5200,0" yaku="1,1,2,1,0,1,7,1,53,0" doraHai="99" doraHaiUra="5" who="2" fromWho="2" sc="268,-29,211,-16,180,71,331,-16" />
</Scene>
<Scene>
<INIT seed="5,0,0,2,5,82" ten="239,195,251,315" oya="1" hai0="104,70,6,111,33,22,133,14,47,85,101,66,1" hai1="25,109,120,29,92,24,42,58,131,68,122,119,74" hai2="95,134,121,80,10,114,45,135,18,55,118,93,19" hai3="94,123,3,86,30,78,69,99,11,62,84,132,49"/><U53/><E119/><V48/><F118/><W59/><G123/><T77/><D111/><U126/><E68/><V91/><F121/><W12/><G3/><T125/><D33/><U46/><E74/><V28/><F28/><W31/><G69/><T38/><D1/><U96/><E109/><V5/><F114/><W107/><G49/><T40/><D70/><U36/><E126/><V32/><F32/><W65/><G107/><T108/><D66/><U102/><E131/><V76/><F18/><N who="3" m="8479" /><G132/><N who="2" m="50729" /><F91/><N who="3" m="55775" /><G78/><T129/><D77/><U54/><E54/><V72/><F19/><W97/><G97/><T35/><D35/><U26/><REACH who="1" step="1"/><E29/><AGARI ba="0,0" hai="29,30,31,59,62,65,84,86" m="55775,8479" machi="29" ten="30,3900,0" yaku="8,1,52,2" doraHai="82" who="3" fromWho="1" sc="239,0,195,-39,251,0,315,39" />
</Scene>
<Scene>
<INIT seed="6,0,0,0,5,133" ten="239,156,251,354" oya="2" hai0="81,113,22,57,60,126,63,33,10,41,118,30,32" hai1="94,92,123,95,44,68,34,96,110,5,26,67,135" hai2="130,69,16,80,31,107,58,15,1,47,82,49,2" hai3="28,59,64,93,3,116,73,50,122,29,55,90,27"/><V104/><F69/><W38/><G38/><T114/><D118/><U40/><E110/><V75/><F31/><W102/><G73/><T70/><D41/><U66/><E135/><V43/><F130/><W134/><G3/><T86/><D10/><U52/><E123/><V74/><F74/><W124/><G134/><T79/><D126/><U106/><E5/><V127/><F127/><W62/><G116/><T131/><D131/><U87/><E68/><V91/><F58/><W42/><G124/><T88/><D79/><U132/><E132/><V76/><F80/><W103/><G42/><T12/><D70/><U54/><E34/><V99/><F107/><W14/><G14/><T48/><D48/><U53/><E26/><V61/><F61/><W9/><G9/><T0/><D0/><U65/><E87/><V109/><F109/><W108/><G122/><T77/><D77/><U97/><E106/><V19/><F19/><W101/><G27/><N who="0" m="16759" /><D12/><U98/><E40/><V46/><F46/><AGARI ba="0,0" hai="44,46,52,53,54,65,66,67,92,94,95,96,97,98" machi="46" ten="50,32000,5" yakuman="41" doraHai="133" who="1" fromWho="2" sc="239,0,156,320,251,-320,354,0" owari="239,-16.0,476,58.0,-69,-57.0,354,15.0" />
</Scene>
</mjloggm>