<mjloggm ver="2.3"><GO type="169" lobby="0"/><UN n0="%E6%A1%9C%E4%BA%95%E3%81%95%E3%82%93" n1="%E5%A4%AA%E3%81%8F%E3%81%AA%E3%81%84%E3%81%8A" n2="%E3%83%97%E3%83%AD%E3%82%AD%E3%82%B7%E3%83%BC" n3="%E4%B8%A6%E3%81%BF%E3%81%AE%E7%AB%9C" dan="17,18,16,17" rate="2171.36,2225.20,2156.25,2227.72" sx="M,F,M,M"/><TAIKYOKU oya="0"/>

<Scene>
<INIT seed="0,0,0,3,5,23" ten="250,250,250,250" oya="0" hai0="12,126,58,34,14,60,100,114,128,97,90,7,24" hai1="38,1,113,40,30,50,117,49,69,95,44,10,18" hai2="84,80,134,9,133,73,70,77,48,122,15,87,118" hai3="107,82,115,36,32,74,22,127,13,11,66,25,8"/><T75/><D114/><U68/><E117/><V89/><F122/><W76/><G107/><T39/><D39/><U92/><E113/><V103/><F70/><W61/><G32/><T111/><D75/><U94/><E30/><V0/><F0/><W33/><G33/><T78/><D78/><U93/><N who="1" m="23552" /><DORA hai="26" /><U45/><E38/><V55/><F103/><W130/><G36/><T3/><D90/><U129/><E129/><V104/><F104/><W72/><G130/><T31/><D128/><U91/><E91/><V106/><F106/><W67/><G127/><T96/><D126/><U51/><E51/><V116/><F89/><W47/><G67/><T109/><D3/><U4/><REACH who="1" step="1"/><E18/><REACH who="1" ten="250,240,250,250" step="2"/><V27/><F118/><W88/><G88/><T71/><D100/><U62/><E62/><V99/><F116/><W52/><G115/><T53/><D97/><U20/><E20/><V56/><F99/><W37/><G37/><T57/><D96/><U64/><E64/><V46/><F48/><W17/><G66/><T16/><D16/><U43/><AGARI ba="0,1" hai="1,4,10,40,43,44,45,49,50,68,69" m="23552" machi="43" ten="40,5200,0" yaku="1,1,0,1,9,1,53,0" doraHai="23,26" doraHaiUra="28,81" who="1" fromWho="1" sc="250,-26,240,62,250,-13,250,-13" />
</Scene>
<Scene>
<INIT seed="1,0,0,3,2,38" ten="224,302,237,237" oya="1" hai0="81,66,90,129,116,65,5,64,12,14,46,7,22" hai1="133,0,37,8,53,55,122,75,96,9,119,18,32" hai2="94,28,91,109,100,60,57,1,45,123,79,102,103" hai3="15,97,117,54,58,86,69,121,118,17,126,113,131"/><U20/><E119/><N who="3" m="45578" /><G69/><T127/><D116/><U21/><E122/><V85/><F123/><W13/><G121/><T56/><D129/><U89/><E32/><V3/><F109/><W4/><G113/><T34/><D34/><U27/><E75/><V25/><F79/><W108/><G126/><T72/><D127/><U36/><E133/><V35/><REACH who="2" step="1"/><F45/><REACH who="2" ten="224,302,227,237" step="2"/><W62/><G108/><T104/><D46/><U23/><E37/><V40/><F40/><W16/><G131/><T88/><D72/><U78/><E78/><V50/><F50/><W67/><G86/><N who="0" m="50255" /><D56/><U70/><E36/><V24/><F24/><W93/><G67/><AGARI ba="0,1" hai="1,3,25,28,35,57,60,67,85,91,94,100,102,103" machi="67" ten="40,1300,0" yaku="1,1,53,0" doraHai="38" doraHaiUra="92" who="2" fromWho="3" sc="224,0,302,0,227,23,237,-13" />
</Scene>
<Scene>
<INIT seed="2,0,0,2,4,7" ten="224,302,250,224" oya="2" hai0="45,70,10,56,6,52,27,21,9,118,116,15,111" hai1="98,31,135,74,123,22,30,65,81,93,23,86,2" hai2="43,1,102,132,69,117,26,13,110,91,119,97,46" hai3="78,48,103,14,51,67,60,131,101,94,115,29,11"/><V83/><F1/><W54/><G131/><T3/><D70/><U57/><E74/><V80/><F69/><W120/><G120/><T88/><D111/><U39/><E39/><V73/><F132/><W61/><G78/><T20/><D45/><U89/><E2/><V100/><F110/><W79/><G115/><T96/><D96/><U122/><E135/><V95/><F26/><W16/><G29/><N who="1" m="10762" /><E123/><V75/><F13/><W25/><G25/><T106/><D106/><U71/><E71/><V0/><F46/><W77/><G51/><N who="0" m="30751" /><D88/><N who="1" m="51279" /><E122/><V114/><F0/><W58/><G61/><AGARI ba="0,0" hai="22,23,57,61,65,89,93,98" m="51279,10762" machi="61" ten="30,2000,0" yaku="8,1,54,1" doraHai="7" who="1" fromWho="3" sc="224,0,302,20,250,0,224,-20" />
</Scene>
<Scene>
<INIT seed="3,0,0,1,4,75" ten="224,322,250,204" oya="3" hai0="67,130,33,110,120,124,117,133,100,111,28,47,102" hai1="73,29,13,106,93,3,32,36,135,98,2,101,82" hai2="90,134,65,8,9,113,58,43,0,15,5,24,39" hai3="17,48,35,18,95,70,14,34,30,10,96,60,64"/><W71/><G71/><T53/><D117/><U105/><E13/><V85/><F113/><W46/><G30/><T41/><D120/><U11/><E135/><V63/><F134/><W74/><G74/><T16/><D133/><U127/><E127/><V91/><F24/><W128/><G18/><T92/><D124/><U129/><E129/><V55/><F43/><W21/><G10/><T25/><D130/><U69/><E93/><V51/><F39/><W81/><G81/><T119/><D119/><U109/><E105/><V1/><F85/><W78/><G78/><T68/><D53/><U116/><E116/><V89/><REACH who="2" step="1"/><F9/><REACH who="2" ten="224,322,240,204" step="2"/><W103/><REACH who="3" step="1"/><G128/><REACH who="3" ten="224,322,240,194" step="2"/><T126/><D126/><U45/><E11/><V56/><AGARI ba="0,2" hai="0,1,5,8,15,51,55,56,58,63,65,89,90,91" machi="56" ten="30,7900,0" yaku="1,1,2,1,0,1,53,1" doraHai="75" doraHaiUra="49" who="2" fromWho="2" sc="224,-20,322,-20,240,99,194,-39" />
</Scene>
<Scene>
<INIT seed="4,0,0,2,2,84" ten="204,302,339,155" oya="0" hai0="134,120,47,83,112,67,38,19,122,89,130,18,91" hai1="102,53,29,93,96,43,77,42,121,63,90,74,103" hai2="86,46,50,70,108,80,45,68,107,79,49,118,12" hai3="71,126,54,3,87,23,92,51,11,30,20,25,72"/><T32/><D32/><U64/><E121/><V56/><F107/><W75/><G71/><T73/><D112/><U124/><E124/><V119/><F108/><W66/><G126/><T13/><D130/><U127/><E127/><V35/><F35/><W21/><G72/><T6/><D134/><U2/><E2/><V24/><F24/><W10/><G75/><T17/><D67/><U98/><E29/><V101/><F101/><W0/><G0/><T128/><D128/><U69/><E53/><V61/><F12/><W1/><G1/><T40/><D73/><U31/><E31/><V110/><F110/><W125/><G66/><T7/><D83/><U48/><E48/><N who="2" m="18539" /><F45/><W97/><G87/><T117/><D117/><N who="2" m="44554" /><F46/><W44/><G125/><T135/><D135/><U104/><REACH who="1" step="1"/><E103/><REACH who="1" ten="204,292,339,155" step="2"/><V131/><F131/><W55/><G54/><AGARI ba="0,1" hai="54,56,61,68,70,79,80,86" m="44554,18539" machi="54" ten="30,1000,0" yaku="12,1" doraHai="84" who="2" fromWho="3" sc="204,0,292,0,339,20,155,-10" />
</Scene>
<Scene>
<INIT seed="5,0,0,5,1,129" ten="204,292,359,145" oya="1" hai0="29,9,100,24,104,65,36,114,15,91,88,58,115" hai1="98,49,99,116,90,60,59,94,85,109,35,113,131" hai2="103,72,19,31,126,30,105,121,122,14,0,102,8" hai3="3,67,54,78,97,41,93,6,81,120,16,124,133"/><U38/><E38/><V96/><F72/><W44/><G120/><T92/><D36/><U1/><E116/><V47/><F126/><W110/><G110/><T18/><D104/><U119/><E119/><V86/><F103/><W118/><G118/><T26/><D100/><U89/><E1/><V10/><F47/><W27/><G67/><T82/><D26/><U42/><E35/><V69/><F69/><W37/><G54/><T95/><D82/><U132/><E131/><V57/><F57/><W66/><G66/><T55/><D65/><N who="1" m="39071" /><E113/><N who="0" m="43017" /><D95/><N who="1" m="54703" /><E109/><V34/><F34/><W39/><G124/><T12/><D92/><U123/><E123/><V11/><F0/><W117/><G39/><T25/><D15/><U45/><E132/><V79/><F122/><W13/><G27/><N who="0" m="10315" /><D29/><U125/><E125/><V62/><F31/><W61/><G133/><T83/><D83/><U4/><E4/><V111/><F30/><W134/><G134/><T50/><AGARI ba="0,0" hai="9,12,18,50,55,58,88,91" m="10315,43017" machi="50" ten="30,2000,0" yaku="15,1,54,1" doraHai="129" who="0" fromWho="0" sc="204,20,292,-10,359,-5,145,-5" />
</Scene>
<Scene>
<INIT seed="6,0,0,0,4,7" ten="224,282,354,140" oya="2" hai0="132,16,14,5,35,8,133,89,45,128,62,131,126" hai1="125,27,68,99,53,84,25,60,103,71,0,50,12" hai2="107,93,124,63,106,75,49,6,85,54,109,38,29" hai3="116,112,26,39,18,30,118,37,134,87,2,120,10"/><V4/><F75/><W82/><G120/><T80/><D62/><U20/><E0/><V73/><F73/><W86/><G134/><N who="0" m="51819" /><D45/><U24/><E125/><V43/><F38/><W97/><G87/><N who="0" m="50407" /><D35/><U67/><E71/><V9/><F29/><W129/><G129/><N who="0" m="49739" /><D126/><U47/><E84/><V13/><F85/><W34/><G39/><T66/><D66/><U81/><E81/><V32/><F63/><W88/><G37/><T130/><D130/><U77/><E77/><V33/><F32/><W101/><G112/><T114/><D5/><U55/><E55/><V15/><F4/><W52/><G52/><T117/><D117/><U111/><E111/><V95/><F6/><W83/><G2/><T113/><AGARI ba="0,0" hai="8,14,16,113,114" m="49739,50407,51819" machi="113" ten="40,8000,1" yaku="20,1,19,1,52,1,54,1" doraHai="7" who="0" fromWho="0" sc="224,80,282,-20,354,-40,140,-20" />
</Scene>
<Scene>
<INIT seed="7,0,0,0,1,61" ten="304,262,314,120" oya="3" hai0="74,31,25,75,95,11,109,69,2,16,6,83,59" hai1="118,18,51,120,115,43,65,84,106,15,50,33,13" hai2="54,78,103,114,86,72,60,4,99,125,7,20,52" hai3="87,41,55,122,116,94,127,9,111,126,121,70,112"/><W5/><G116/><T135/><D109/><U38/><E120/><V23/><F72/><W132/><G111/><T88/><D69/><U101/><E33/><V105/><F114/><W40/><G112/><T133/><D59/><U110/><E110/><V58/><F125/><N who="3" m="47627" /><G132/><N who="0" m="50763" /><D16/><U64/><E115/><V57/><F78/><W3/><G70/><T107/><D83/><U21/><E118/><V67/><F86/><W42/><G55/><T131/><D107/><U128/><E128/><V62/><F67/><N who="1" m="25673" /><E38/><V119/><F119/><W56/><G56/><T82/><D82/><U12/><E106/><V129/><F129/><W63/><G63/><T80/><D80/><U92/><E43/><N who="3" m="11010" /><W66/><DORA hai="98" /><G66/><T26/><D131/><U104/><E104/><V81/><F81/><W36/><G36/><T77/><D77/><U0/><E0/><V48/><F48/><N who="1" m="18473" /><E101/><V123/><F123/><W37/><G37/><T45/><D45/><U1/><E1/><V34/><F34/><W130/><G130/><T14/><D2/><U73/><E73/><N who="0" m="27657" /><D31/><U91/><AGARI ba="0,0" hai="12,13,15,18,21,84,91,92" m="18473,25673" machi="91" ten="30,7900,0" yaku="8,1,52,3" doraHai="61,98" who="1" fromWho="1" sc="304,-20,262,79,314,-20,120,-39" owari="284,-12.0,341,45.0,294,9.0,81,-42.0" />
</Scene>
</mjloggm>