<mjloggm ver="2.3"><GO type="169" lobby="0"/><UN n0="%75%73%6B%31%31%31%35" n1="%E3%81%AE%E3%81%B3%E3%81%97%E3%82%8D%E2%99%82" n2="%70%6F%6E%5F%6B%61%73%75" n3="%E5%A4%AA%E3%81%8F%E3%81%AA%E3%81%84%E3%81%8A" dan="16,16,16,19" rate="2186.59,2086.07,2071.45,2330.35" sx="M,M,M,F"/><TAIKYOKU oya="0"/>

<Scene>
<INIT seed="0,0,0,0,3,40" ten="250,250,250,250" oya="0" hai0="16,118,50,68,20,66,14,11,117,12,135,76,77" hai1="59,47,15,0,84,32,6,111,49,121,4,97,134" hai2="75,104,132,24,52,31,54,64,29,30,36,119,71" hai3="112,125,93,90,37,9,58,43,80,102,73,128,53"/><T120/><D120/><U79/><E121/><V103/><F75/><W19/><G112/><T129/><D129/><U65/><E0/><V34/><F132/><W46/><G128/><T94/><D135/><U55/><E134/><V26/><F36/><W38/><G125/><T99/><D117/><U133/><E133/><V89/><F119/><W87/><G38/><T56/><D68/><U116/><E32/><V51/><F89/><W67/><G67/><T17/><D118/><U62/><E111/><V57/><F24/><W27/><G102/><T109/><D109/><U35/><E35/><V21/><F54/><W78/><G27/><T130/><D130/><U131/><E131/><V5/><F21/><W123/><G123/><T108/><D108/><U60/><E116/><V10/><F10/><W48/><G9/><T39/><D39/><U91/><E79/><V8/><F8/><W61/><G19/><T45/><D56/><U83/><E97/><N who="2" m="61551" /><F5/><W72/><REACH who="3" step="1"/><G37/><REACH who="3" ten="250,250,250,240" step="2"/><T69/><D66/><U85/><E15/><V44/><F57/><W122/><G122/><T100/><REACH who="0" step="1"/><D69/><REACH who="0" ten="240,250,250,240" step="2"/><U41/><E65/><V124/><F124/><W2/><G2/><T63/><D63/><AGARI ba="0,2" hai="26,29,30,31,34,44,51,52,63,64,71" m="61551" machi="63" ten="30,3900,0" yaku="25,1,52,1,54,1" doraHai="40" who="2" fromWho="0" sc="240,-39,250,0,250,59,240,0" />
</Scene>
<Scene>
<INIT seed="1,0,0,4,3,105" ten="201,250,309,240" oya="1" hai0="103,135,55,53,132,29,96,20,128,43,49,116,14" hai1="36,31,0,125,45,81,123,60,47,10,122,44,16" hai2="119,92,84,111,87,109,78,34,129,94,85,7,61" hai3="99,108,65,126,33,67,54,5,25,63,46,71,90"/><U97/><E125/><V42/><F34/><W39/><G126/><T66/><D116/><U23/><E36/><V95/><F119/><W30/><G108/><N who="2" m="41545" /><F7/><W13/><G65/><T104/><D66/><U57/><E31/><V134/><F42/><W112/><G112/><T101/><D101/><U32/><E32/><V118/><F61/><W117/><G117/><T70/><D70/><U64/><E97/><V21/><F21/><W59/><G90/><T124/><D124/><U11/><E81/><N who="2" m="47159" /><F118/><W110/><G99/><T76/><D76/><U93/><E93/><N who="2" m="35947" /><F134/><W107/><G110/><T80/><D135/><U86/><E0/><V89/><F129/><W18/><G5/><T83/><D128/><U38/><E38/><V98/><AGARI ba="0,0" hai="85,87,89,95,98" m="35947,47159,41545" machi="98" ten="30,4000,0" yaku="14,1,34,2" doraHai="105" who="2" fromWho="2" sc="201,-10,250,-20,309,40,240,-10" />
</Scene>
<Scene>
<INIT seed="2,0,0,0,3,5" ten="191,230,349,230" oya="2" hai0="47,80,1,8,130,7,89,105,129,71,132,101,117" hai1="81,102,24,36,23,83,17,29,128,56,10,61,96" hai2="13,82,20,113,69,73,27,98,39,95,123,126,57" hai3="60,49,103,131,0,22,88,79,120,90,127,18,133"/><V4/><F126/><W41/><G120/><T99/><D71/><U44/><E128/><N who="0" m="49257" /><D132/><U92/><E36/><V85/><F69/><W78/><G0/><T135/><D135/><U97/><E44/><V114/><F73/><W43/><G103/><T104/><D117/><U110/><E110/><V116/><F39/><W2/><G2/><T28/><D28/><U53/><E96/><V93/><F93/><W84/><G127/><T54/><D104/><U51/><E51/><V76/><F123/><W52/><G60/><T19/><D19/><U59/><E56/><V55/><F116/><W118/><G133/><T122/><D122/><U106/><E106/><V112/><F13/><AGARI ba="0,0" hai="10,13,17,23,24,29,53,59,61,81,83,92,97,102" machi="13" ten="40,2600,0" yaku="8,1,52,1" doraHai="5" who="1" fromWho="2" sc="191,0,230,26,349,-26,230,0" />
</Scene>
<Scene>
<INIT seed="3,0,0,4,4,97" ten="191,256,323,230" oya="3" hai0="83,128,93,84,69,124,48,6,52,68,45,2,89" hai1="41,103,119,5,108,64,130,120,57,85,14,18,102" hai2="96,22,77,59,105,21,53,58,122,28,8,33,111" hai3="62,109,47,43,123,31,131,25,116,91,56,70,26"/><W44/><G116/><T7/><D128/><U9/><E120/><V72/><F122/><W19/><G123/><T104/><D104/><U78/><E130/><V99/><F111/><W13/><G70/><T4/><D124/><U115/><E115/><V20/><F8/><W98/><G131/><T134/><D134/><U40/><E108/><V74/><F59/><W51/><G109/><T114/><D114/><U17/><E119/><V34/><F96/><W113/><G113/><T106/><D106/><U24/><E78/><V49/><F77/><W73/><G73/><T90/><REACH who="0" step="1"/><D2/><REACH who="0" ten="181,256,323,230" step="2"/><U133/><E133/><V82/><F105/><W81/><G31/><T129/><D129/><U10/><E85/><AGARI ba="0,1" hai="4,6,7,45,48,52,68,69,83,84,85,89,90,93" machi="85" ten="40,2600,0" yaku="1,1,54,1,53,0" doraHai="97" doraHaiUra="107" who="0" fromWho="1" sc="181,36,256,-26,323,0,230,0" />
</Scene>
<Scene>
<INIT seed="4,0,0,2,2,77" ten="217,230,323,230" oya="0" hai0="17,38,31,10,105,99,72,114,107,58,62,24,91" hai1="106,30,123,15,89,135,37,95,128,90,45,39,74" hai2="9,42,82,122,3,69,80,87,75,63,47,110,71" hai3="52,13,66,2,93,98,102,125,35,34,115,26,116"/><T70/><D38/><U7/><E123/><V25/><F122/><W19/><G116/><T27/><D72/><U101/><E106/><V130/><F110/><W41/><G2/><T76/><D76/><U57/><E135/><V79/><F130/><W8/><G41/><T14/><D70/><U55/><E101/><V48/><F63/><W117/><G117/><T109/><D114/><U12/><E89/><N who="2" m="51431" /><F48/><W16/><G66/><T84/><D109/><U11/><E74/><V132/><F25/><W40/><G40/><T127/><D127/><U0/><E128/><V100/><F100/><W22/><G115/><T1/><D1/><U104/><E104/><V4/><F132/><W111/><G111/><T46/><D46/><U61/><E30/><V88/><F88/><W18/><G125/><T43/><D43/><U126/><E126/><V81/><F81/><W29/><REACH who="3" step="1"/><G52/><REACH who="3" ten="217,230,323,220" step="2"/><T119/><D119/><U124/><E124/><V131/><F131/><W92/><G92/><N who="0" m="54375" /><D107/><U32/><E45/><V112/><F112/><W33/><AGARI ba="0,1" hai="8,13,16,18,19,22,26,29,33,34,35,93,98,102" machi="33" ten="30,4000,0" yaku="1,1,0,1,54,1,53,0" doraHai="77" doraHaiUra="51" who="3" fromWho="3" sc="217,-20,230,-10,323,-10,220,50" />
</Scene>
<Scene>
<INIT seed="5,0,0,3,3,79" ten="197,220,313,270" oya="1" hai0="94,83,106,65,40,15,96,31,45,5,121,39,85" hai1="82,93,112,26,108,66,9,54,116,53,51,41,27" hai2="130,103,73,84,132,46,90,28,48,2,52,133,101" hai3="18,0,99,100,88,97,49,80,13,4,16,11,114"/><U38/><E116/><V22/><F73/><W68/><G68/><T60/><D121/><U30/><E38/><V33/><F33/><W64/><G64/><T32/><D106/><U134/><E112/><V59/><F2/><W24/><G114/><T20/><D32/><U19/><E134/><N who="2" m="51819" /><F130/><W21/><G100/><T124/><D124/><U105/><E105/><V104/><F104/><W23/><REACH who="3" step="1"/><G49/><REACH who="3" ten="197,220,313,260" step="2"/><T14/><D65/><U127/><E66/><V56/><F103/><W87/><AGARI ba="0,1" hai="0,4,11,13,16,18,21,23,24,80,87,88,97,99" machi="87" ten="30,12000,2" yaku="1,1,2,1,0,1,52,1,54,2,53,1" doraHai="79" doraHaiUra="6" who="3" fromWho="3" sc="197,-30,220,-60,313,-30,260,130" />
</Scene>
<Scene>
<INIT seed="6,0,0,5,5,54" ten="167,160,283,390" oya="2" hai0="20,67,92,103,115,57,116,21,63,22,79,40,74" hai1="101,73,7,109,16,75,19,105,18,35,128,64,68" hai2="11,41,80,5,45,17,30,134,26,8,110,29,44" hai3="10,70,43,96,52,37,62,51,23,99,32,6,34"/><V27/><F134/><W95/><G23/><T90/><D103/><U0/><E109/><V60/><F110/><W69/><G96/><T130/><D130/><U82/><E35/><V49/><F17/><W123/><G123/><T89/><D116/><U94/><E105/><V83/><F60/><W36/><G36/><T24/><D115/><U81/><E128/><V113/><F113/><W108/><G108/><T87/><D40/><U46/><E46/><V77/><F45/><N who="3" m="23791" /><G70/><T13/><D13/><U1/><E64/><V122/><F122/><W48/><G48/><T9/><D9/><U71/><E19/><V100/><F100/><N who="3" m="60543" /><G10/><T107/><D107/><U65/><E94/><V106/><F106/><W12/><G12/><T55/><D90/><U129/><E65/><V31/><F8/><W72/><G72/><T126/><D67/><U42/><E42/><V76/><F80/><W28/><G51/><T118/><D118/><U93/><E93/><V59/><F77/><W111/><G32/><T3/><D3/><U2/><E2/><V25/><F11/><W86/><G34/><T33/><D33/><U124/><E101/><V135/><F5/><W132/><G6/><T15/><D15/><U66/><E66/><V4/><F4/><W127/><G111/><T114/><D114/><U53/><E7/><V88/><F76/><W131/><G131/><T104/><D104/><U121/><E129/><V84/><F135/><W56/><G132/><T102/><D102/><U38/><E121/><V39/><F39/><W58/><G69/><T119/><D119/><U133/><E133/><RYUUKYOKU ba="0,0" sc="167,-10,160,-10,283,30,390,-10" hai2="25,26,27,29,30,31,41,44,49,59,83,84,88" />
</Scene>
<Scene>
<INIT seed="6,1,0,2,4,15" ten="157,150,313,380" oya="2" hai0="77,37,40,107,59,38,45,117,116,36,86,92,122" hai1="100,41,87,121,126,52,99,10,32,6,129,18,4" hai2="53,22,104,56,64,120,1,30,35,42,19,68,76" hai3="62,84,66,80,127,96,44,124,114,24,33,9,63"/><V95/><F120/><W3/><G114/><T20/><D122/><U74/><E74/><V43/><F104/><W27/><G96/><T47/><D107/><U61/><E121/><V34/><F1/><W0/><G44/><T115/><D115/><U70/><E32/><V48/><F34/><W82/><G33/><T131/><D131/><U89/><E129/><V55/><F76/><W60/><G66/><T16/><D59/><N who="1" m="35047" /><E70/><V25/><F55/><W29/><G29/><T28/><D28/><U39/><E39/><V101/><F101/><W58/><G58/><T111/><D111/><U78/><E78/><V75/><F95/><W13/><G0/><T88/><D77/><U128/><E128/><V79/><F79/><N who="3" m="46111" /><G82/><T49/><REACH who="0" step="1"/><D45/><REACH who="0" ten="147,150,313,380" step="2"/><U54/><E126/><V50/><F75/><W67/><G127/><T134/><D134/><U14/><E41/><V85/><F43/><W132/><G132/><T106/><D106/><U12/><E54/><V94/><F42/><W71/><G124/><T73/><D73/><U83/><E14/><AGARI ba="1,1" hai="14,16,20,36,37,38,40,47,49,86,88,92,116,117" machi="14" ten="40,8000,1" yaku="1,1,52,1,54,2,53,0" doraHai="15" doraHaiUra="110" who="0" fromWho="1" sc="147,93,150,-83,313,0,380,0" />
</Scene>
<Scene>
<INIT seed="7,0,0,1,0,100" ten="240,67,313,380" oya="3" hai0="84,80,129,68,39,17,38,115,81,49,13,16,116" hai1="133,127,74,90,23,1,106,135,21,67,108,34,10" hai2="83,54,93,57,24,50,75,37,104,70,22,7,124" hai3="30,28,58,109,87,69,4,77,12,126,66,6,91"/><W120/><G120/><T61/><D116/><U85/><E34/><V130/><F37/><W103/><G69/><T79/><D129/><U73/><E108/><V31/><F130/><W76/><G103/><T47/><D115/><U14/><E1/><V134/><F70/><W36/><G36/><T3/><D3/><U99/><E127/><V123/><F124/><W51/><G109/><T0/><D0/><U65/><E85/><V25/><F123/><W20/><G126/><T101/><D101/><U59/><E59/><V111/><F7/><N who="3" m="2603" /><G12/><T56/><D68/><U8/><E99/><V19/><F111/><W45/><G58/><T72/><D56/><U98/><E98/><V117/><F117/><W112/><G66/><T62/><D39/><U107/><E14/><V122/><F122/><W35/><G35/><T27/><D38/><U105/><REACH who="1" step="1"/><E107/><REACH who="1" ten="240,57,313,380" step="2"/><V15/><F104/><W125/><G87/><T114/><D114/><U63/><E63/><V40/><F24/><W110/><G112/><T113/><D113/><U9/><E9/><V82/><F75/><W42/><G110/><T5/><D27/><U55/><E55/><V60/><F93/><W44/><G125/><T132/><D62/><U64/><E64/><V78/><F78/><W92/><G76/><T11/><D61/><U118/><E118/><V89/><F89/><W33/><G91/><T29/><D79/><U102/><E102/><V26/><F26/><W41/><G77/><T52/><D11/><U94/><E94/><V96/><F25/><W131/><G33/><T95/><D13/><U86/><E86/><RYUUKYOKU ba="0,1" sc="240,-10,57,30,313,-10,380,-10" hai1="8,10,21,23,65,67,73,74,90,105,106,133,135" owari="230,-17.0,87,-41.0,303,10.0,380,48.0" />
</Scene>
</mjloggm>