<mjloggm ver="2.3"><GO type="169" lobby="0"/><UN n0="%73%65%69%6C" n1="%E5%A4%AA%E3%81%8F%E3%81%AA%E3%81%84%E3%81%8A" n2="%65%69%6B%31" n3="%E3%82%A4%E3%82%AB%E5%A8%98" dan="16,18,17,16" rate="2129.27,2209.45,2162.45,2050.83" sx="M,F,M,F"/><TAIKYOKU oya="0"/>

<Scene>
<INIT seed="0,0,0,5,5,48" ten="250,250,250,250" oya="0" hai0="37,8,135,36,70,45,86,14,35,47,82,89,79" hai1="130,38,57,108,58,9,41,80,77,119,102,33,51" hai2="20,31,11,110,68,74,34,28,12,29,97,106,46" hai3="24,7,73,63,103,116,78,44,114,53,5,56,61"/><T100/><D135/><U76/><E119/><V1/><F74/><W39/><G114/><T22/><D35/><U66/><E33/><V85/><F68/><W65/><G116/><T91/><D70/><U40/><E38/><V128/><F106/><W90/><G103/><T101/><D22/><U64/><E108/><V52/><F110/><W95/><G78/><T122/><D122/><U59/><E130/><V84/><F34/><W93/><G73/><T54/><D36/><U124/><E124/><V72/><F72/><W49/><G24/><T125/><D125/><U25/><E102/><N who="0" m="39529" /><D37/><U60/><E25/><V17/><F97/><W127/><G127/><T4/><D54/><U21/><E21/><V13/><F1/><W19/><G19/><T69/><D69/><U75/><E76/><V123/><F128/><W83/><G83/><T96/><D96/><U0/><E64/><V118/><F123/><W16/><G16/><T98/><D98/><U121/><E121/><V2/><F2/><W126/><G126/><T111/><D111/><U112/><E112/><V67/><F67/><W107/><G107/><T55/><D55/><U104/><E104/><V109/><F118/><W131/><G131/><T115/><D115/><U50/><E40/><V92/><F92/><N who="3" m="35403" /><G39/><T26/><D26/><U30/><E0/><V62/><F109/><W129/><G129/><T18/><D18/><U71/><E75/><V23/><F23/><W43/><G90/><AGARI ba="0,0" hai="4,8,14,45,47,79,82,86,89,90,91" m="39529" machi="90" ten="30,1500,0" yaku="8,1" doraHai="48" who="0" fromWho="3" sc="250,15,250,0,250,0,250,-15" />
</Scene>
<Scene>
<INIT seed="0,1,0,2,0,19" ten="265,250,250,235" oya="0" hai0="70,90,76,16,73,77,119,6,47,80,85,51,66" hai1="65,17,104,124,35,91,37,2,30,108,129,115,120" hai2="38,86,39,95,74,89,23,94,114,64,50,21,11" hai3="28,55,79,102,40,131,93,44,59,41,24,49,52"/><T105/><D119/><U26/><RYUUKYOKU type="yao9" ba="1,0" sc="265,0,250,0,250,0,235,0" hai1="2,17,26,30,35,37,65,91,104,108,115,120,124,129" />
</Scene>
<Scene>
<INIT seed="0,2,0,3,4,94" ten="265,250,250,235" oya="0" hai0="120,92,89,126,57,91,38,65,51,11,36,45,119" hai1="2,53,93,21,121,130,6,68,133,131,102,70,30" hai2="66,0,96,20,37,58,71,135,10,97,117,100,50" hai3="19,44,47,8,105,73,106,87,86,29,129,55,1"/><T79/><D120/><U15/><E121/><V74/><F74/><W56/><G73/><T134/><D119/><U113/><E133/><V67/><F37/><W9/><G129/><T62/><D134/><U40/><E40/><V69/><F135/><W77/><G29/><T60/><D126/><U18/><E113/><V54/><F117/><W98/><G1/><T103/><D79/><U128/><E30/><V132/><F132/><W32/><G32/><T107/><D107/><U46/><E2/><V39/><F39/><W7/><G7/><T5/><D38/><U4/><E46/><V25/><F69/><N who="1" m="26729" /><E53/><V125/><F125/><W109/><G109/><T16/><D36/><U108/><E108/><V49/><F71/><W35/><G35/><T43/><D60/><U33/><E33/><V90/><F50/><W24/><G105/><T84/><D5/><U99/><AGARI ba="2,0" hai="4,6,15,18,21,93,99,102,128,130,131" m="26729" machi="99" ten="40,2700,0" yaku="19,1,52,1" doraHai="94" who="1" fromWho="1" sc="265,-15,250,33,250,-9,235,-9" />
</Scene>
<Scene>
<INIT seed="1,0,0,0,5,119" ten="250,283,241,226" oya="1" hai0="91,129,47,121,41,122,10,71,66,97,42,74,52" hai1="115,21,0,13,111,33,120,18,59,130,46,20,131" hai2="29,48,124,44,64,60,5,40,9,75,50,39,78" hai3="54,105,106,7,126,61,25,79,89,51,65,113,8"/><U88/><E115/><V36/><F29/><W76/><G113/><T135/><D135/><U73/><E33/><V86/><F124/><W35/><G126/><T2/><D129/><N who="1" m="49163" /><E73/><V23/><F23/><W134/><G134/><T114/><D114/><U107/><E107/><V70/><F86/><W63/><G89/><T100/><D74/><U110/><E0/><V127/><F39/><W109/><G109/><N who="1" m="41482" /><E120/><N who="0" m="46185" /><D91/><U19/><E59/><V12/><F127/><W132/><G105/><N who="0" m="63631" /><D52/><U14/><E88/><V125/><F125/><W94/><G106/><T3/><D10/><N who="1" m="6455" /><E46/><V43/><F75/><W112/><G132/><T38/><D42/><U49/><E49/><V102/><F43/><W133/><G51/><T58/><D58/><U81/><E81/><V17/><F48/><W72/><G112/><T95/><D95/><U116/><E116/><V11/><F50/><W103/><G94/><T55/><D55/><U62/><E62/><AGARI ba="0,0" hai="2,3,38,41,47,62,66,71" m="63631,46185" machi="62" ten="30,8000,1" yaku="13,1,23,1,52,3" doraHai="119" who="0" fromWho="1" sc="250,80,283,-80,241,0,226,0" />
</Scene>
<Scene>
<INIT seed="2,0,0,2,2,37" ten="330,203,241,226" oya="2" hai0="62,129,100,16,24,79,20,71,94,2,53,42,68" hai1="114,106,97,8,130,88,123,58,64,67,93,23,56" hai2="44,18,98,96,120,36,3,21,19,82,118,105,109" hai3="73,74,17,125,49,55,77,11,50,1,25,122,57"/><V0/><F118/><W86/><G122/><T101/><D2/><U131/><E114/><V81/><F120/><W27/><G125/><T10/><D129/><N who="1" m="49163" /><E123/><V110/><F36/><W113/><G113/><T5/><D79/><U63/><E106/><V31/><F44/><W72/><G1/><N who="2" m="585" /><F31/><W12/><G86/><T87/><D5/><U59/><E8/><V135/><F105/><W46/><REACH who="3" step="1"/><G77/><REACH who="3" ten="330,203,241,216" step="2"/><T61/><D87/><U119/><E119/><V132/><F82/><W126/><G126/><T112/><D112/><U4/><E4/><V45/><F81/><W133/><G133/><T33/><D68/><N who="1" m="42015" /><E23/><V7/><F7/><W99/><G99/><N who="2" m="37929" /><F21/><W121/><G121/><T34/><D20/><U92/><E92/><V32/><F135/><W40/><AGARI ba="0,1" hai="11,12,17,25,27,40,46,49,50,55,57,72,73,74" machi="40" ten="30,4000,0" yaku="1,1,0,1,52,1,53,0" doraHai="37" doraHaiUra="89" who="3" fromWho="3" sc="330,-10,203,-10,241,-20,216,50" />
</Scene>
<Scene>
<INIT seed="3,0,0,3,5,52" ten="320,193,221,266" oya="3" hai0="45,117,1,38,72,85,86,41,128,67,79,105,18" hai1="66,56,116,36,92,120,42,125,10,124,11,81,35" hai2="47,49,3,121,13,104,83,68,95,80,29,63,53" hai3="82,23,62,33,40,61,26,6,60,135,98,74,20"/><W22/><G135/><T88/><D117/><U50/><E120/><V7/><F104/><W57/><G40/><T123/><D123/><U107/><E107/><V16/><F121/><W71/><G71/><T48/><D105/><U19/><E35/><V114/><F114/><W122/><G122/><T113/><D113/><U54/><E116/><V27/><F3/><W90/><G6/><T51/><D128/><U31/><E31/><V77/><F7/><W102/><G74/><T131/><D1/><U132/><E132/><V89/><F68/><W43/><G43/><T119/><D131/><U15/><E66/><V112/><F63/><W12/><G12/><T0/><D0/><U108/><E108/><V96/><F77/><W94/><G33/><T111/><D111/><U101/><E81/><V78/><F78/><W64/><G26/><T87/><D67/><U127/><E42/><V55/><F55/><W110/><G110/><T24/><D72/><U93/><E36/><V115/><F115/><W99/><REACH who="3" step="1"/><G82/><REACH who="3" ten="320,193,221,256" step="2"/><T39/><D41/><U130/><E130/><V69/><F69/><W17/><G17/><T118/><D18/><U8/><REACH who="1" step="1"/><E101/><REACH who="1" ten="320,183,221,256" step="2"/><V106/><F112/><W97/><G97/><T129/><D119/><U34/><E34/><V32/><REACH who="2" step="1"/><F106/><AGARI ba="0,2" hai="20,22,23,57,60,61,62,64,90,94,98,99,102,106" machi="106" ten="40,3900,0" yaku="1,1,52,1,53,0" doraHai="52" doraHaiUra="73" who="3" fromWho="2" sc="320,0,183,0,221,-39,256,59" />
</Scene>
<Scene>
<INIT seed="3,1,0,5,4,9" ten="320,183,182,315" oya="3" hai0="84,39,49,114,30,126,41,53,72,14,50,62,8" hai1="37,97,1,31,19,68,124,78,70,47,33,81,91" hai2="16,102,28,52,85,46,15,69,120,133,75,100,88" hai3="5,63,45,54,101,44,106,87,109,76,108,83,22"/><W130/><G130/><T116/><D116/><U128/><E1/><V113/><F75/><W103/><G5/><T94/><D72/><U129/><E124/><V11/><F113/><W90/><G76/><T59/><D126/><U65/><E91/><V131/><F69/><W73/><G73/><T60/><D30/><U32/><E97/><V122/><F28/><W34/><G34/><T99/><D39/><U26/><E32/><V95/><F131/><N who="1" m="50249" /><E65/><V105/><F133/><W123/><G123/><N who="2" m="47145" /><F105/><W92/><G106/><T115/><D84/><N who="1" m="48183" /><E19/><V0/><F0/><W104/><G104/><T42/><D114/><U29/><E29/><V93/><F93/><W58/><G22/><T10/><D10/><U40/><AGARI ba="1,0" hai="26,31,33,37,40,47,68,70" m="48183,50249" machi="40" ten="30,1100,0" yaku="19,1" doraHai="9" who="1" fromWho="1" sc="320,-4,183,14,182,-4,315,-6" />
</Scene>
<Scene>
<INIT seed="4,0,0,1,4,0" ten="316,197,178,309" oya="0" hai0="73,21,107,62,117,13,94,17,113,128,1,95,63" hai1="28,15,133,54,14,131,79,116,43,36,56,24,7" hai2="102,108,78,26,99,127,74,22,77,25,46,59,89" hai3="3,126,34,120,30,20,96,48,124,110,52,45,51"/><T98/><D117/><U135/><E116/><V104/><F108/><W80/><G34/><T76/><D1/><U93/><E131/><V70/><F70/><W115/><G110/><T97/><D128/><U118/><E118/><V122/><F122/><W134/><G115/><T106/><D113/><U130/><E130/><V38/><F127/><N who="3" m="48683" /><G120/><T23/><D73/><U32/><E79/><V125/><F125/><W64/><G134/><N who="1" m="51210" /><E93/><V18/><F89/><W60/><G3/><T71/><D76/><U132/><N who="1" m="51218" /><U33/><DORA hai="69" /><E33/><V129/><F129/><W55/><G80/><T85/><D71/><U67/><E67/><V42/><F74/><W6/><G6/><T29/><D85/><U75/><E75/><V100/><F100/><W68/><G96/><T82/><D82/><U9/><E15/><V31/><REACH who="2" step="1"/><F59/><REACH who="2" ten="316,197,168,309" step="2"/><W91/><G91/><T10/><D106/><U90/><E90/><V81/><F81/><W53/><G45/><T41/><D107/><U87/><E87/><V114/><F114/><W83/><G83/><T112/><D112/><U37/><E43/><V111/><F111/><W105/><G105/><T119/><D119/><U84/><E84/><V92/><F92/><W40/><G40/><T103/><D41/><U39/><E39/><V86/><F86/><W58/><G58/><T5/><D95/><U16/><E7/><V61/><F61/><AGARI ba="0,1" hai="9,14,16,24,28,32,36,37,54,56,61" m="51218" machi="61" ten="40,8000,1" yaku="20,1,52,2,54,1" doraHai="0,69" who="1" fromWho="2" sc="316,0,197,90,168,-80,309,0" />
</Scene>
<Scene>
<INIT seed="5,0,0,0,4,26" ten="316,287,88,309" oya="1" hai0="83,68,45,69,79,43,49,21,88,46,96,78,29" hai1="86,56,33,94,28,10,111,89,97,120,114,77,34" hai2="41,82,75,99,18,115,0,67,109,38,130,71,104" hai3="98,59,135,129,113,11,9,84,65,92,22,122,54"/><U25/><E120/><V108/><F18/><W14/><G122/><T23/><D69/><U116/><E116/><V126/><F0/><W6/><G113/><T87/><D68/><U112/><E111/><V118/><F118/><W62/><G129/><T74/><D74/><U20/><E10/><V134/><F130/><W80/><G135/><T133/><D133/><U5/><E5/><V3/><F134/><W47/><G22/><N who="0" m="8203" /><D29/><U64/><E64/><V55/><F55/><W13/><G47/><N who="0" m="25855" /><D96/><U90/><E77/><AGARI ba="0,0" hai="45,46,77,78,79,83,87,88" m="25855,8203" machi="77" ten="30,2000,0" yaku="8,1,54,1" doraHai="26" who="0" fromWho="1" sc="316,20,287,-20,88,0,309,0" />
</Scene>
<Scene>
<INIT seed="6,0,0,5,4,121" ten="336,267,88,309" oya="2" hai0="115,15,2,67,74,11,120,20,105,111,52,73,97" hai1="16,80,130,84,69,124,4,60,21,32,59,125,107" hai2="64,65,38,110,75,117,129,118,77,0,9,126,98" hai3="66,5,8,3,109,119,42,85,23,127,95,94,101"/><V87/><F126/><N who="1" m="48745" /><E32/><V113/><F113/><W63/><G109/><T68/><D20/><U135/><E107/><V56/><F129/><W128/><G119/><T86/><D15/><U12/><E130/><V40/><F87/><W47/><G128/><T91/><D91/><U89/><E69/><V18/><F98/><W41/><G127/><T83/><D86/><U61/><E135/><V58/><F110/><W82/><G23/><T24/><D67/><N who="2" m="25674" /><F18/><W57/><G101/><T132/><D83/><U99/><E99/><V50/><F50/><W103/><G103/><T26/><D2/><U14/><E59/><V122/><F122/><W19/><G19/><T28/><D74/><U102/><E102/><V62/><F62/><W35/><G35/><T37/><D37/><U34/><E34/><V51/><F51/><W70/><G70/><T46/><D68/><U72/><E72/><V55/><F55/><W10/><G10/><AGARI ba="0,0" hai="4,10,12,14,16,21,60,61,80,84,89" m="48745" machi="10" ten="30,2000,0" yaku="18,1,54,1" doraHai="121" who="1" fromWho="3" sc="336,0,267,20,88,0,309,-20" />
</Scene>
<Scene>
<INIT seed="7,0,0,5,4,36" ten="336,287,88,289" oya="3" hai0="3,99,17,60,22,117,85,59,87,75,68,105,135" hai1="121,115,65,0,53,120,62,128,29,27,112,6,12" hai2="126,39,82,46,104,124,28,133,111,30,91,95,16" hai3="45,24,61,70,131,9,127,109,106,67,19,69,55"/><W113/><G113/><N who="1" m="43594" /><E0/><V20/><F104/><W21/><G106/><T76/><D117/><U93/><E128/><V15/><F111/><W79/><G127/><N who="2" m="48681" /><F82/><W96/><G131/><T74/><D68/><N who="1" m="42039" /><E53/><V42/><F133/><W34/><G34/><T48/><D3/><U54/><E93/><V49/><F39/><W13/><G109/><T57/><D74/><U125/><E125/><V7/><F7/><W47/><G79/><T4/><D76/><U110/><E110/><V10/><F10/><W90/><G70/><T77/><D75/><U43/><E43/><V31/><F31/><W11/><G55/><T114/><D77/><U14/><E54/><V64/><F64/><W8/><G96/><T97/><D99/><U83/><E83/><V80/><F80/><W38/><G38/><T71/><D97/><AGARI ba="0,0" hai="15,16,20,28,30,42,46,49,91,95,97" m="48681" machi="97" ten="30,3900,0" yaku="18,1,52,1,54,1" doraHai="36" who="2" fromWho="0" sc="336,-39,287,0,88,39,289,0" />
</Scene>
<Scene>
<INIT seed="8,0,0,0,2,9" ten="297,287,127,289" oya="0" hai0="126,63,78,102,97,64,11,1,114,59,94,22,91" hai1="14,52,58,15,46,61,42,112,100,53,130,60,55" hai2="45,127,21,56,68,48,77,105,85,84,39,32,109" hai3="41,19,30,65,90,33,57,54,92,86,83,98,62"/><T31/><D114/><U36/><E112/><V18/><F109/><W122/><G122/><T66/><D126/><U131/><E100/><V73/><F32/><W128/><G128/><N who="1" m="49194" /><E61/><V29/><F68/><W80/><G33/><T95/><D78/><U28/><E28/><V38/><F105/><W79/><G30/><T35/><D35/><U44/><E46/><V6/><F29/><W8/><G41/><T129/><D129/><U67/><AGARI ba="0,0" hai="14,15,36,42,44,52,53,55,58,60,67" m="49194" machi="67" ten="30,7900,0" yaku="19,1,52,2,54,1" doraHai="9" who="1" fromWho="1" sc="297,-39,287,79,127,-20,289,-20" owari="258,-14.0,366,46.0,107,-39.0,269,7.0" />
</Scene>
</mjloggm>