<mjloggm ver="2.3"><GO type="169" lobby="0"/><UN n0="%E5%A4%AA%E3%81%8F%E3%81%AA%E3%81%84%E3%81%8A" n1="%E3%81%B9%E3%81%A3%E3%81%93%E3%83%BC%E2%99%AA" n2="%68%61%72%75%72%75%39%31" n3="%E9%87%98%E5%AE%AE%E7%97%85%E6%82%A3%E8%80%85" dan="18,16,16,17" rate="2257.20,2115.61,2067.27,2198.32" sx="M,F,M,F"/><TAIKYOKU oya="0"/>

<Scene>
<INIT seed="0,0,0,1,1,80" ten="250,250,250,250" oya="0" hai0="76,96,130,9,43,17,101,8,105,103,47,53,82" hai1="128,32,63,71,12,41,108,74,115,133,122,65,109" hai2="84,52,95,89,3,4,20,13,56,35,87,14,6" hai3="7,125,88,50,46,55,93,61,60,134,99,123,131"/><T70/><D70/><U38/><RYUUKYOKU type="yao9" ba="0,0" sc="250,0,250,0,250,0,250,0" hai1="12,32,38,41,63,65,71,74,108,109,115,122,128,133" />
</Scene>
<Scene>
<INIT seed="0,1,0,1,2,112" ten="250,250,250,250" oya="0" hai0="50,4,12,30,0,8,5,91,49,86,61,71,94" hai1="13,36,35,119,114,88,129,127,56,83,95,37,118" hai2="84,93,19,39,124,126,80,128,27,29,92,22,33" hai3="25,75,67,104,102,26,90,64,38,122,2,89,121"/><T9/><REACH who="0" step="1"/><D30/><REACH who="0" ten="240,250,250,250" step="2"/><U103/><E114/><V54/><F128/><W48/><G122/><T14/><D14/><U101/><E129/><V130/><F130/><W28/><G121/><T16/><D16/><U10/><E127/><V123/><F123/><W79/><G28/><T24/><D24/><U3/><E3/><V109/><F124/><W18/><G2/><T111/><D111/><U58/><E35/><V57/><F109/><W133/><G18/><T131/><D131/><U108/><E108/><V81/><F126/><W55/><G25/><T7/><D7/><U98/><E13/><V60/><F29/><W46/><G26/><T52/><D52/><U105/><E10/><V73/><F33/><W85/><G55/><T77/><D77/><U32/><E32/><V97/><F27/><W68/><G79/><T42/><D42/><U23/><E23/><V135/><F22/><W120/><G120/><T125/><D125/><U1/><E1/><V17/><F17/><W41/><G41/><T65/><AGARI ba="1,1" hai="0,4,5,8,9,12,49,50,61,65,71,86,91,94" machi="65" ten="30,12000,1" yaku="21,2,0,1,53,2" doraHai="112" doraHaiUra="45" who="0" fromWho="0" sc="240,133,250,-41,250,-41,250,-41" />
</Scene>
<Scene>
<INIT seed="0,2,0,5,2,79" ten="373,209,209,209" oya="0" hai0="8,18,130,112,40,0,11,107,99,20,55,64,114" hai1="87,42,29,27,95,102,23,38,89,105,48,115,85" hai2="119,5,135,65,54,12,62,3,104,78,121,24,60" hai3="80,111,76,127,77,43,51,15,2,19,98,73,93"/><T122/><D122/><U71/><E71/><V108/><F121/><W100/><G111/><T67/><D40/><U103/><E115/><V7/><F108/><W13/><G2/><T128/><D55/><U69/><E69/><V123/><F3/><W70/><G70/><T61/><D107/><U30/><E38/><V88/><F104/><W74/><G127/><T125/><D99/><U84/><E105/><V126/><F126/><W113/><G113/><N who="0" m="43627" /><D125/><U75/><E75/><V134/><F24/><W86/><G13/><N who="0" m="9295" /><D61/><U68/><E29/><V32/><F62/><W132/><G132/><T50/><D50/><U31/><E31/><V101/><F54/><W109/><G109/><T47/><D47/><N who="1" m="25719" /><E68/><V52/><F52/><W58/><G58/><T21/><D21/><U82/><E85/><V94/><F60/><W131/><G51/><T81/><D81/><BYE who="0" /><U129/><E129/><V117/><F123/><W26/><G131/><T97/><D97/><U72/><E72/><V110/><F110/><W83/><G43/><T16/><D16/><U37/><E37/><V106/><F106/><W59/><G59/><T22/><D22/><U39/><E39/><V33/><F134/><W91/><G26/><T90/><D90/><AGARI ba="2,0" hai="23,27,30,82,84,87,89,90,95,102,103" m="25719" machi="90" ten="30,2000,0" yaku="8,1,52,1" doraHai="79" who="1" fromWho="0" sc="373,-26,209,26,209,0,209,0" />
</Scene>
<Scene>
<INIT seed="1,0,0,0,2,116" ten="347,235,209,209" oya="1" hai0="77,60,69,126,11,68,130,72,40,30,125,59,19" hai1="65,14,12,71,6,90,23,122,76,66,35,4,133" hai2="107,78,80,101,9,109,110,93,94,96,108,54,112" hai3="99,51,87,18,123,70,128,121,134,15,98,17,49"/><U75/><E35/><UN n0="%E5%A4%AA%E3%81%8F%E3%81%AA%E3%81%84%E3%81%8A" /><V53/><F112/><W127/><G70/><T135/><D135/><U24/><E133/><V46/><F9/><W43/><G134/><T56/><D130/><U115/><E115/><V111/><N who="2" m="27648" /><DORA hai="100" /><V38/><F38/><W85/><G15/><N who="0" m="7679" /><D40/><U3/><E71/><V61/><F61/><W91/><G43/><T113/><D30/><U5/><E76/><V28/><F28/><W33/><G33/><T79/><D56/><U119/><E75/><N who="2" m="43103" /><F46/><W88/><REACH who="3" step="1"/><G127/><REACH who="3" ten="347,235,209,199" step="2"/><T131/><D113/><U84/><E119/><V26/><F26/><W103/><G103/><T21/><D68/><U83/><E3/><V13/><F13/><W74/><G74/><T67/><D72/><U104/><E14/><V44/><F44/><W55/><G55/><AGARI ba="0,1" hai="53,54,55,93,94,96,101,107" m="43103,27648" machi="55" ten="60,3900,0" yaku="14,1,52,1" doraHai="116,100" who="2" fromWho="3" sc="347,0,235,0,209,49,199,-39" />
</Scene>
<Scene>
<INIT seed="2,0,0,4,3,41" ten="347,235,258,160" oya="2" hai0="134,5,73,118,56,121,75,8,61,48,78,49,16" hai1="85,58,34,105,116,20,113,82,35,23,100,87,55" hai2="62,122,92,53,103,10,76,106,86,24,39,120,57" hai3="31,0,46,93,7,45,110,22,94,25,51,135,2"/><V127/><F127/><W67/><G135/><T81/><D121/><U59/><E116/><V83/><F106/><W47/><G110/><T88/><D134/><U21/><E113/><V80/><F39/><W63/><G51/><T38/><D38/><U74/><E74/><V91/><F24/><W6/><G0/><T99/><D75/><U124/><E124/><V119/><F119/><W70/><REACH who="3" step="1"/><G2/><REACH who="3" ten="347,235,258,150" step="2"/><T28/><D118/><U36/><E36/><V84/><F120/><W128/><G128/><T60/><D48/><U66/><E105/><V133/><F122/><W98/><G98/><T27/><D49/><U4/><E100/><V108/><F108/><W1/><G1/><T72/><D99/><U109/><E109/><V18/><F133/><W50/><G50/><T112/><D112/><U79/><E4/><AGARI ba="0,1" hai="4,6,7,22,25,31,45,46,47,63,67,70,93,94" machi="4" ten="40,8000,1" yaku="1,1,52,3,53,0" doraHai="41" doraHaiUra="97" who="3" fromWho="1" sc="347,0,235,-80,258,0,150,90" />
</Scene>
<Scene>
<INIT seed="3,0,0,2,1,45" ten="347,155,258,240" oya="3" hai0="28,68,94,38,2,90,115,77,73,47,93,10,81" hai1="31,62,96,25,121,80,98,43,84,131,100,42,134" hai2="12,1,11,46,16,69,53,6,125,14,48,130,85" hai3="41,3,104,19,24,51,105,91,92,66,111,33,101"/><W18/><G3/><T5/><D68/><U27/><E121/><V118/><F118/><W128/><G66/><T20/><D115/><U29/><E134/><V99/><F69/><W122/><G122/><T114/><D114/><U103/><E131/><V64/><F64/><W59/><G128/><T113/><D113/><U102/><E62/><V63/><F63/><W35/><G101/><T55/><D90/><U4/><E4/><V120/><F120/><W70/><G70/><T124/><D124/><U52/><E84/><V106/><F130/><W116/><G116/><T37/><D37/><U79/><E79/><V110/><F110/><W119/><G119/><T56/><D20/><U8/><E8/><V112/><F112/><W135/><G135/><T30/><D30/><U129/><E80/><V97/><F125/><W83/><G83/><T21/><D21/><U65/><E129/><V87/><F1/><W22/><G18/><T50/><D28/><N who="1" m="10827" /><E52/><V0/><F0/><W108/><G105/><T61/><REACH who="0" step="1"/><D38/><REACH who="0" ten="337,155,258,240" step="2"/><U15/><E65/><AGARI ba="0,1" hai="2,5,10,47,50,55,56,61,65,73,77,81,93,94" machi="65" ten="30,7700,0" yaku="1,1,2,1,7,1,52,1,53,0" doraHai="45" doraHaiUra="109" who="0" fromWho="1" sc="337,87,155,-77,258,0,240,0" />
</Scene>
<Scene>
<INIT seed="4,0,0,1,0,125" ten="424,78,258,240" oya="0" hai0="3,33,93,32,79,91,5,14,89,17,36,55,28" hai1="31,59,102,128,27,112,135,2,13,92,78,94,51" hai2="88,82,99,64,21,71,65,24,77,96,43,23,80" hai3="120,29,61,126,10,74,7,47,127,46,18,95,58"/><T97/><D36/><U26/><E2/><V60/><F64/><W53/><G74/><T52/><D79/><U25/><E135/><V121/><F121/><W42/><G29/><T117/><D117/><U66/><E78/><V86/><F43/><W41/><G18/><T38/><D38/><U62/><E112/><V19/><REACH who="2" step="1"/><F23/><REACH who="2" ten="424,78,248,240" step="2"/><W56/><G120/><T11/><D33/><U111/><E111/><V131/><F131/><W114/><G114/><T75/><D32/><U133/><E128/><V81/><F81/><W48/><G126/><T105/><D55/><U15/><E133/><V70/><F70/><W123/><G127/><T49/><D52/><U8/><E31/><V4/><F4/><W113/><G123/><T84/><D5/><U63/><E66/><V98/><F98/><W134/><G113/><T109/><D97/><U68/><E68/><V30/><F30/><W100/><G134/><T72/><D28/><U12/><E8/><V103/><F103/><W119/><G119/><T45/><D11/><U124/><E102/><V16/><F16/><W6/><G10/><T69/><D17/><U76/><E124/><V22/><F22/><W67/><G6/><T34/><D69/><U44/><E76/><V101/><F101/><W20/><G7/><T35/><D35/><U106/><E106/><V1/><F1/><W9/><G9/><T83/><D34/><U108/><E108/><V85/><AGARI ba="0,1" hai="19,21,24,60,65,71,77,80,82,85,86,88,96,99" machi="85" ten="20,5200,0" yaku="1,1,0,1,7,1,54,1,53,0" doraHai="125" doraHaiUra="90" who="2" fromWho="2" sc="424,-26,78,-13,248,62,240,-13" />
</Scene>
<Scene>
<INIT seed="5,0,0,3,0,93" ten="398,65,310,227" oya="1" hai0="50,32,111,63,33,135,46,79,134,21,88,78,123" hai1="114,1,34,133,12,6,74,0,14,40,57,92,122" hai2="55,68,25,116,103,31,36,124,80,37,18,96,98" hai3="62,69,4,61,130,110,19,5,9,27,89,11,26"/><U10/><E74/><V29/><F116/><W81/><G110/><T109/><D123/><U77/><E122/><V8/><F68/><W121/><G121/><T105/><D105/><U71/><E71/><V45/><F124/><W47/><G130/><T23/><D63/><N who="3" m="24073" /><G69/><T64/><D64/><U75/><E34/><N who="0" m="13417" /><D88/><U53/><E133/><N who="0" m="50697" /><D21/><U15/><E114/><V108/><F108/><N who="0" m="41546" /><D23/><U13/><E40/><AGARI ba="0,0" hai="40,46,50,78,79" m="41546,50697,13417" machi="40" ten="40,1300,0" yaku="20,1" doraHai="93" who="0" fromWho="1" sc="398,13,65,-13,310,0,227,0" />
</Scene>
<Scene>
<INIT seed="6,0,0,4,2,37" ten="411,52,310,227" oya="2" hai0="54,97,114,78,77,100,109,52,95,53,16,10,0" hai1="11,87,36,25,112,71,123,30,67,27,12,5,28" hai2="126,108,131,76,79,92,22,82,110,63,14,73,7" hai3="80,48,124,42,106,103,60,133,85,64,20,51,33"/><V59/><F126/><W72/><G33/><T135/><D109/><N who="2" m="42090" /><F131/><W35/><G35/><T49/><D114/><U21/><E36/><V93/><F79/><N who="0" m="30218" /><D0/><U15/><E112/><V120/><F120/><W4/><G4/><T116/><D135/><U101/><E71/><V75/><F75/><W127/><G72/><T41/><D116/><U2/><E67/><N who="2" m="39423" /><F22/><W6/><G20/><T74/><D74/><U118/><E118/><V113/><F113/><W38/><G133/><T17/><D10/><AGARI ba="0,0" hai="7,10,14,73,76,82,92,93" m="39423,42090" machi="10" ten="30,1500,0" yaku="10,1" doraHai="37" who="2" fromWho="0" sc="411,-15,52,0,310,15,227,0" />
</Scene>
<Scene>
<INIT seed="6,1,0,2,2,72" ten="396,52,325,227" oya="2" hai0="79,98,119,0,123,45,55,68,100,87,85,93,82" hai1="6,22,8,128,48,28,62,113,46,10,32,129,9" hai2="96,132,2,61,116,23,102,39,120,37,11,124,107" hai3="16,19,91,73,12,7,34,106,27,47,49,75,13"/><V41/><F120/><W21/><G106/><T122/><D68/><U95/><E62/><V109/><F116/><W44/><G7/><T105/><D0/><U69/><E69/><V65/><F132/><W42/><G91/><N who="0" m="53503" /><D55/><U14/><E48/><V76/><F124/><W88/><G34/><T52/><D52/><U31/><E46/><V33/><F33/><W56/><G56/><T70/><D45/><U78/><E95/><V20/><F109/><W114/><G114/><T74/><D70/><U43/><E78/><V51/><F76/><W89/><G27/><T1/><D1/><N who="1" m="79" /><E43/><V118/><F118/><W97/><G97/><T40/><D40/><U135/><E113/><V15/><F2/><W133/><G133/><T57/><D57/><U66/><E66/><V131/><F51/><W30/><G42/><T125/><D119/><U104/><E104/><V99/><F41/><W80/><G49/><T4/><D4/><U64/><E64/><V110/><F65/><W126/><G126/><T25/><D125/><U101/><E101/><V115/><F115/><W67/><G67/><T35/><D85/><U3/><E135/><V84/><F84/><W111/><G47/><T5/><D5/><N who="1" m="1215" /><E128/><V54/><F131/><W63/><G44/><T38/><D38/><U36/><E36/><V50/><F39/><W60/><G60/><T71/><D71/><U92/><E129/><V108/><F37/><W103/><G63/><T53/><D53/><U134/><E134/><V17/><F61/><W112/><G112/><T130/><D130/><U86/><E32/><V94/><F107/><RYUUKYOKU ba="1,0" sc="396,30,52,-10,325,-10,227,-10" hai0="25,35,74,79,82,98,100,105,122,123" />
</Scene>
<Scene>
<INIT seed="7,2,0,5,2,88" ten="426,42,315,217" oya="3" hai0="117,50,118,43,14,131,12,39,3,31,27,21,32" hai1="124,130,15,34,85,128,49,100,132,1,91,84,72" hai2="112,114,26,109,60,0,41,64,92,121,82,44,70" hai3="75,29,125,46,5,99,52,51,57,86,56,87,62"/><W89/><G75/><T105/><D105/><U10/><E34/><V69/><F109/><W120/><G120/><T133/><D39/><U63/><E72/><V78/><F70/><W20/><G5/><T4/><D50/><U33/><E33/><V18/><F0/><W45/><G125/><T2/><D43/><U135/><E1/><N who="0" m="9" /><D133/><U123/><E123/><V101/><F121/><W37/><G37/><T81/><D81/><U40/><E63/><V134/><F134/><N who="1" m="51241" /><E40/><V17/><F26/><N who="3" m="16583" /><G99/><T107/><D107/><U119/><E49/><V61/><F61/><W16/><G16/><N who="0" m="10391" /><D131/><N who="1" m="50219" /><E100/><V25/><F25/><W111/><G111/><T95/><D95/><U76/><E76/><V66/><F18/><W36/><G36/><T90/><D90/><U116/><E91/><V38/><F17/><W19/><G19/><T98/><D98/><U68/><E68/><V47/><F112/><W126/><G56/><T127/><D4/><U9/><E15/><V11/><F114/><W106/><G89/><T77/><D12/><U80/><E80/><V7/><F69/><W67/><G45/><T104/><D77/><U59/><E59/><V122/><F47/><W73/><G73/><T6/><D6/><U23/><E23/><V65/><F122/><W22/><G22/><T24/><D32/><U35/><E35/><V94/><F7/><W58/><G58/><T115/><D27/><U13/><E13/><V83/><F38/><W113/><G57/><T97/><D24/><U48/><E48/><V55/><F44/><N who="3" m="27751" /><G62/><T71/><D71/><U110/><E110/><V54/><F41/><RYUUKYOKU ba="2,0" sc="426,0,42,0,315,0,217,0" owari="426,52.0,42,-46.0,315,12.0,217,-18.0" />
</Scene>
</mjloggm>