<mjloggm ver="2.3"><GO type="169" lobby="0"/><UN n0="%E5%A4%AA%E3%81%8F%E3%81%AA%E3%81%84%E3%81%8A" n1="%E3%81%8F%E3%82%8B%E3%83%BC" n2="%53%65%6B%75%74%61" n3="%E3%81%8D%E3%82%83%E3%81%97%E3%82%83%E3%83%BC%E3%81%AE%EF%BC%81" dan="18,16,16,16" rate="2313.29,2049.02,2091.32,2065.36" sx="M,M,M,M"/><TAIKYOKU oya="0"/>

<Scene>
<INIT seed="0,0,0,0,4,65" ten="250,250,250,250" oya="0" hai0="52,132,77,2,56,22,112,32,95,43,61,31,91" hai1="44,26,115,106,119,94,15,63,7,1,79,35,18" hai2="8,57,97,16,68,104,131,69,100,55,107,126,54" hai3="102,84,72,87,124,4,116,78,75,46,74,128,86"/><T38/><D112/><U130/><E106/><V36/><F36/><W41/><G4/><T133/><D2/><U105/><E105/><V34/><F34/><W85/><G46/><N who="0" m="23927" /><D32/><U12/><E115/><V39/><F39/><W129/><G41/><T51/><D77/><U3/><E79/><V24/><F131/><N who="3" m="50251" /><G116/><T73/><D73/><N who="3" m="28265" /><G124/><T121/><D121/><U25/><E130/><V127/><F107/><W135/><G135/><N who="0" m="51787" /><D31/><N who="1" m="19951" /><E63/><V96/><F96/><W134/><G134/><T29/><D29/><U88/><E44/><V21/><F8/><W30/><G30/><T28/><D28/><U111/><E88/><V14/><F14/><N who="1" m="5161" /><E94/><V58/><F58/><W99/><N who="3" m="28273" /><W82/><DORA hai="33" /><G87/><N who="0" m="52735" /><D22/><N who="1" m="13655" /><E119/><V19/><F19/><W64/><G64/><T53/><D51/><U37/><E37/><V59/><F127/><W62/><G62/><T9/><D53/><U70/><E70/><V6/><F126/><W47/><G47/><T113/><D113/><U5/><E111/><V93/><F104/><AGARI ba="0,0" hai="78,82,84,85,86,99,102,104" m="28273,50251" machi="104" ten="40,5200,0" yaku="19,1,34,2" doraHai="65,33" who="3" fromWho="2" sc="250,0,250,0,250,-52,250,52" />
</Scene>
<Scene>
<INIT seed="1,0,0,2,1,83" ten="250,250,198,302" oya="1" hai0="66,79,42,81,122,128,77,130,41,94,124,27,26" hai1="99,115,19,34,59,97,30,21,105,40,103,14,61" hai2="37,56,60,53,9,80,101,106,52,135,90,93,3" hai3="70,1,31,6,49,10,46,22,43,54,15,25,38"/><U57/><E115/><V111/><F37/><W16/><G70/><T72/><D124/><U2/><E2/><V78/><F135/><W89/><G89/><T64/><D94/><U100/><E40/><N who="0" m="15465" /><D122/><U39/><E39/><V28/><F28/><W35/><REACH who="3" step="1"/><G38/><REACH who="3" ten="250,250,198,292" step="2"/><T75/><D79/><U74/><E74/><V5/><F101/><W65/><G65/><N who="0" m="25195" /><D75/><U95/><REACH who="1" step="1"/><E61/><REACH who="1" ten="250,240,198,292" step="2"/><V133/><F111/><W116/><G116/><T44/><D72/><U96/><E96/><V91/><F133/><W32/><G32/><T117/><D117/><U132/><E132/><V48/><F60/><W134/><G134/><T118/><D118/><U8/><E8/><V104/><F9/><W18/><G18/><T84/><D130/><U36/><E36/><V109/><F109/><W123/><G123/><T76/><D128/><U120/><E120/><V55/><F3/><W51/><G51/><T23/><D77/><U86/><E86/><V67/><F48/><W121/><G121/><T125/><D76/><U113/><E113/><V112/><F112/><W114/><G114/><T129/><D129/><U45/><E45/><V17/><F78/><W50/><G50/><T87/><D44/><U12/><E12/><V102/><F102/><W131/><G131/><T88/><D87/><U98/><E98/><V33/><F33/><W108/><G108/><T69/><D84/><U62/><E62/><V119/><F119/><W71/><G71/><T47/><D69/><U29/><E29/><V68/><F68/><W4/><G4/><T107/><D47/><U127/><E127/><V110/><F110/><RYUUKYOKU ba="0,2" sc="250,-15,240,15,198,-15,292,15" hai1="14,19,21,30,34,57,59,95,97,99,100,103,105" hai3="1,6,10,15,16,22,25,31,35,43,46,49,54" />
</Scene>
<Scene>
<INIT seed="1,1,2,5,4,130" ten="235,255,183,307" oya="1" hai0="100,19,128,1,105,44,113,38,45,10,16,101,56" hai1="54,122,93,65,5,109,49,69,55,26,83,22,11" hai2="20,27,15,87,32,59,8,126,102,123,64,120,119" hai3="85,86,103,2,36,52,14,131,34,104,29,51,115"/><U84/><E109/><V42/><F119/><W79/><G2/><T107/><D128/><U31/><E122/><V99/><F32/><W43/><G36/><T61/><D113/><U0/><E93/><V21/><F126/><W73/><G43/><T13/><D1/><U108/><E108/><V28/><F42/><W6/><G115/><T47/><D38/><U127/><E127/><V17/><F87/><W23/><G34/><T92/><D19/><U68/><E65/><V116/><F116/><W117/><G73/><T57/><D92/><U72/><E72/><V40/><F40/><W77/><G103/><T81/><D81/><U135/><E135/><V76/><F76/><N who="3" m="29259" /><G104/><T91/><D91/><U63/><E63/><V25/><F59/><N who="3" m="33183" /><G131/><T33/><D33/><U62/><E62/><V80/><F64/><W18/><G117/><T132/><D132/><U133/><E133/><V129/><F129/><W9/><G29/><T3/><D3/><U4/><E4/><V110/><F80/><W53/><G53/><T70/><D70/><U39/><E39/><V124/><F124/><W94/><G94/><T96/><REACH who="0" step="1"/><D61/><REACH who="0" ten="225,255,183,307" step="2"/><U12/><E0/><V58/><F110/><W111/><G111/><T74/><D74/><U24/><E68/><V82/><F82/><W125/><G125/><T89/><D89/><N who="1" m="51359" /><E69/><V60/><F102/><W88/><G88/><T35/><D35/><U66/><E5/><N who="2" m="3471" /><F99/><AGARI ba="1,3" hai="10,13,16,44,45,47,56,57,96,99,100,101,105,107" machi="99" ten="40,5200,0" yaku="1,1,9,1,54,1,53,0" doraHai="130" doraHaiUra="37" who="0" fromWho="2" sc="225,85,255,0,183,-55,307,0" />
</Scene>
<Scene>
<INIT seed="2,0,0,3,3,77" ten="310,255,128,307" oya="2" hai0="128,23,81,74,9,83,110,37,123,47,16,134,103" hai1="108,42,89,114,72,78,41,127,118,135,5,48,43" hai2="51,79,25,94,124,109,73,4,18,22,31,101,90" hai3="122,132,84,33,53,87,116,57,126,117,119,70,106"/><V61/><F124/><W19/><G70/><T131/><D123/><U102/><E5/><V44/><F101/><W54/><G122/><T35/><D35/><U20/><E114/><V68/><F4/><W99/><G33/><T6/><D110/><U91/><E118/><V1/><F1/><W112/><G112/><T113/><D113/><U125/><E108/><V115/><F115/><W24/><G126/><T13/><D103/><U60/><E135/><V55/><F109/><W38/><G38/><T66/><D66/><U56/><E102/><V49/><F49/><W17/><G132/><T75/><D134/><U65/><E48/><V82/><F61/><W97/><G116/><T3/><D74/><U64/><E64/><V96/><REACH who="2" step="1"/><F68/><REACH who="2" ten="310,255,118,307" step="2"/><W69/><G69/><T46/><D37/><U92/><E125/><V130/><F130/><N who="0" m="49706" /><D75/><U40/><E127/><V7/><F7/><W62/><G117/><T111/><D111/><U107/><E72/><V36/><F36/><W105/><G119/><T71/><D71/><U15/><E60/><V133/><F133/><W45/><G62/><T58/><D58/><U29/><E56/><V80/><F80/><AGARI ba="0,1" hai="3,6,9,13,16,23,46,47,80,81,83" m="49706" machi="80" ten="30,8000,1" yaku="19,1,52,3,54,1" doraHai="77" who="0" fromWho="2" sc="310,90,255,0,118,-80,307,0" />
</Scene>
<Scene>
<INIT seed="3,0,0,0,4,102" ten="400,255,38,307" oya="3" hai0="74,7,40,6,84,62,45,31,75,81,42,111,30" hai1="56,59,8,3,21,18,112,83,110,35,2,54,109" hai2="10,126,60,12,121,51,89,22,105,103,73,39,29" hai3="28,134,132,70,32,124,58,115,41,77,96,69,25"/><W36/><G115/><T133/><D111/><N who="1" m="42507" /><E35/><V38/><F73/><W68/><G77/><T101/><D133/><N who="3" m="51305" /><G124/><T66/><D101/><U20/><E112/><V43/><F121/><W16/><G58/><N who="1" m="22058" /><E54/><V26/><F60/><W78/><G78/><T107/><D84/><U33/><E33/><V57/><F89/><W114/><G114/><T0/><D81/><U82/><E8/><V92/><F92/><W127/><G127/><T118/><D31/><U72/><E21/><V106/><F126/><W64/><G96/><T1/><D30/><U135/><E135/><V24/><F24/><W80/><G80/><N who="1" m="30762" /><E72/><V76/><F76/><W63/><G16/><T128/><D74/><U65/><E65/><V108/><F108/><W104/><G104/><T119/><D75/><U9/><E9/><V98/><F106/><W91/><G91/><T4/><D107/><U97/><E97/><V13/><F13/><AGARI ba="0,0" hai="2,3,13,18,20" m="30762,22058,42507" machi="13" ten="30,1000,0" yaku="14,1" doraHai="102" who="1" fromWho="2" sc="400,0,255,10,38,-10,307,0" />
</Scene>
<Scene>
<INIT seed="4,0,0,0,0,124" ten="400,265,28,307" oya="0" hai0="17,42,28,104,53,102,5,33,1,77,10,62,126" hai1="133,114,125,26,131,116,75,118,108,30,27,88,94" hai2="24,72,135,98,67,36,86,19,78,71,64,90,110" hai3="45,37,2,7,57,12,92,66,82,101,18,4,23"/><T79/><D126/><U91/><E125/><V112/><F110/><W65/><G82/><T105/><D42/><U117/><E108/><V120/><F36/><W54/><G45/><T47/><D47/><U74/><E133/><V35/><F135/><W39/><G39/><T84/><D53/><U70/><E70/><V31/><F120/><W0/><G37/><T8/><D84/><U52/><E114/><V96/><F112/><W20/><G2/><T14/><D62/><U48/><E94/><V76/><F76/><W97/><G23/><T56/><D56/><U44/><E131/><V95/><F71/><W121/><G121/><T41/><D41/><U103/><E103/><V130/><F130/><W129/><G129/><T13/><D13/><U6/><E6/><N who="3" m="2090" /><G0/><T81/><D102/><U61/><E61/><AGARI ba="0,0" hai="12,18,20,54,57,61,65,66,92,97,101" m="2090" machi="61" ten="30,1000,0" yaku="8,1" doraHai="124" who="3" fromWho="1" sc="400,0,265,-10,28,0,307,10" />
</Scene>
<Scene>
<INIT seed="5,0,0,2,1,119" ten="400,255,28,317" oya="1" hai0="14,127,125,45,89,109,68,63,126,61,129,18,21" hai1="28,23,16,99,123,73,120,56,35,67,27,130,84" hai2="55,74,42,75,110,93,69,37,39,72,44,111,135" hai3="57,80,15,4,97,66,128,121,48,51,25,108,34"/><U64/><E73/><V11/><F69/><W13/><G108/><T12/><D109/><U1/><E130/><V96/><F135/><W133/><G133/><T105/><D105/><U46/><E1/><V92/><F55/><W10/><G128/><T78/><D129/><U70/><E70/><V107/><F107/><W86/><G121/><T113/><D113/><U8/><E8/><V103/><F11/><W2/><G97/><T71/><D78/><U98/><E46/><V76/><F76/><W30/><G51/><T22/><D89/><U40/><E40/><V62/><F62/><N who="0" m="23562" /><D45/><U19/><E56/><V83/><F83/><W59/><G66/><T65/><D65/><U85/><E23/><N who="0" m="8713" /><D12/><U91/><E91/><V117/><F117/><W77/><G57/><T50/><D50/><U95/><E95/><V54/><F54/><W58/><G58/><T60/><D60/><U116/><E27/><V33/><F39/><W100/><G100/><T29/><D29/><U90/><E90/><V134/><F134/><W114/><G114/><T112/><D112/><U20/><E20/><AGARI ba="0,0" hai="14,18,20,68,71,125,126,127" m="8713,23562" machi="20" ten="40,1300,0" yaku="18,1" doraHai="119" who="0" fromWho="1" sc="400,13,255,-13,28,0,317,0" />
</Scene>
<Scene>
<INIT seed="6,0,0,4,3,36" ten="413,242,28,317" oya="2" hai0="123,56,98,8,49,43,92,21,51,82,37,32,73" hai1="80,102,84,132,87,45,23,106,117,44,10,5,48" hai2="126,93,135,128,76,91,3,116,75,122,86,67,59" hai3="61,6,15,115,119,27,18,109,105,120,58,94,7"/><V34/><F122/><W42/><G105/><T72/><D32/><U74/><E132/><V16/><F135/><W85/><G109/><T118/><D123/><U60/><E117/><V124/><F128/><W64/><G119/><T114/><D37/><U70/><E74/><V62/><F3/><W104/><G104/><T133/><D133/><U24/><E106/><V29/><F116/><W96/><G120/><T63/><D118/><U111/><E102/><V55/><F29/><W53/><G85/><T107/><D107/><U108/><E70/><V46/><F34/><W39/><G27/><T110/><D110/><U95/><E60/><V0/><F0/><W19/><G115/><T2/><D21/><U40/><E95/><V9/><F76/><W4/><G15/><T69/><D69/><U127/><E45/><V17/><F75/><W1/><G1/><T57/><D8/><U11/><E127/><N who="2" m="48683" /><F9/><W77/><G77/><T35/><D35/><U134/><E11/><V30/><F30/><W47/><REACH who="3" step="1"/><G64/><REACH who="3" ten="413,242,28,307" step="2"/><T121/><D121/><U113/><E134/><V88/><F91/><AGARI ba="0,1" hai="4,6,7,18,19,39,42,47,53,58,61,91,94,96" machi="91" ten="40,5200,0" yaku="1,1,2,1,52,1,53,0" doraHai="36" doraHaiUra="25" who="3" fromWho="2" sc="413,0,242,0,28,-52,307,62" owari="413,51.0,242,-16.0,-24,-52.0,369,17.0" />
</Scene>
</mjloggm>