<mjloggm ver="2.3"><GO type="169" lobby="0"/><UN n0="%E3%81%82%E3%81%B2%E3%82%8B%E3%81%95%E3%82%93" n1="%E9%A7%84%E5%A6%B9" n2="%E3%83%94%E3%83%BC%E3%83%81%E3%83%BB%E3%83%9E%E3%82%AD" n3="%E5%A4%AA%E3%81%8F%E3%81%AA%E3%81%84%E3%81%8A" dan="16,16,16,19" rate="2029.70,2086.90,2131.47,2307.54" sx="M,F,F,F"/><TAIKYOKU oya="0"/>

<Scene>
<INIT seed="0,0,0,3,5,60" ten="250,250,250,250" oya="0" hai0="79,86,115,23,3,20,109,12,105,114,101,39,62" hai1="36,100,71,132,89,107,66,121,98,21,74,18,67" hai2="126,0,46,75,85,27,65,135,43,87,10,22,47" hai3="5,57,45,34,29,123,55,122,35,59,93,32,117"/><T61/><D3/><U73/><E121/><N who="3" m="46090" /><G117/><T24/><D39/><U133/><E36/><V1/><F75/><N who="1" m="28681" /><E71/><V103/><F103/><W28/><G5/><T7/><D109/><U52/><E89/><V58/><F126/><W31/><G93/><T111/><D111/><U134/><E52/><V64/><F10/><W77/><G77/><T4/><D79/><U131/><E131/><V128/><F43/><W81/><G81/><T112/><D86/><U116/><E116/><V49/><F128/><W83/><G83/><T113/><D113/><U102/><E102/><V69/><F69/><W99/><G99/><T96/><D23/><U9/><E9/><V125/><F22/><W106/><G106/><T33/><D33/><U119/><E119/><V11/><F11/><W16/><G16/><T51/><D12/><AGARI ba="0,0" hai="12,18,21,66,67,98,100,107,132,133,134" m="28681" machi="12" ten="40,5200,0" yaku="20,1,52,2" doraHai="60" who="1" fromWho="0" sc="250,-52,250,52,250,0,250,0" />
</Scene>
<Scene>
<INIT seed="1,0,0,1,2,135" ten="198,302,250,250" oya="1" hai0="12,112,104,57,13,100,110,44,17,22,122,18,63" hai1="64,94,83,69,30,114,82,16,41,58,78,11,28" hai2="127,132,98,37,5,85,59,124,121,2,91,32,81" hai3="80,101,97,55,111,115,117,126,89,27,9,131,76"/><U109/><E114/><V39/><F121/><W6/><G115/><T10/><D112/><U54/><E69/><V125/><F132/><W42/><G111/><T7/><D110/><U123/><E123/><V15/><F2/><W73/><G131/><T128/><D122/><U51/><E64/><V77/><F32/><W3/><G117/><T45/><D128/><U49/><E109/><V24/><F24/><W87/><G55/><T105/><D7/><U99/><E49/><V92/><F59/><W43/><G27/><T70/><D70/><U47/><E58/><V103/><F5/><W119/><G126/><T102/><D105/><U56/><E56/><V62/><F62/><W19/><G19/><T29/><D29/><N who="1" m="11371" /><E78/><V23/><F77/><W26/><G26/><T88/><D104/><U46/><E46/><V35/><F35/><W95/><REACH who="3" step="1"/><G119/><REACH who="3" ten="198,302,250,240" step="2"/><T25/><D25/><U8/><E54/><V129/><F129/><W96/><G96/><T79/><D18/><AGARI ba="0,1" hai="15,18,23,37,39,81,85,91,92,98,103,124,125,127" machi="18" ten="40,8000,1" yaku="18,1,52,3" doraHai="135" who="2" fromWho="0" sc="198,-80,302,0,250,90,240,0" />
</Scene>
<Scene>
<INIT seed="2,0,0,4,3,64" ten="118,302,340,240" oya="2" hai0="108,52,95,75,11,54,94,81,60,5,48,26,125" hai1="104,129,131,55,12,100,29,42,63,121,9,78,133" hai2="37,135,30,72,119,74,24,102,118,19,28,82,107" hai3="73,89,113,117,105,16,44,128,116,111,114,127,17"/><V59/><F37/><W69/><G73/><T124/><D108/><U61/><E121/><V123/><F123/><W38/><G105/><T34/><D34/><U35/><E42/><V71/><F135/><W84/><G111/><T88/><D26/><U91/><E78/><V40/><F40/><N who="3" m="22551" /><G128/><T1/><D95/><U45/><E91/><V122/><F122/><W25/><G127/><T110/><D110/><U8/><E8/><V18/><F82/><N who="3" m="49303" /><G69/><T134/><D134/><U41/><E29/><V13/><F107/><W86/><G86/><N who="0" m="50255" /><D75/><U77/><E35/><V47/><F102/><W76/><G76/><T39/><D39/><U87/><E100/><V50/><F71/><W115/><G25/><T49/><D94/><U58/><E104/><V43/><F24/><W109/><G109/><T7/><D5/><U97/><E133/><V4/><F4/><W130/><G130/><T101/><D101/><U51/><E97/><V56/><F74/><W27/><G27/><T103/><D103/><U20/><E131/><V65/><F72/><W21/><G21/><T57/><D54/><U132/><E20/><V2/><F2/><W92/><G92/><T120/><D120/><U15/><E129/><V0/><F0/><W67/><G67/><T14/><D1/><U10/><E132/><V70/><F65/><W53/><G53/><T90/><D90/><U112/><E55/><V22/><F30/><W66/><G66/><T36/><D36/><U99/><E77/><V79/><F28/><W33/><G33/><T32/><D32/><U126/><E99/><V106/><F79/><RYUUKYOKU ba="0,0" sc="118,15,302,-15,340,-15,240,15" hai0="7,11,14,48,49,52,57,60,124,125" hai3="16,17,113,114,115,116,117" />
</Scene>
<Scene>
<INIT seed="3,1,0,2,4,123" ten="133,287,325,255" oya="3" hai0="83,134,130,48,53,4,42,94,24,88,20,27,30" hai1="125,58,109,91,101,54,57,87,28,110,115,69,117" hai2="121,50,126,111,119,0,21,44,92,86,107,63,127" hai3="38,64,45,96,14,8,19,16,2,68,36,66,108"/><W105/><G2/><T37/><D134/><U89/><E115/><V135/><F119/><W116/><G116/><T17/><D130/><U71/><E117/><V104/><F121/><W3/><G3/><T43/><D37/><U118/><E118/><V133/><F0/><W47/><G105/><N who="2" m="40521" /><F63/><W76/><G96/><T67/><D4/><U131/><E101/><V1/><F1/><W25/><G76/><T113/><D67/><U81/><E131/><V72/><F72/><W55/><G25/><T84/><D113/><U40/><E40/><N who="2" m="24839" /><F21/><W82/><G68/><T52/><D83/><U35/><E35/><V77/><F77/><W103/><G82/><T80/><D80/><U60/><E28/><V100/><F100/><W11/><G103/><T49/><D49/><U22/><E22/><V128/><F128/><W99/><G99/><T78/><D78/><U73/><E73/><V7/><F7/><W112/><G112/><T41/><REACH who="0" step="1"/><D48/><REACH who="0" ten="123,287,325,255" step="2"/><U34/><E81/><V70/><F135/><W13/><G55/><T122/><D122/><U106/><E54/><V29/><F133/><W5/><REACH who="3" step="1"/><G5/><REACH who="3" ten="123,287,325,245" step="2"/><T26/><D26/><U12/><E69/><V124/><F70/><W95/><G95/><T79/><D79/><U39/><E71/><V59/><F92/><W18/><G18/><T120/><D120/><U132/><E106/><V90/><F127/><W61/><G61/><T10/><D10/><U9/><E125/><V65/><F126/><W93/><G93/><T114/><D114/><U97/><E9/><V15/><F124/><W31/><G31/><T74/><D74/><RYUUKYOKU ba="1,2" sc="123,15,287,-15,325,-15,245,15" hai0="17,20,24,27,30,41,42,43,52,53,84,88,94" hai3="8,11,13,14,16,19,36,38,45,47,64,66,108" />
</Scene>
<Scene>
<INIT seed="3,2,2,3,0,116" ten="138,272,310,260" oya="3" hai0="121,38,85,113,96,22,56,90,70,135,129,24,27" hai1="105,37,72,19,62,9,21,76,58,98,95,59,15" hai2="71,103,127,111,31,92,34,64,114,133,11,69,110" hai3="109,108,132,125,123,36,94,16,101,35,126,128,12"/><W25/><G36/><T79/><D70/><U130/><E37/><V122/><F114/><W3/><G3/><T86/><D38/><U106/><E130/><V33/><F127/><N who="3" m="48651" /><G128/><T23/><D129/><U112/><E112/><V73/><F73/><W5/><G132/><T119/><D113/><U30/><E58/><V50/><F133/><W117/><G117/><T82/><D135/><U46/><E46/><V84/><F50/><W63/><G63/><T1/><D1/><U67/><E72/><V26/><F34/><W74/><G74/><T41/><D41/><U107/><E76/><V14/><F122/><W4/><G123/><T89/><D119/><U120/><E120/><V18/><F64/><W118/><G118/><T78/><D121/><U68/><E68/><V6/><F6/><N who="3" m="2667" /><G94/><T77/><D56/><U48/><E48/><V53/><F71/><W43/><G101/><T91/><D96/><U47/><E47/><V29/><F69/><W17/><G43/><T45/><D45/><U93/><E93/><V39/><F103/><W20/><G35/><T75/><D75/><U115/><E115/><V13/><F39/><W83/><G83/><T32/><D32/><U97/><E95/><V51/><F92/><W61/><G61/><T49/><D49/><U102/><E102/><V42/><F42/><W124/><N who="3" m="48659" /><W28/><DORA hai="134" /><G28/><N who="0" m="17431" /><D82/><U99/><E30/><AGARI ba="2,2" hai="23,27,30,77,78,79,85,86,89,90,91" m="17431" machi="30" ten="30,1000,0" yaku="8,1" doraHai="116,134" who="0" fromWho="1" sc="138,36,272,-16,310,0,260,0" />
</Scene>
<Scene>
<INIT seed="4,0,0,5,4,66" ten="174,256,310,260" oya="0" hai0="83,77,74,131,134,80,34,85,20,126,82,72,8" hai1="45,118,56,91,78,44,100,38,112,123,67,133,90" hai2="117,10,88,4,116,119,55,81,16,1,50,94,37" hai3="60,101,51,48,87,2,105,68,22,79,19,84,24"/><T41/><D34/><U75/><E118/><V124/><F124/><W130/><G2/><T32/><D32/><U0/><E123/><V30/><F30/><W23/><G130/><T7/><D134/><U53/><E0/><V15/><F37/><W89/><G105/><T70/><D126/><U28/><E67/><V47/><F81/><N who="3" m="47167" /><G68/><T128/><D74/><U5/><E5/><V71/><F71/><W104/><G104/><T13/><D70/><U110/><E100/><V21/><REACH who="2" step="1"/><F119/><REACH who="2" ten="174,256,300,260" step="2"/><W59/><G101/><T76/><D82/><U33/><E28/><V39/><F39/><W113/><G113/><T98/><D131/><U58/><E38/><V46/><F46/><W54/><G23/><T96/><D128/><U40/><E44/><V18/><F18/><W65/><G19/><T42/><D20/><U6/><E45/><V3/><F3/><W25/><G22/><T95/><REACH who="0" step="1"/><D98/><AGARI ba="0,1" hai="1,4,10,15,16,21,47,50,55,88,94,98,116,117" machi="98" ten="40,5200,0" yaku="1,1,54,2,53,0" doraHai="66" doraHaiUra="99" who="2" fromWho="0" sc="174,-52,256,0,300,62,260,0" />
</Scene>
<Scene>
<INIT seed="5,0,0,3,2,66" ten="122,256,362,260" oya="1" hai0="11,65,99,47,133,116,135,91,42,77,100,102,81" hai1="74,95,3,38,117,15,49,119,1,29,45,48,98" hai2="125,22,39,7,132,18,108,46,106,88,101,41,84" hai3="35,96,4,128,37,76,115,83,25,68,124,72,111"/><U107/><E107/><V17/><F108/><W78/><G111/><T59/><D116/><U69/><E74/><V118/><F118/><W70/><G37/><T86/><D11/><U75/><E75/><V60/><F7/><W54/><G78/><T62/><D77/><U61/><E38/><V53/><F132/><W97/><G4/><T130/><D130/><U30/><E15/><V44/><F125/><W90/><G124/><T85/><D85/><U34/><E95/><V31/><F31/><W6/><G6/><T16/><D99/><U14/><E14/><V43/><F101/><W129/><G115/><T121/><D121/><U71/><E61/><V93/><F106/><W19/><G54/><T32/><D32/><U79/><E79/><V67/><F53/><W21/><G35/><T63/><D63/><U58/><E34/><V82/><F93/><N who="3" m="56375" /><G97/><T5/><D5/><U122/><E98/><V112/><F112/><W113/><G113/><T64/><D64/><U109/><E109/><V120/><F120/><W9/><G9/><T92/><D92/><U24/><E122/><V52/><F67/><W56/><G56/><T26/><D135/><U114/><E114/><V131/><F39/><W105/><G105/><T40/><D133/><U0/><E0/><V87/><F60/><W104/><G104/><T33/><D33/><U50/><E119/><V80/><F87/><W10/><G10/><T103/><REACH who="0" step="1"/><D47/><REACH who="0" ten="112,256,362,260" step="2"/><U126/><E45/><V73/><F46/><W110/><G110/><T36/><D36/><U23/><E117/><V57/><F44/><W8/><G8/><RYUUKYOKU ba="0,1" sc="112,15,256,-15,362,-15,260,15" hai0="16,26,40,42,59,62,65,81,86,91,100,102,103" hai3="19,21,25,68,70,72,76,83,128,129" />
</Scene>
<Scene>
<INIT seed="6,1,1,3,4,34" ten="127,241,347,275" oya="2" hai0="16,26,23,125,57,12,107,117,88,67,84,44,132" hai1="66,32,130,45,102,28,86,131,47,7,134,30,29" hai2="58,112,72,43,49,54,108,8,97,18,63,75,15" hai3="62,113,64,25,53,110,92,55,82,74,91,61,87"/><V99/><F108/><W9/><G110/><T4/><D107/><U123/><E134/><V0/><F112/><W24/><G113/><T114/><D114/><U70/><E123/><V106/><F0/><W79/><G9/><T38/><D125/><U59/><E70/><V133/><F133/><W121/><G121/><T101/><D132/><U35/><E102/><V128/><F128/><N who="1" m="49193" /><E86/><V103/><F99/><N who="3" m="57759" /><G74/><T60/><D117/><U126/><E126/><V13/><F13/><W37/><G37/><T111/><D111/><U118/><E7/><V94/><F106/><W127/><G127/><T124/><D124/><U51/><E118/><V1/><F1/><W50/><G53/><T73/><D73/><U129/><N who="1" m="49201" /><U105/><DORA hai="98" /><E105/><V69/><F69/><W81/><G81/><T68/><D68/><U116/><E116/><V71/><F71/><W46/><G64/><T5/><D101/><U100/><E100/><V77/><F75/><W96/><G96/><T120/><D120/><U109/><E109/><V3/><F72/><W83/><G83/><T119/><D119/><U39/><E39/><V21/><F103/><W10/><G10/><T65/><D65/><U122/><E122/><V115/><F8/><W6/><G6/><T104/><D104/><U135/><E135/><V11/><F11/><W33/><G33/><N who="1" m="12874" /><E66/><V93/><F115/><W19/><G25/><T40/><REACH who="0" step="1"/><D26/><REACH who="0" ten="117,241,347,275" step="2"/><U27/><E27/><V31/><F97/><W22/><AGARI ba="1,2" hai="19,22,24,46,50,55,61,62,79,82,87" m="57759" machi="22" ten="30,1100,0" yaku="8,1" doraHai="34,98" who="3" fromWho="3" sc="117,-4,241,-4,347,-6,275,34" />
</Scene>
<Scene>
<INIT seed="7,0,0,5,1,96" ten="113,237,341,309" oya="3" hai0="84,128,81,124,1,66,64,14,130,120,54,43,44" hai1="37,133,8,91,28,35,92,52,121,76,111,18,55" hai2="125,135,45,117,106,41,59,131,39,3,22,32,4" hai3="89,122,17,94,98,40,6,72,108,36,67,53,78"/><W107/><G122/><T48/><D120/><U116/><E121/><V73/><RYUUKYOKU type="yao9" ba="0,0" sc="113,0,237,0,341,0,309,0" hai2="3,4,22,32,39,41,45,59,73,106,117,125,131,135" />
</Scene>
<Scene>
<INIT seed="7,1,0,4,5,125" ten="113,237,341,309" oya="3" hai0="22,38,112,106,13,81,87,70,101,96,46,55,57" hai1="12,123,35,51,58,11,121,21,74,14,131,129,99" hai2="104,31,64,91,2,86,120,98,114,78,115,69,132" hai3="49,4,110,48,27,62,39,47,8,128,77,105,23"/><W88/><G105/><T54/><D70/><U71/><E71/><V26/><F120/><W68/><G77/><T97/><D97/><U37/><E37/><V118/><F118/><W84/><G110/><T52/><D112/><N who="2" m="43050" /><F2/><W20/><G128/><N who="1" m="49226" /><E74/><V113/><F132/><W76/><G76/><T73/><D73/><U109/><E109/><V18/><F18/><W44/><G39/><T124/><D124/><U89/><E35/><V72/><F72/><W61/><G68/><T3/><D3/><U116/><E21/><N who="3" m="8266" /><G27/><T80/><D80/><U63/><E51/><N who="3" m="19530" /><G4/><T90/><D38/><U40/><E40/><V92/><F69/><W102/><G102/><T19/><REACH who="0" step="1"/><D46/><REACH who="0" ten="103,237,341,309" step="2"/><N who="3" m="17449" /><G8/><T127/><D127/><U5/><E116/><V103/><F113/><W7/><G7/><T10/><D10/><U42/><E123/><V66/><F78/><W30/><G30/><T15/><D15/><N who="1" m="5615" /><E121/><V16/><F31/><W25/><G25/><T126/><D126/><U32/><E12/><V65/><F26/><W1/><G1/><T107/><D107/><U85/><E14/><V111/><F111/><W6/><G6/><T0/><D0/><U108/><E108/><V56/><F16/><W50/><G50/><T130/><D130/><U59/><E99/><V100/><F100/><W82/><AGARI ba="1,1" hai="61,62,82,84,88" m="17449,19530,8266" machi="82" ten="30,3000,0" yaku="8,1,54,1" doraHai="125" who="3" fromWho="3" sc="103,-11,237,-11,341,-11,309,43" owari="92,-41.0,226,-17.0,330,13.0,352,45.0" />
</Scene>
</mjloggm>