<mjloggm ver="2.3"><GO type="169" lobby="0"/><UN n0="%4D%46%E9%A6%99%E5%B7%9D%E7%9C%9F%E5%8F%B8" n1="%7A%65%72%6F%52%58" n2="%7A%6F%6F%31%39%36%34" n3="%E5%A4%AA%E3%81%8F%E3%81%AA%E3%81%84%E3%81%8A" dan="16,16,17,18" rate="2109.29,2094.67,2181.71,2263.31" sx="M,M,M,F"/><TAIKYOKU oya="0"/>

<Scene>
<INIT seed="0,0,0,4,5,26" ten="250,250,250,250" oya="0" hai0="43,9,52,37,77,88,59,35,82,63,129,104,66" hai1="41,30,45,116,40,28,76,103,90,8,114,74,34" hai2="81,126,124,112,78,102,97,33,7,13,127,24,16" hai3="134,64,42,17,115,47,62,86,25,44,1,75,84"/><T111/><D104/><U31/><E116/><V27/><F112/><W101/><G75/><T130/><D111/><U65/><E103/><V121/><F121/><W10/><G115/><T0/><D35/><U68/><E34/><V133/><F7/><W58/><G134/><T99/><D66/><U50/><E114/><V128/><F128/><W109/><G109/><T69/><D69/><U85/><E74/><V36/><F36/><W105/><G105/><T5/><D99/><U131/><E76/><V55/><F55/><W95/><G1/><T79/><D77/><U71/><E131/><N who="0" m="50185" /><D79/><U4/><E41/><V61/><F61/><W14/><G25/><T20/><D20/><U120/><E65/><V6/><F6/><W118/><G118/><T110/><D110/><U2/><REACH who="1" step="1"/><E120/><REACH who="1" ten="250,240,250,250" step="2"/><V117/><F117/><W12/><G42/><T29/><D43/><U11/><E11/><N who="2" m="6207" /><F33/><W21/><G101/><T123/><D123/><U60/><E60/><V80/><F133/><W72/><G72/><T3/><D37/><U135/><E135/><V73/><F81/><AGARI ba="0,1" hai="2,4,8,28,30,31,40,45,50,68,71,81,85,90" machi="81" ten="40,8000,1" yaku="1,1,52,3,53,0" doraHai="26" doraHaiUra="48" who="1" fromWho="2" sc="250,0,240,90,250,-80,250,0" />
</Scene>
<Scene>
<INIT seed="1,0,0,0,2,44" ten="250,330,170,250" oya="1" hai0="91,82,72,56,132,14,119,121,108,51,75,58,71" hai1="87,64,79,117,92,23,118,94,65,47,35,41,38" hai2="85,78,93,134,43,26,61,109,36,116,135,53,12" hai3="70,19,105,10,110,54,7,9,63,74,29,77,45"/><U131/><E35/><V99/><F116/><W2/><G105/><T97/><D119/><U81/><E131/><V20/><F109/><W34/><G110/><T30/><D108/><U124/><E124/><V5/><F36/><W76/><G74/><T48/><D71/><U55/><E118/><V106/><F106/><W128/><G128/><T123/><D132/><U67/><E117/><V3/><F3/><W120/><G120/><N who="0" m="46155" /><D30/><U95/><E55/><V0/><F0/><W46/><G29/><T33/><D33/><U18/><REACH who="1" step="1"/><E65/><REACH who="1" ten="250,320,170,250" step="2"/><V83/><F43/><W107/><G34/><T73/><D14/><AGARI ba="0,1" hai="14,18,23,38,41,47,64,67,79,81,87,92,94,95" machi="14" ten="40,3900,0" yaku="1,1,2,1,53,0" doraHai="44" doraHaiUra="24" who="1" fromWho="0" sc="250,-39,320,49,170,0,250,0" />
</Scene>
<Scene>
<INIT seed="1,1,0,3,2,18" ten="211,369,170,250" oya="1" hai0="52,127,71,2,60,48,110,44,112,61,98,39,54" hai1="22,80,16,79,115,5,89,120,122,35,84,12,66" hai2="90,21,7,29,23,83,62,6,82,134,31,126,59" hai3="133,63,99,129,26,77,119,67,72,51,33,117,47"/><U88/><E115/><V113/><F113/><W37/><G129/><T128/><D112/><U121/><E35/><V69/><F69/><W124/><G133/><T9/><D110/><U100/><E66/><V106/><F134/><W96/><G124/><T27/><D127/><U0/><E0/><V20/><F106/><W43/><G51/><T109/><D44/><U76/><E5/><N who="2" m="1547" /><F126/><W13/><G13/><T130/><D109/><U40/><E100/><V19/><F19/><W15/><G15/><T102/><D39/><U58/><E40/><V8/><F8/><W41/><G41/><T74/><D74/><U104/><E104/><V42/><F42/><W132/><G132/><T125/><D125/><U30/><E30/><N who="2" m="11275" /><F90/><W101/><G33/><T24/><D71/><U38/><E38/><V93/><F93/><W103/><G103/><T14/><D2/><U92/><REACH who="1" step="1"/><E58/><REACH who="1" ten="211,359,170,250" step="2"/><V91/><F91/><W114/><G114/><T64/><D130/><U68/><E68/><V87/><F87/><AGARI ba="1,1" hai="12,16,22,76,79,80,84,87,88,89,92,120,121,122" machi="87" ten="40,12000,1" yaku="1,1,52,1,54,2,53,0" doraHai="18" doraHaiUra="57" who="1" fromWho="2" sc="211,0,359,133,170,-123,250,0" />
</Scene>
<Scene>
<INIT seed="1,2,0,0,4,57" ten="211,492,47,250" oya="1" hai0="121,42,129,105,25,96,32,30,113,26,75,123,90" hai1="103,18,86,101,65,74,6,109,118,73,98,106,36" hai2="21,114,63,117,45,104,43,69,46,50,126,116,119" hai3="111,11,93,127,134,131,88,33,15,47,102,66,2"/><U41/><E118/><V29/><F104/><W35/><G2/><T122/><D113/><U17/><E6/><V70/><F29/><W108/><G102/><T125/><D125/><U130/><E130/><V12/><F21/><W84/><G127/><T99/><D42/><U107/><E65/><V59/><F12/><W53/><G131/><T34/><D75/><U39/><E86/><V48/><F126/><W14/><G134/><T19/><D129/><U37/><E41/><N who="2" m="24623" /><F114/><W1/><G1/><T110/><D110/><N who="3" m="42025" /><G66/><AGARI ba="2,0" hai="43,46,50,59,63,66,69,70,116,117,119" m="24623" machi="66" ten="30,3900,0" yaku="34,2,52,1" doraHai="57" who="2" fromWho="3" sc="211,0,492,0,47,45,250,-45" />
</Scene>
<Scene>
<INIT seed="2,0,0,3,0,99" ten="211,492,92,205" oya="2" hai0="94,126,55,29,58,74,38,83,50,103,76,35,33" hai1="41,96,106,0,61,133,1,59,124,45,42,16,98" hai2="28,81,77,68,93,65,105,104,12,27,115,78,80" hai3="130,66,7,75,62,60,63,54,111,70,110,23,43"/><V113/><F12/><W120/><G75/><T100/><D38/><U15/><E133/><V84/><F65/><W91/><G7/><T25/><D126/><U10/><E124/><V39/><F39/><W79/><G79/><T19/><D35/><U73/><E73/><V89/><F68/><W22/><G120/><T44/><D94/><U51/><E42/><V108/><F27/><W122/><G122/><T134/><D134/><U97/><REACH who="1" step="1"/><E106/><REACH who="1" ten="211,482,92,205" step="2"/><N who="2" m="41067" /><F28/><W92/><G43/><T52/><REACH who="0" step="1"/><D19/><REACH who="0" ten="201,482,92,205" step="2"/><U131/><E131/><V56/><F56/><W11/><G130/><T87/><D87/><U88/><E88/><N who="2" m="51215" /><F108/><W128/><G128/><T47/><D47/><U71/><E71/><V6/><F6/><W31/><G111/><T36/><D36/><U69/><E69/><V102/><F115/><W48/><G110/><T20/><D20/><U109/><E109/><V37/><F113/><W107/><G107/><T5/><D5/><U135/><E135/><V40/><F40/><W86/><G23/><T112/><D112/><U30/><E30/><V57/><F57/><N who="3" m="32967" /><G22/><T24/><D24/><U72/><E72/><V14/><F37/><W121/><G31/><T13/><D13/><U49/><E49/><AGARI ba="0,2" hai="25,29,33,44,49,50,52,55,58,74,76,83,100,103" machi="49" ten="30,8000,1" yaku="1,1,7,1,52,2,54,1,53,0" doraHai="99" doraHaiUra="117" who="0" fromWho="1" sc="201,100,482,-80,92,0,205,0" />
</Scene>
<Scene>
<INIT seed="3,0,0,0,1,27" ten="301,402,92,205" oya="3" hai0="41,127,133,78,122,89,24,52,39,109,101,132,113" hai1="67,18,73,93,25,9,49,4,124,56,8,77,1" hai2="55,61,64,118,17,3,126,74,100,135,72,83,119" hai3="79,38,125,11,86,35,105,30,47,31,99,134,120"/><W69/><G120/><T115/><D101/><U116/><E124/><V110/><F3/><W95/><G69/><T14/><D78/><U75/><E116/><V81/><F126/><W88/><G125/><T62/><D127/><U87/><E9/><V97/><F110/><W19/><G35/><T84/><D122/><U121/><E121/><V106/><F135/><W26/><G134/><N who="0" m="51819" /><D14/><U108/><E108/><V94/><F55/><W29/><G105/><T32/><D109/><U21/><E67/><V50/><F50/><W71/><G71/><T40/><D32/><U130/><E130/><V48/><F48/><W53/><G38/><T107/><D24/><U0/><E0/><V36/><F17/><W6/><G47/><T23/><D23/><U85/><E85/><V57/><F36/><W44/><G44/><T117/><D107/><U111/><E111/><V82/><REACH who="2" step="1"/><F106/><REACH who="2" ten="301,402,82,205" step="2"/><W102/><G53/><T15/><D39/><U128/><E49/><V123/><F123/><W5/><G5/><T96/><D52/><U34/><E4/><V80/><N who="2" m="20480" /><DORA hai="63" /><V112/><F112/><W43/><G6/><T33/><D113/><U20/><E1/><V28/><F28/><W91/><G19/><T42/><D115/><U76/><E18/><V70/><F70/><W129/><G30/><T45/><D42/><U13/><E76/><V2/><F2/><W54/><G43/><T131/><D40/><U92/><E77/><V51/><F51/><W10/><G54/><T16/><D41/><U22/><E75/><AGARI ba="0,1" hai="57,61,64,72,74,75,94,97,100,118,119" m="20480" machi="75" ten="50,3200,0" yaku="1,1,52,1,53,0" doraHai="27,63" doraHaiUra="37,46" who="2" fromWho="1" sc="301,0,402,-32,82,42,205,0" />
</Scene>
<Scene>
<INIT seed="4,0,0,2,0,96" ten="301,370,124,205" oya="0" hai0="103,116,74,111,79,39,124,31,100,93,61,36,133" hai1="83,19,107,23,66,91,32,47,119,88,10,122,54" hai2="118,75,125,102,20,18,7,41,25,121,109,78,92" hai3="95,45,86,67,11,87,44,85,37,94,130,21,113"/><T104/><D116/><U57/><E122/><V51/><F121/><W16/><G113/><T6/><D104/><U73/><E32/><V80/><F109/><W29/><G130/><T76/><D31/><U65/><E107/><V81/><F125/><W105/><G105/><T63/><D93/><N who="3" m="35337" /><G37/><T62/><D6/><U48/><E10/><V53/><F41/><W24/><G67/><T106/><D106/><U13/><E119/><V110/><F110/><W128/><G128/><T52/><D111/><U70/><E70/><V132/><F118/><W5/><G5/><T30/><D30/><U33/><E33/><V129/><F129/><W28/><G28/><T64/><D64/><N who="1" m="24683" /><E73/><V90/><F7/><W9/><G9/><T58/><D124/><U97/><E97/><V89/><F81/><W17/><G11/><T56/><D63/><N who="1" m="36279" /><E83/><V117/><F117/><W99/><G99/><T84/><D84/><U55/><AGARI ba="0,0" hai="13,19,23,47,48,55,88,91" m="36279,24683" machi="55" ten="30,2000,0" yaku="8,1,54,1" doraHai="96" who="1" fromWho="1" sc="301,-10,370,20,124,-5,205,-5" />
</Scene>
<Scene>
<INIT seed="5,0,0,5,0,131" ten="291,390,119,200" oya="1" hai0="3,81,26,34,7,89,112,99,83,102,42,55,0" hai1="54,2,43,78,68,9,128,126,84,106,123,38,107" hai2="12,58,5,40,28,70,90,80,129,57,67,15,105" hai3="86,116,135,133,30,72,44,13,37,45,120,29,103"/><U85/><E123/><V59/><F129/><W53/><G72/><T61/><D42/><U79/><E68/><V98/><F40/><W94/><G120/><T52/><D112/><U88/><E126/><V20/><F5/><W24/><G116/><T8/><D0/><U10/><E54/><V74/><F74/><W109/><G109/><T47/><D89/><U92/><E43/><V41/><F41/><N who="3" m="22575" /><G13/><T62/><D55/><U97/><E128/><V114/><F114/><W49/><G24/><T134/><D26/><U64/><E64/><V1/><F1/><W125/><G125/><T48/><D34/><U122/><E122/><V71/><F67/><W6/><G6/><T87/><D83/><U21/><E38/><V16/><F28/><W110/><G110/><T60/><D87/><U75/><E75/><V76/><F15/><W23/><G23/><T115/><D81/><U124/><E107/><V11/><F20/><W25/><G25/><T27/><D27/><U91/><E106/><V93/><REACH who="2" step="1"/><F105/><REACH who="2" ten="291,390,109,200" step="2"/><W82/><G29/><T35/><D115/><U50/><E21/><V132/><F132/><N who="3" m="50763" /><G30/><T65/><D134/><U100/><E2/><V46/><F46/><W36/><G36/><T121/><D121/><U77/><E124/><V101/><F101/><W22/><G22/><T108/><D7/><U118/><E100/><V4/><F4/><W14/><G14/><T119/><D102/><U69/><E9/><V19/><F19/><W31/><G31/><T95/><D8/><U63/><E10/><V51/><F51/><W17/><G103/><T104/><D48/><RYUUKYOKU ba="0,1" sc="291,-10,390,-10,109,30,200,-10" hai2="11,12,16,57,58,59,70,71,76,80,90,93,98" />
</Scene>
<Scene>
<INIT seed="6,1,1,1,4,2" ten="281,380,139,190" oya="2" hai0="110,62,24,88,99,26,78,126,10,47,13,19,27" hai1="91,87,53,128,80,28,72,63,113,127,71,111,130" hai2="22,54,23,49,96,101,61,46,33,44,59,103,50" hai3="7,123,32,0,14,3,94,6,9,8,93,116,35"/><V67/><F33/><W114/><G14/><T56/><D110/><U85/><E113/><V60/><F60/><W124/><G114/><T58/><D78/><N who="1" m="44103" /><E127/><V135/><F135/><W120/><REACH who="3" step="1"/><G124/><REACH who="3" ten="281,380,139,180" step="2"/><T81/><D126/><U122/><E130/><V12/><F12/><W30/><G30/><T55/><D47/><U119/><E28/><V34/><F34/><W105/><G105/><T29/><D29/><U66/><E128/><V51/><F51/><W52/><G52/><N who="0" m="34055" /><D99/><U106/><E53/><V70/><F70/><W41/><G41/><T95/><D95/><U17/><E71/><V31/><F31/><W131/><G131/><T64/><D64/><U74/><E106/><V73/><F73/><W45/><G45/><T4/><D81/><U89/><E66/><V25/><F25/><W69/><G69/><T18/><D88/><U98/><E89/><V65/><F65/><W132/><G132/><T90/><D90/><U100/><E91/><V104/><F103/><W48/><G48/><AGARI ba="1,2" hai="4,10,13,18,19,24,26,27,48,55,58" m="34055" machi="48" ten="30,3900,0" yaku="8,1,52,1,54,1" doraHai="2" who="0" fromWho="3" sc="281,62,380,0,139,0,180,-42" />
</Scene>
<Scene>
<INIT seed="7,0,0,5,0,120" ten="343,380,139,138" oya="3" hai0="84,35,67,127,83,45,130,125,4,110,89,94,73" hai1="3,79,32,106,12,65,88,57,6,64,41,102,39" hai2="10,107,7,46,20,74,18,126,122,71,118,113,124" hai3="115,105,91,14,24,96,13,134,78,104,19,21,47"/><W5/><G115/><T34/><D67/><U63/><E12/><N who="2" m="5215" /><F118/><W80/><G134/><T9/><D45/><U44/><E88/><V42/><F107/><W93/><G47/><T81/><D130/><U109/><E109/><V62/><F74/><W119/><G119/><T117/><D117/><U49/><E32/><V87/><F122/><W70/><G70/><T53/><D53/><U33/><E33/><V75/><F75/><W76/><G76/><T95/><D73/><U54/><E79/><V99/><F113/><W69/><G69/><T112/><D112/><U23/><E23/><V86/><F99/><W108/><G108/><T90/><D9/><U16/><E16/><V1/><F1/><W15/><REACH who="3" step="1"/><G5/><REACH who="3" ten="343,380,139,128" step="2"/><T114/><D114/><U27/><E6/><V51/><F71/><W101/><G101/><T66/><D4/><U131/><E102/><V40/><F40/><W128/><G128/><T48/><D110/><U61/><E44/><V43/><F43/><W30/><G30/><T0/><D90/><U58/><E41/><V135/><F135/><W56/><G56/><T116/><D89/><U132/><E131/><V37/><F37/><W59/><G59/><T11/><D116/><U72/><E39/><V100/><F100/><W103/><G103/><T77/><D77/><U68/><E132/><V52/><F42/><W38/><G38/><T22/><D0/><U31/><E3/><V60/><F126/><W121/><G121/><T98/><D127/><U2/><E2/><V29/><F124/><W17/><G17/><T129/><D125/><U123/><E68/><RYUUKYOKU ba="0,1" sc="343,-10,380,-10,139,-10,128,30" hai3="13,14,15,19,21,24,78,80,91,93,96,104,105" />
</Scene>
<Scene>
<INIT seed="7,1,1,4,5,15" ten="333,370,129,158" oya="3" hai0="92,118,2,6,5,48,32,12,28,113,85,44,52" hai1="17,59,130,9,47,131,117,41,115,76,112,13,67" hai2="96,23,79,69,57,16,34,35,61,111,56,46,80" hai3="14,122,100,20,55,129,132,10,70,102,104,39,119"/><W63/><G119/><T87/><D118/><U110/><E110/><V98/><F111/><W25/><G122/><T31/><D2/><U50/><E117/><V77/><F69/><W94/><G39/><T43/><D32/><U58/><E76/><N who="2" m="29259" /><F35/><W126/><G104/><T109/><D109/><U38/><E50/><V101/><F34/><W99/><G129/><N who="1" m="49162" /><E67/><N who="2" m="39335" /><F101/><N who="3" m="60663" /><G70/><T91/><D113/><AGARI ba="1,1" hai="9,13,17,38,41,47,58,59,112,113,115" m="49162" machi="113" ten="30,3900,0" yaku="15,1,19,1,52,1" doraHai="15" who="1" fromWho="0" sc="333,-42,370,52,129,0,158,0" owari="291,9.0,422,52.0,129,-37.0,158,-24.0" />
</Scene>
</mjloggm>