<mjloggm ver="2.3"><GO type="169" lobby="0"/><UN n0="%E5%A4%AA%E3%81%8F%E3%81%AA%E3%81%84%E3%81%8A" n1="%6E%62%34%39" n2="%E3%81%84%E3%81%AA%E3%81%97%E3%82%93%E3%80%82" n3="%E3%82%8A%E3%82%85%E3%81%85" dan="19,16,16,16" rate="2286.50,2123.92,2069.24,2126.30" sx="F,M,F,M"/><TAIKYOKU oya="0"/>

<Scene>
<INIT seed="0,0,0,4,1,36" ten="250,250,250,250" oya="0" hai0="99,38,50,37,53,19,31,43,86,14,17,68,39" hai1="70,11,64,106,28,71,82,112,20,21,24,130,102" hai2="107,6,111,62,13,98,109,124,12,101,22,110,61" hai3="89,42,129,59,26,55,48,95,76,34,132,60,90"/><T16/><D68/><U30/><E130/><V51/><F124/><W8/><G129/><T116/><D116/><U128/><E128/><V125/><F125/><W57/><G132/><T47/><D31/><U118/><E118/><V100/><F100/><W29/><G76/><T77/><D99/><U134/><E134/><V66/><F51/><W56/><G8/><T121/><D121/><U123/><E112/><V18/><REACH who="2" step="1"/><F66/><REACH who="2" ten="250,250,240,250" step="2"/><W79/><G79/><T27/><D39/><U44/><E64/><V81/><F81/><W119/><G119/><T41/><D38/><U1/><E82/><V104/><F104/><W40/><G90/><T23/><D37/><U46/><E102/><V73/><F73/><W108/><G108/><T52/><D53/><U5/><E106/><V126/><F126/><W113/><G113/><T120/><D120/><U135/><E135/><V131/><F131/><W80/><G80/><N who="0" m="47375" /><D14/><U105/><E105/><V32/><F32/><W67/><REACH who="3" step="1"/><G59/><REACH who="3" ten="250,250,240,240" step="2"/><T93/><D93/><U87/><E123/><V122/><F122/><W63/><G63/><T92/><D92/><U103/><E70/><V114/><F114/><W133/><G133/><T0/><D0/><U91/><E71/><V7/><F7/><W85/><AGARI ba="0,2" hai="26,29,34,40,42,48,55,56,57,60,67,85,89,95" machi="85" ten="20,12000,2" yaku="1,1,0,1,7,1,52,2,53,1" doraHai="36" doraHaiUra="45" who="3" fromWho="3" sc="250,-60,250,-30,240,-30,240,140" />
</Scene>
<Scene>
<INIT seed="1,0,0,1,2,8" ten="190,220,210,380" oya="1" hai0="106,15,125,2,4,109,87,35,57,14,27,18,45" hai1="135,68,52,79,62,46,36,65,107,37,84,75,16" hai2="124,103,117,129,48,80,72,22,11,42,49,134,5" hai3="123,100,122,61,104,21,6,56,38,85,1,92,78"/><U9/><E135/><V73/><F117/><W58/><G38/><T53/><D106/><U98/><E75/><V32/><F32/><W88/><G1/><T33/><D109/><U99/><E79/><V113/><F113/><W24/><G6/><T13/><D45/><U94/><E84/><V91/><F134/><W128/><G128/><T40/><D40/><U47/><E107/><V119/><F119/><W89/><G78/><T64/><D64/><U114/><E114/><V41/><F129/><W59/><G61/><T23/><D125/><U111/><E111/><V105/><F22/><W74/><G74/><T63/><REACH who="0" step="1"/><D87/><REACH who="0" ten="180,220,210,380" step="2"/><U101/><E47/><N who="2" m="25711" /><F72/><W39/><G122/><T121/><D121/><U17/><E98/><V71/><F73/><W55/><G123/><T97/><D97/><U29/><E37/><V50/><F42/><W83/><G39/><T110/><D110/><U118/><E118/><V19/><F105/><W43/><G43/><T131/><D131/><U69/><E36/><V112/><F124/><W12/><G104/><T51/><D51/><U115/><E115/><V3/><F49/><W0/><G85/><T95/><D95/><U90/><E46/><V127/><F50/><W34/><G92/><T70/><D70/><U130/><E68/><V82/><F71/><W132/><G132/><T30/><D30/><U93/><E29/><V25/><F127/><W108/><G108/><T10/><AGARI ba="0,1" hai="2,4,10,13,14,15,18,23,27,33,35,53,57,63" machi="10" ten="30,8000,1" yaku="1,1,0,1,52,3,53,0" doraHai="8" doraHaiUra="120" who="0" fromWho="0" sc="180,90,220,-40,210,-20,380,-20" />
</Scene>
<Scene>
<INIT seed="2,0,0,2,3,96" ten="270,180,190,360" oya="2" hai0="127,122,78,35,132,94,1,43,112,41,8,76,119" hai1="121,82,55,89,111,47,10,81,2,34,99,103,100" hai2="37,88,62,13,54,7,64,129,57,124,17,60,61" hai3="114,85,24,106,5,28,92,73,87,31,115,15,3"/><V40/><F129/><W128/><G3/><T9/><D122/><U19/><E34/><V98/><F124/><W6/><G106/><T131/><D112/><N who="3" m="43049" /><G73/><T102/><D35/><U58/><E111/><V90/><F7/><W120/><G120/><T48/><D127/><U0/><E121/><V69/><F98/><W133/><G133/><T4/><D132/><U134/><E47/><V105/><F105/><W75/><G75/><T59/><D131/><U104/><E134/><V86/><F40/><W83/><G128/><T95/><D119/><U117/><E117/><V91/><F37/><W110/><G110/><T113/><D113/><U68/><E68/><V22/><REACH who="2" step="1"/><F60/><REACH who="2" ten="270,180,180,360" step="2"/><W26/><G6/><T12/><D43/><U39/><E39/><V14/><F14/><W44/><G15/><T130/><D130/><U107/><E107/><V116/><F116/><W74/><G5/><T72/><D41/><U101/><E104/><V79/><F79/><W49/><G24/><T93/><D76/><U126/><E126/><V52/><F52/><W42/><G26/><T51/><D12/><N who="1" m="7575" /><E2/><V84/><AGARI ba="0,1" hai="13,17,22,54,57,61,62,64,69,84,86,88,90,91" machi="84" ten="30,6000,0" yaku="1,1,0,1,54,1,53,0" doraHai="96" doraHaiUra="33" who="2" fromWho="2" sc="270,-20,180,-20,180,70,360,-20" />
</Scene>
<Scene>
<INIT seed="2,1,0,1,0,80" ten="250,160,250,340" oya="2" hai0="69,102,89,86,71,93,94,118,43,75,107,101,36" hai1="62,16,59,29,135,58,22,113,111,41,46,122,32" hai2="12,17,2,129,53,30,85,103,110,5,134,131,65" hai3="10,50,106,117,34,1,104,4,42,27,92,90,72"/><V13/><F134/><W121/><G72/><T57/><D75/><U44/><E113/><V95/><F65/><W78/><G78/><T116/><D107/><U25/><E111/><V133/><F30/><W98/><G117/><N who="0" m="45163" /><D57/><U21/><E135/><V76/><F133/><W11/><G121/><T45/><D94/><U20/><E122/><V100/><F110/><W70/><G70/><AGARI ba="1,0" hai="36,43,45,69,70,71,86,89,93,101,102" m="45163" machi="70" ten="30,2000,0" yaku="12,1,52,1" doraHai="80" who="0" fromWho="3" sc="250,23,160,0,250,0,340,-23" />
</Scene>
<Scene>
<INIT seed="3,0,0,4,1,44" ten="273,160,250,317" oya="3" hai0="90,114,71,31,22,117,65,41,130,88,0,83,59" hai1="104,2,64,57,132,78,100,86,32,51,126,25,95" hai2="70,106,99,133,107,11,39,128,87,42,125,48,35" hai3="92,27,49,76,8,112,21,105,13,102,24,17,66"/><W29/><G112/><T118/><D71/><U82/><E2/><V40/><F70/><W37/><G37/><T45/><D0/><U67/><E132/><V113/><F35/><W9/><G105/><T63/><D114/><U122/><E122/><V43/><F39/><W81/><G66/><T110/><D110/><U74/><E126/><V23/><F113/><W36/><G36/><T18/><D31/><U62/><E104/><V127/><F133/><W120/><G120/><T53/><D130/><U28/><E51/><V4/><F23/><W19/><G8/><T20/><D20/><U121/><E121/><V129/><F87/><N who="3" m="48551" /><G49/><N who="0" m="26799" /><D118/><U26/><E26/><V93/><F107/><W72/><G72/><T69/><D69/><U38/><E38/><V6/><F106/><W47/><G47/><T15/><D117/><U55/><REACH who="1" step="1"/><E86/><REACH who="1" ten="273,150,250,317" step="2"/><V33/><F48/><W98/><G27/><T5/><D15/><U68/><E68/><V101/><F125/><W54/><G29/><T108/><D108/><U60/><E60/><V119/><F127/><W131/><G131/><N who="2" m="50249" /><F119/><W61/><G61/><T3/><D63/><U115/><E115/><V111/><F111/><W12/><G24/><T109/><D3/><U58/><E58/><V52/><F40/><W134/><G134/><T96/><D109/><U75/><E75/><V97/><F42/><W16/><G19/><T103/><D18/><U1/><E1/><V116/><F116/><W10/><G10/><T7/><D59/><U123/><E123/><V50/><F43/><W79/><G9/><T84/><D84/><U80/><E80/><RYUUKYOKU ba="0,1" sc="273,-10,150,30,250,-10,317,-10" hai1="25,28,32,55,57,62,64,67,74,78,82,95,100" />
</Scene>
<Scene>
<INIT seed="4,1,1,0,1,53" ten="263,180,240,307" oya="0" hai0="94,3,78,83,128,62,98,48,123,82,51,9,65" hai1="13,70,86,22,113,56,88,57,44,120,18,10,99" hai2="46,117,35,20,131,16,1,45,21,97,43,74,28" hai3="30,116,40,38,34,19,71,72,130,79,134,31,8"/><T81/><D123/><U125/><E70/><V64/><F74/><W27/><G71/><T59/><D128/><U73/><E73/><V11/><F131/><W118/><G19/><T111/><D111/><U36/><E120/><V121/><F121/><W33/><G8/><T85/><D3/><U91/><E125/><V107/><F117/><W89/><G89/><T109/><D109/><U77/><E113/><V61/><F21/><W26/><G134/><T58/><D9/><U67/><E36/><V54/><F54/><W95/><G95/><T39/><D39/><U49/><E67/><V25/><F43/><W122/><G130/><T41/><D59/><N who="1" m="22603" /><E99/><V76/><F76/><W110/><G110/><T124/><D124/><U119/><E119/><V105/><F105/><W63/><G63/><T112/><D112/><U17/><E86/><V104/><F104/><W47/><G122/><T24/><D51/><U15/><E77/><V101/><F11/><W132/><G132/><T108/><D108/><U6/><E6/><V93/><F1/><W115/><G115/><T55/><D65/><U4/><E4/><V7/><F7/><W90/><G90/><N who="0" m="53583" /><D98/><U87/><E87/><V84/><F84/><W12/><G116/><T52/><D78/><U127/><E127/><V60/><F60/><W75/><G118/><T103/><D82/><U14/><E14/><N who="2" m="9239" /><F93/><W5/><G79/><T133/><D133/><U102/><E102/><V129/><F129/><W29/><G72/><T126/><D126/><U96/><E96/><V114/><F114/><W106/><G75/><T69/><D83/><RYUUKYOKU ba="1,1" sc="263,-15,180,15,240,15,307,-15" hai1="10,13,15,17,18,22,44,49,88,91" hai2="25,28,35,45,46,61,64,97,101,107" />
</Scene>
<Scene>
<INIT seed="5,2,1,4,3,25" ten="248,195,255,292" oya="1" hai0="58,86,8,88,66,56,30,29,7,95,96,93,37" hai1="50,119,54,133,6,35,115,42,107,105,130,99,27" hai2="41,121,135,113,91,106,116,34,111,49,131,84,123" hai3="82,48,94,55,28,10,92,23,125,53,109,100,127"/><U76/><E119/><V40/><F106/><W98/><G109/><T2/><D37/><U62/><E115/><V39/><F39/><W33/><G33/><T118/><D118/><U124/><E130/><V122/><F116/><W79/><G10/><T78/><D78/><U1/><E133/><V52/><F111/><W13/><G92/><T63/><D58/><U57/><E124/><N who="3" m="47690" /><G48/><T14/><D2/><U89/><E76/><V26/><F135/><W126/><G126/><T72/><D72/><U69/><E6/><V15/><F15/><W22/><G13/><T120/><D120/><U38/><E1/><V21/><F34/><W43/><G43/><T74/><D74/><U129/><E129/><V59/><F131/><W5/><G5/><T101/><AGARI ba="2,1" hai="7,8,14,29,30,56,63,66,86,88,93,95,96,101" machi="101" ten="20,12000,2" yaku="0,1,7,1,8,1,52,2,54,1" doraHai="25" who="0" fromWho="0" sc="248,136,195,-62,255,-32,292,-32" />
</Scene>
<Scene>
<INIT seed="6,0,0,2,1,17" ten="384,133,223,260" oya="2" hai0="103,126,24,37,58,47,114,14,113,110,35,88,104" hai1="38,30,86,56,125,127,33,42,99,5,96,9,46" hai2="111,67,83,73,65,6,49,121,131,3,19,63,132" hai3="124,69,85,23,75,68,15,116,45,89,109,101,2"/><V92/><F121/><W81/><G109/><T26/><D110/><U44/><E56/><V78/><F111/><W74/><G116/><T36/><D126/><N who="1" m="48139" /><E86/><V10/><F132/><W51/><G2/><T117/><D24/><N who="1" m="18631" /><E44/><V12/><F131/><W107/><G101/><T71/><D14/><AGARI ba="0,0" hai="5,9,14,38,42,46,96,99" m="18631,48139" machi="14" ten="30,1000,0" yaku="18,1" doraHai="17" who="1" fromWho="0" sc="384,-10,133,10,223,0,260,0" />
</Scene>
<Scene>
<INIT seed="7,0,0,2,2,76" ten="374,143,223,260" oya="3" hai0="24,95,10,22,128,19,80,17,101,9,26,14,107" hai1="126,118,88,75,11,4,133,129,20,99,119,89,27" hai2="38,32,34,30,91,40,67,53,51,6,52,68,81" hai3="116,45,28,86,18,135,117,134,56,105,0,108,50"/><W98/><G0/><T13/><D107/><U47/><E75/><V125/><F125/><W106/><G28/><T83/><D128/><U64/><E64/><V57/><F6/><W25/><G56/><T74/><D74/><U49/><E126/><V94/><F30/><W63/><G63/><T21/><D95/><U97/><E129/><V48/><F40/><W58/><G58/><T42/><D42/><U102/><E133/><N who="3" m="50698" /><G86/><T93/><D93/><U77/><E77/><V1/><F1/><W65/><G65/><T16/><D101/><U39/><E39/><V2/><F2/><W37/><G37/><T115/><D115/><U5/><E118/><V113/><F38/><W103/><G106/><T131/><D131/><U100/><E119/><V69/><F113/><W66/><G66/><T82/><D17/><U43/><E99/><V122/><F122/><W109/><G25/><AGARI ba="0,0" hai="9,10,13,14,16,19,21,22,24,25,26,80,82,83" machi="25" ten="40,12000,2" yaku="9,1,8,1,52,3,54,1" doraHai="76" who="0" fromWho="3" sc="374,120,143,0,223,0,260,-120" owari="494,60.0,143,-26.0,223,2.0,140,-36.0" />
</Scene>
</mjloggm>