<mjloggm ver="2.3"><GO type="169" lobby="0"/><UN n0="%E9%9B%80%E5%A3%AB%E3%81%AC%E3%82%8B%E3%82%8A%E3%82%93" n1="%E5%BE%A1%E5%AD%90%E6%9F%B4%E7%8E%B2%E4%BA%9C" n2="%73%66%73%66" n3="%E5%A4%AA%E3%81%8F%E3%81%AA%E3%81%84%E3%81%8A" dan="16,16,16,17" rate="2115.55,2064.27,2125.02,2245.04" sx="M,F,M,M"/><TAIKYOKU oya="0"/>

<Scene>
<INIT seed="0,0,0,4,0,103" ten="250,250,250,250" oya="0" hai0="109,68,77,23,26,63,38,98,1,86,78,48,24" hai1="69,79,18,92,112,104,76,102,117,115,135,81,61" hai2="16,116,57,42,17,30,13,45,9,14,108,84,11" hai3="72,70,25,101,106,51,96,27,123,87,65,19,97"/><T127/><D38/><U8/><E117/><V35/><F108/><W111/><G72/><T2/><D109/><U113/><E135/><V6/><F116/><W85/><G111/><T41/><D98/><N who="1" m="61527" /><E92/><V130/><F130/><W126/><G126/><T82/><D127/><U62/><E69/><V105/><F105/><W56/><G123/><T54/><D78/><N who="1" m="29739" /><E81/><V132/><F132/><W52/><G97/><T49/><D26/><U33/><E33/><V83/><F57/><W134/><G134/><T58/><D48/><U121/><E121/><V67/><F35/><W43/><G43/><T125/><D125/><U80/><E80/><V36/><F67/><W89/><G19/><T122/><D122/><U55/><E55/><V34/><F34/><W114/><G114/><T73/><D73/><U64/><E64/><V59/><F59/><W53/><G53/><T15/><D15/><AGARI ba="0,0" hai="8,15,18,61,62,112,113,115" m="29739,61527" machi="15" ten="40,2600,0" yaku="11,1,52,1" doraHai="103" who="1" fromWho="0" sc="250,-26,250,26,250,0,250,0" />
</Scene>
<Scene>
<INIT seed="1,0,0,2,4,63" ten="224,276,250,250" oya="1" hai0="4,96,109,20,72,44,120,82,70,42,111,81,59" hai1="32,90,18,118,31,8,28,130,48,107,7,0,75" hai2="65,3,87,91,106,1,40,125,57,128,108,46,71" hai3="49,124,94,55,101,36,98,39,12,135,68,66,129"/><U2/><E107/><V127/><F106/><W25/><G124/><N who="2" m="47689" /><F71/><W78/><G129/><T29/><D70/><U133/><E75/><V11/><F108/><W116/><G135/><T38/><D120/><U79/><E79/><V45/><F128/><W43/><G116/><T119/><D119/><U16/><E130/><V54/><F11/><W53/><G78/><T105/><D4/><U100/><E100/><V115/><F115/><W95/><G25/><T19/><D29/><N who="1" m="11339" /><E90/><V35/><F35/><W117/><G117/><T93/><D105/><U23/><E48/><N who="2" m="26663" /><F46/><W50/><G43/><T131/><D131/><U80/><E80/><N who="2" m="49639" /><F65/><W99/><G68/><T30/><D72/><U89/><E118/><V83/><F83/><W126/><G126/><T134/><D109/><U92/><E32/><V17/><F17/><W13/><G101/><T84/><D30/><U47/><E47/><V14/><F14/><W110/><G110/><T21/><D111/><U102/><E18/><V61/><AGARI ba="0,0" hai="1,3,54,57,61" m="49639,26663,47689" machi="61" ten="30,1100,0" yaku="18,1" doraHai="63" who="2" fromWho="2" sc="224,-3,276,-5,250,11,250,-3" />
</Scene>
<Scene>
<INIT seed="2,0,0,4,1,53" ten="221,271,261,247" oya="2" hai0="125,93,15,91,75,115,129,48,7,1,19,72,114" hai1="71,61,6,9,121,97,98,12,35,81,49,54,87" hai2="84,116,44,104,2,78,82,92,120,30,33,79,134" hai3="119,18,132,22,109,3,34,42,31,50,64,106,27"/><V113/><F113/><W77/><G119/><T0/><D115/><U8/><E35/><V46/><F104/><W4/><G106/><T52/><D114/><U17/><E121/><V99/><F116/><W107/><G107/><T62/><D129/><U37/><E37/><V111/><F2/><W86/><G109/><T56/><D125/><U103/><E71/><V43/><F120/><W133/><G64/><T88/><D91/><U73/><E73/><V16/><F111/><W26/><G42/><T108/><D108/><U128/><E128/><V122/><F122/><W96/><G96/><T47/><D1/><U68/><E68/><V36/><F79/><W11/><G50/><T102/><D102/><U131/><E61/><V29/><F33/><W100/><G100/><T130/><D7/><U90/><E103/><V21/><F46/><W51/><G51/><T28/><D28/><U63/><E63/><V57/><F134/><N who="3" m="51819" /><G86/><T76/><D0/><U40/><E40/><V23/><F99/><W83/><G83/><T105/><D105/><U94/><E131/><V39/><F92/><W5/><G77/><T112/><D76/><U110/><E110/><V118/><F39/><W59/><G5/><T41/><D112/><U10/><E6/><V13/><F118/><W95/><G95/><T55/><D130/><U60/><E60/><V101/><F101/><W127/><G59/><T85/><D41/><U20/><E81/><V69/><F57/><AGARI ba="0,0" hai="8,9,10,12,17,20,49,54,57,87,90,94,97,98" machi="57" ten="40,8000,1" yaku="25,2,8,1,52,1" doraHai="53" who="1" fromWho="2" sc="221,0,271,80,261,-80,247,0" />
</Scene>
<Scene>
<INIT seed="3,0,0,1,3,0" ten="221,351,181,247" oya="3" hai0="63,103,76,3,42,86,102,99,16,95,135,58,109" hai1="62,25,56,68,23,71,53,67,100,50,2,94,104" hai2="4,92,123,120,80,35,125,8,14,11,87,107,101" hai3="12,65,77,39,70,114,132,43,121,28,6,31,47"/><W122/><G114/><T116/><D116/><U24/><E2/><V18/><F35/><W72/><G132/><T41/><D3/><U131/><E131/><V78/><F107/><W10/><G70/><T54/><D109/><U15/><E104/><V96/><REACH who="2" step="1"/><F125/><REACH who="2" ten="221,351,171,247" step="2"/><W129/><G129/><T46/><D135/><U105/><E105/><V74/><F74/><W112/><G112/><T29/><D103/><U55/><E71/><V124/><F124/><W119/><G119/><T69/><D69/><U115/><E100/><V27/><F27/><W20/><G121/><T113/><D113/><U5/><E115/><V93/><F93/><W106/><G122/><T48/><D29/><U111/><E94/><V13/><AGARI ba="0,1" hai="4,8,11,13,14,18,78,80,87,92,96,101,120,123" machi="13" ten="30,4000,0" yaku="1,1,0,1,52,1,53,0" doraHai="0" doraHaiUra="130" who="2" fromWho="2" sc="221,-10,351,-10,171,50,247,-20" />
</Scene>
<Scene>
<INIT seed="4,0,0,5,3,94" ten="211,341,221,227" oya="0" hai0="88,4,54,35,39,101,66,27,76,61,96,16,32" hai1="41,91,92,69,104,55,31,97,120,26,8,89,81" hai2="3,131,52,95,133,18,21,34,46,79,10,134,80" hai3="86,45,43,102,7,75,74,57,59,53,83,58,126"/><T70/><D39/><U124/><E120/><V129/><F34/><W105/><G126/><T132/><D4/><U90/><E124/><V6/><F95/><W84/><G53/><T122/><D122/><U63/><E104/><V9/><F9/><W38/><G7/><T28/><D76/><U72/><E41/><V12/><F46/><W40/><G40/><T0/><D0/><U24/><E8/><V23/><F23/><W106/><G84/><T85/><D35/><U114/><E114/><V108/><F108/><W14/><G14/><T47/><D16/><U109/><E109/><V87/><REACH who="2" step="1"/><F52/><REACH who="2" ten="211,341,211,227" step="2"/><W77/><G106/><N who="0" m="63783" /><D132/><AGARI ba="0,1" hai="3,6,10,12,18,21,79,80,87,129,131,132,133,134" machi="132" ten="40,2600,0" yaku="1,1,20,1,53,0" doraHai="94" doraHaiUra="71" who="2" fromWho="0" sc="211,-26,341,0,211,36,227,0" />
</Scene>
<Scene>
<INIT seed="5,0,0,4,0,13" ten="185,341,247,227" oya="1" hai0="80,31,121,87,22,18,86,71,84,39,24,55,129" hai1="52,75,94,118,50,73,21,16,114,33,104,26,108" hai2="54,110,0,88,20,34,92,49,103,64,8,89,57" hai3="30,56,53,97,99,96,107,101,95,109,115,82,1"/><U10/><E118/><V133/><F34/><W46/><G109/><T41/><D129/><U65/><E104/><V76/><F110/><W67/><G1/><T36/><D121/><U122/><E108/><V119/><F119/><W69/><G115/><T132/><D132/><U62/><E122/><V106/><F133/><W130/><G130/><T3/><D3/><U44/><E114/><V83/><F106/><W35/><G46/><T45/><D71/><U102/><E33/><V38/><F38/><W79/><G95/><T66/><D66/><U90/><E102/><V134/><F134/><W58/><G58/><T112/><D112/><U131/><E10/><V98/><F64/><W135/><G135/><T105/><D105/><U51/><E51/><V68/><F68/><W48/><G82/><T78/><D39/><U77/><E77/><V29/><F8/><W28/><G28/><T63/><D63/><U124/><E124/><V14/><F29/><W2/><G79/><T117/><D55/><U32/><E32/><V11/><F20/><W5/><G5/><T42/><D42/><U93/><E131/><V113/><F0/><W61/><REACH who="3" step="1"/><G2/><REACH who="3" ten="185,341,247,217" step="2"/><T6/><D6/><U116/><E116/><V27/><F113/><W15/><G15/><T37/><D117/><U40/><E94/><V72/><REACH who="2" step="1"/><F27/><AGARI ba="0,1" hai="27,30,35,48,53,56,61,67,69,96,97,99,101,107" machi="27" ten="40,5200,0" yaku="1,1,25,2,53,0" doraHai="13" doraHaiUra="111" who="3" fromWho="2" sc="185,0,341,0,247,-52,217,62" />
</Scene>
<Scene>
<INIT seed="6,0,0,1,1,127" ten="185,341,195,279" oya="2" hai0="2,130,85,32,68,112,28,89,48,81,72,71,36" hai1="34,55,109,15,7,6,116,51,17,101,11,21,106" hai2="118,20,88,3,132,62,78,44,94,9,113,67,83" hai3="27,47,43,19,16,87,96,63,12,22,128,33,105"/><V49/><F118/><W66/><G128/><T134/><D36/><U73/><E116/><V100/><F100/><W75/><G75/><T135/><D2/><U23/><E109/><V1/><F113/><W82/><G105/><T91/><D112/><U80/><E34/><V133/><F20/><W115/><G96/><T35/><D72/><U90/><E106/><V86/><F9/><W93/><G93/><T92/><D48/><U24/><E101/><V37/><F37/><W0/><G0/><T117/><D117/><U77/><E90/><V54/><F133/><N who="0" m="50698" /><D130/><U120/><E120/><V26/><F26/><W60/><G115/><T114/><D114/><U104/><E104/><V111/><F111/><W41/><G47/><T102/><D102/><U40/><E40/><N who="3" m="15434" /><G66/><T122/><D122/><U56/><REACH who="1" step="1"/><E23/><REACH who="1" ten="185,331,195,279" step="2"/><V57/><REACH who="2" step="1"/><F132/><REACH who="2" ten="185,331,185,279" step="2"/><W125/><G33/><T42/><D35/><U61/><E61/><V39/><F39/><W4/><G125/><T74/><D32/><U131/><E131/><V129/><F129/><W14/><G63/><T65/><D89/><U124/><E124/><V70/><F70/><W45/><G60/><T50/><D71/><U119/><E119/><V84/><AGARI ba="0,2" hai="1,3,44,49,54,57,62,67,78,83,84,86,88,94" machi="84" ten="20,7800,0" yaku="1,1,0,1,7,1,54,1,53,0" doraHai="127" doraHaiUra="103" who="2" fromWho="2" sc="185,-26,331,-26,185,98,279,-26" />
</Scene>
<Scene>
<INIT seed="6,1,0,4,0,110" ten="159,305,283,253" oya="2" hai0="105,32,93,69,21,40,37,1,130,68,41,8,63" hai1="97,33,115,83,82,4,52,61,26,18,90,121,25" hai2="106,57,5,22,73,74,58,3,128,131,111,66,53" hai3="43,71,47,107,81,6,64,62,65,101,124,42,49"/><V94/><F106/><W0/><G124/><T55/><D105/><U108/><E121/><V122/><F122/><W20/><G65/><T91/><D32/><U84/><E108/><V23/><F111/><W27/><G0/><T119/><D130/><N who="2" m="49706" /><F94/><W80/><G6/><T103/><D103/><U72/><E4/><V50/><F66/><W70/><G70/><T133/><D133/><U98/><E33/><V127/><F58/><W51/><G101/><T114/><D21/><N who="2" m="7690" /><F127/><W7/><G7/><T125/><D125/><U60/><E18/><V9/><AGARI ba="1,0" hai="3,5,9,50,53,57,73,74" m="7690,49706" machi="9" ten="30,1500,0" yaku="19,1" doraHai="110" who="2" fromWho="2" sc="159,-6,305,-6,283,18,253,-6" />
</Scene>
<Scene>
<INIT seed="6,2,0,3,4,80" ten="153,299,301,247" oya="2" hai0="93,68,130,104,54,128,3,12,61,17,4,91,124" hai1="51,1,62,55,64,28,45,46,89,118,90,16,10" hai2="48,49,9,29,19,121,97,92,112,127,22,75,0" hai3="125,27,129,24,6,57,132,26,74,72,39,105,101"/><V21/><F75/><W60/><G39/><T103/><D124/><U135/><E118/><V114/><F121/><W99/><G125/><T106/><D3/><U100/><E135/><V76/><F76/><W59/><G132/><T40/><D40/><U15/><E100/><V133/><F133/><W115/><G129/><T7/><D7/><U117/><E117/><V109/><F127/><W67/><G6/><T116/><D4/><U23/><E46/><V5/><F109/><W83/><G115/><N who="2" m="44073" /><F29/><W81/><G81/><T79/><D79/><U34/><E34/><V94/><F22/><W30/><G83/><T110/><D103/><U88/><E1/><V31/><F31/><W102/><G102/><T42/><D42/><U18/><E28/><V84/><F97/><W63/><REACH who="3" step="1"/><G30/><REACH who="3" ten="153,299,301,237" step="2"/><T95/><D116/><U107/><E107/><V65/><F94/><W43/><G43/><T82/><D95/><U123/><E123/><V71/><F92/><W37/><G37/><T20/><D82/><U52/><E18/><V134/><F134/><W41/><G41/><T47/><D110/><U77/><E77/><V56/><F19/><W32/><G32/><T14/><D106/><U108/><E108/><V120/><F120/><W86/><G86/><N who="0" m="52471" /><D104/><U66/><E10/><V38/><F38/><W78/><G78/><T53/><D128/><U98/><E98/><V126/><F126/><W113/><G113/><T131/><D131/><U96/><E96/><V25/><F5/><W73/><G73/><T85/><D85/><U122/><E122/><V119/><F84/><W87/><G87/><RYUUKYOKU ba="2,1" sc="153,-15,299,15,301,-15,237,15" hai1="15,16,23,45,51,52,55,62,64,66,88,89,90" hai3="24,26,27,57,59,60,63,67,72,74,99,101,105" />
</Scene>
<Scene>
<INIT seed="7,3,1,0,5,114" ten="138,314,286,252" oya="3" hai0="55,51,83,79,43,101,37,26,108,7,21,89,111" hai1="24,56,38,64,80,27,12,121,126,130,92,59,2" hai2="127,30,84,15,103,106,123,115,119,70,135,16,1" hai3="94,47,78,28,11,134,105,91,32,85,10,23,8"/><W102/><G134/><T44/><D101/><U116/><E2/><V99/><F119/><W73/><G32/><T49/><D89/><U9/><E38/><V98/><F70/><W133/><G133/><T14/><D26/><U110/><E80/><V39/><F39/><W104/><G47/><T131/><D131/><U46/><E46/><V128/><F135/><W67/><G67/><T19/><D37/><U41/><E41/><V34/><F1/><W100/><G105/><T45/><D7/><U62/><E110/><V81/><F128/><W124/><G124/><T18/><D18/><U50/><E130/><V25/><F127/><W97/><G102/><T36/><D36/><U71/><E121/><V132/><F132/><W69/><G69/><T57/><D57/><U86/><E126/><V3/><F3/><W76/><REACH who="3" step="1"/><G73/><REACH who="3" ten="138,314,286,242" step="2"/><T29/><REACH who="0" step="1"/><D29/><REACH who="0" ten="128,314,286,242" step="2"/><U22/><E71/><V17/><F103/><W125/><G125/><T20/><D20/><U13/><E22/><V112/><F115/><W95/><G95/><T42/><D42/><U33/><E92/><V88/><F112/><W66/><G66/><T113/><D113/><U109/><E64/><V87/><F106/><W40/><G40/><T74/><AGARI ba="3,3" hai="14,19,21,43,44,45,49,51,55,74,79,83,108,111" machi="74" ten="20,2700,0" yaku="1,1,0,1,7,1,53,0" doraHai="114" doraHaiUra="82" who="0" fromWho="0" sc="128,66,314,-10,286,-10,242,-16" owari="194,-31.0,304,40.0,276,8.0,226,-17.0" />
</Scene>
</mjloggm>