<mjloggm ver="2.3"><GO type="169"/><UN n0="%41%53%41%50%49%4E" n1="%E6%9C%A7%E5%A4%8F%E6%9C%88" n2="%E7%A9%BA%2D%53%4F%52%41%2D" n3="%E6%9C%AC%E6%97%A5%E5%AE%9A%E4%BC%91%E6%97%A5" dan="19,18,16,18" rate="2199,2242,2023,2172" sx="M,M,M,M"/><TAIKYOKU oya="0"/>

<Scene>
<INIT seed="0,0,0,1,0,43" ten="250,250,250,250" oya="0" hai0="36,84,57,95,132,75,88,30,79,100,17,133,72" hai1="82,31,92,101,63,125,121,70,20,52,120,56,35" hai2="118,134,85,78,73,4,71,21,5,9,124,13,23" hai3="80,103,8,128,77,53,18,93,105,14,29,19,113"/><T3/><D3/><U99/><E125/><V94/><F71/><W119/><G113/><T28/><D36/><U51/><E35/><V42/><F73/><W91/><G119/><T126/><D126/><U54/><E82/><V135/><F118/><W89/><G128/><T86/><D17/><U106/><E106/><V109/><F124/><W122/><G29/><T49/><D30/><U55/><E70/><V7/><F109/><W69/><G69/><T96/><D28/><U58/><REACH who="1" step="1"/><E55/><REACH who="1" ten="250,240,250,250" step="2"/><V33/><F33/><W114/><G114/><T110/><D110/><U107/><E107/><V50/><F135/><N who="0" m="51786" /><D79/><U112/><E112/><V10/><F78/><W1/><G77/><T129/><D129/><U11/><E11/><V26/><F10/><W127/><G8/><T2/><D2/><U98/><E98/><V46/><F134/><W24/><G1/><T65/><D65/><U130/><E130/><V47/><F23/><W0/><G0/><T60/><D84/><U40/><E40/><V64/><F64/><W74/><G53/><N who="0" m="31919" /><D60/><U48/><E48/><V108/><F108/><W87/><G127/><T34/><D34/><U45/><E45/><V59/><F50/><W16/><G87/><T97/><D97/><U115/><E115/><V117/><F85/><W41/><G74/><T116/><D116/><U27/><AGARI ba="0,1" hai="20,27,31,51,52,54,56,58,63,92,99,101,120,121" machi="27" ten="30,4000,0" yaku="1,1,0,1,54,1,53,0" doraHai="43" doraHaiUra="62" who="1" fromWho="1" sc="250,-20,240,50,250,-10,250,-10" />
</Scene>
<Scene>
<INIT seed="1,0,0,4,2,125" ten="230,290,240,240" oya="1" hai0="24,94,11,70,27,59,61,90,3,111,117,78,115" hai1="47,38,36,114,17,55,128,34,87,10,43,122,100" hai2="101,72,73,127,25,49,134,1,7,75,110,48,109" hai3="118,50,33,12,22,2,80,52,82,23,28,98,41"/><U29/><E114/><V103/><F127/><W35/><G2/><T53/><D115/><U106/><E122/><V66/><F66/><W92/><G41/><T76/><D117/><U15/><E38/><V20/><F1/><W113/><G113/><T81/><D111/><N who="2" m="42506" /><F7/><W18/><G118/><T57/><D70/><U84/><E55/><V126/><F126/><W120/><G120/><T93/><D11/><U8/><E8/><V42/><F134/><W6/><G6/><T4/><D4/><U37/><E37/><V39/><F39/><W62/><G62/><T5/><D5/><U74/><E74/><V83/><F83/><W40/><G40/><T105/><D105/><U0/><E0/><V112/><F112/><W124/><G124/><T131/><D53/><U133/><E133/><V46/><F48/><W71/><G71/><T89/><D81/><U102/><E106/><V107/><F107/><W31/><G35/><T86/><D3/><U51/><E36/><V91/><F91/><N who="3" m="55583" /><G33/><T45/><D61/><U123/><E123/><V63/><F63/><W104/><G104/><T135/><D135/><U67/><E67/><V19/><AGARI ba="0,0" hai="19,20,25,42,46,49,72,73,75,101,103" m="42506" machi="19" ten="40,1500,0" yaku="14,1" doraHai="125" who="2" fromWho="2" sc="230,-4,290,-7,240,15,240,-4" />
</Scene>
<Scene>
<INIT seed="2,0,0,4,5,66" ten="226,283,255,236" oya="2" hai0="3,14,133,56,78,121,117,75,119,93,58,95,127" hai1="114,92,96,16,69,86,111,81,23,55,77,89,33" hai2="30,2,123,84,17,39,131,126,8,85,38,26,115" hai3="46,47,41,1,83,28,57,72,124,59,128,104,54"/><V118/><F118/><W53/><G104/><T35/><D3/><U135/><E114/><V27/><F115/><W71/><G1/><T110/><D35/><U7/><E33/><V22/><F123/><W15/><G28/><T36/><D36/><U120/><E111/><V105/><F105/><W45/><G128/><T29/><D29/><U62/><E135/><V132/><F132/><W68/><G124/><T43/><D43/><U73/><E120/><V116/><F116/><W106/><G106/><T113/><D113/><U108/><E108/><V88/><F131/><W34/><G34/><T11/><D133/><U5/><E73/><V99/><F126/><W70/><G15/><T19/><D127/><U91/><E77/><V37/><F2/><W9/><G9/><T65/><D110/><U102/><E102/><V10/><F99/><W82/><G72/><T98/><D121/><U97/><E97/><V51/><F51/><N who="3" m="30911" /><G83/><T49/><D119/><U24/><E69/><V122/><F122/><W48/><G82/><T18/><D75/><U94/><E81/><V130/><F130/><W109/><G109/><T101/><D78/><U80/><E80/><N who="2" m="49159" /><F85/><W90/><G90/><T42/><D95/><U67/><E67/><V12/><F12/><W25/><G25/><N who="2" m="9225" /><F30/><W13/><G13/><N who="0" m="7487" /><D65/><U0/><E0/><V40/><F40/><AGARI ba="0,0" hai="40,41,45,46,47,48,54,59,68,70,71" m="30911" machi="40" ten="40,16000,3" yaku="35,5,52,3" doraHai="66" who="3" fromWho="2" sc="226,0,283,0,255,-160,236,160" />
</Scene>
<Scene>
<INIT seed="3,0,0,0,4,1" ten="226,283,95,396" oya="3" hai0="97,73,25,20,16,122,5,115,11,34,51,128,132" hai1="46,57,80,78,116,2,15,41,101,95,36,85,39" hai2="119,125,89,12,50,126,13,9,19,130,37,71,133" hai3="121,123,87,10,113,14,105,33,86,109,24,28,30"/><W92/><G105/><T23/><D122/><U64/><E2/><V81/><F37/><W131/><G113/><T104/><D73/><U129/><E129/><V18/><F71/><W96/><G131/><T120/><D120/><U38/><E116/><V58/><F119/><W107/><G107/><T135/><D128/><U91/><E101/><V44/><F130/><W40/><G121/><T59/><D115/><U60/><REACH who="1" step="1"/><E15/><REACH who="1" ten="226,273,95,396" step="2"/><V45/><F133/><W62/><G123/><T29/><D132/><U43/><E43/><V82/><F125/><W35/><G40/><T114/><D135/><U75/><AGARI ba="0,1" hai="36,38,39,41,46,57,60,64,75,78,80,85,91,95" machi="75" ten="20,5200,0" yaku="1,1,0,1,7,1,53,1" doraHai="1" doraHaiUra="88" who="1" fromWho="1" sc="226,-13,273,62,95,-13,396,-26" />
</Scene>
<Scene>
<INIT seed="4,0,0,0,2,95" ten="213,335,82,370" oya="0" hai0="47,101,23,22,120,42,77,79,63,129,16,132,68" hai1="31,99,88,127,110,98,83,14,8,74,119,30,21" hai2="50,60,1,40,7,125,51,134,85,26,3,45,10" hai3="9,41,94,48,12,102,111,49,13,46,112,44,105"/><T117/><D120/><U33/><E110/><V34/><F125/><W54/><G111/><T36/><D117/><U57/><E33/><V28/><F134/><W70/><G70/><T27/><D132/><U89/><E119/><V91/><F60/><W0/><G105/><T93/><D129/><U37/><E37/><V116/><F116/><W103/><G112/><T71/><D71/><U69/><E69/><V66/><F66/><W67/><G67/><T75/><D75/><U124/><E57/><V76/><F76/><W2/><G13/><T122/><D122/><U82/><E14/><V55/><F55/><W108/><G108/><T53/><D23/><U6/><E21/><V130/><F130/><W25/><G25/><T15/><D15/><U56/><E56/><V19/><F19/><W35/><G35/><T118/><D118/><U133/><E133/><V18/><F18/><W73/><G73/><T90/><D101/><U72/><E6/><V52/><F10/><AGARI ba="0,0" hai="8,10,30,31,72,74,82,83,88,89,98,99,124,127" machi="10" ten="25,8000,1" yaku="22,2,52,2,54,1" doraHai="95" who="1" fromWho="2" sc="213,0,335,80,82,-80,370,0" />
</Scene>
<Scene>
<INIT seed="5,0,0,5,2,104" ten="213,415,2,370" oya="1" hai0="50,121,84,102,73,57,76,120,90,22,101,34,123" hai1="54,127,56,23,2,72,33,103,65,35,19,5,14" hai2="7,130,13,79,80,129,96,82,63,78,98,67,1" hai3="18,88,45,51,93,114,12,83,108,38,87,20,89"/><U135/><E127/><V40/><F1/><W3/><G108/><T105/><D22/><U55/><E72/><N who="2" m="43079" /><F40/><W74/><G114/><T119/><D57/><U0/><E135/><V128/><F13/><W28/><G3/><T85/><D50/><U134/><E134/><V68/><F7/><W29/><G38/><T81/><D34/><U113/><E113/><V53/><F53/><N who="3" m="29935" /><G74/><AGARI ba="0,0" hai="63,67,68,74,79,82,96,98,128,129,130" m="43079" machi="74" ten="30,3900,0" yaku="19,1,52,2" doraHai="104" who="2" fromWho="3" sc="213,0,415,0,2,39,370,-39" />
</Scene>
<Scene>
<INIT seed="6,0,0,3,1,130" ten="213,415,41,331" oya="2" hai0="117,104,7,80,39,119,109,70,30,103,123,35,120" hai1="14,12,59,29,53,73,52,27,15,101,61,38,86" hai2="60,18,8,37,81,50,82,76,63,114,96,69,21" hai3="10,54,99,49,78,125,68,19,20,48,89,24,135"/><V0/><F37/><W87/><G68/><T113/><D80/><U127/><E73/><V44/><F114/><W11/><G125/><T41/><D41/><U62/><E38/><V93/><F8/><W77/><G135/><T133/><D7/><U85/><E101/><V28/><F28/><W6/><G99/><T134/><D103/><U74/><E74/><V79/><F0/><W17/><G49/><T4/><D4/><U5/><E5/><V84/><F69/><W13/><G11/><T90/><D90/><U126/><E61/><V83/><F96/><W55/><G55/><T131/><D30/><U26/><E53/><V58/><F93/><W88/><G89/><T128/><D70/><U92/><E27/><N who="2" m="14775" /><F58/><N who="3" m="33095" /><G6/><T51/><D51/><U16/><E92/><AGARI ba="0,0" hai="10,13,17,19,20,24,77,78,87,88,92" m="33095" machi="92" ten="30,2000,0" yaku="8,1,54,1" doraHai="130" who="3" fromWho="1" sc="213,0,415,-20,41,0,331,20" />
</Scene>
<Scene>
<INIT seed="7,0,0,4,4,18" ten="213,395,41,351" oya="3" hai0="113,90,96,6,103,13,55,75,20,117,58,34,36" hai1="27,121,114,81,40,52,122,23,45,88,105,48,21" hai2="115,128,7,130,22,51,66,37,80,77,135,95,86" hai3="67,43,108,62,127,85,63,31,87,101,60,100,98"/><W14/><G127/><T10/><D36/><U9/><E105/><V38/><F7/><W39/><G108/><T102/><D34/><U89/><E122/><V69/><F69/><W68/><G43/><T47/><D47/><U29/><E121/><V32/><F66/><W133/><G39/><T109/><D75/><U125/><E125/><V93/><F32/><W134/><G14/><T110/><D117/><U12/><E114/><V49/><F115/><W53/><G31/><T99/><D113/><U76/><E23/><V132/><F86/><N who="3" m="32779" /><G100/><T83/><D110/><U72/><E40/><V24/><F24/><W116/><G53/><T119/><D83/><U65/><E65/><V112/><F112/><W33/><G33/><T107/><D119/><U5/><AGARI ba="0,0" hai="5,9,12,21,27,29,45,48,52,72,76,81,88,89" machi="5" ten="20,8000,1" yaku="0,1,7,1,52,1,54,2" doraHai="18" who="1" fromWho="1" sc="213,-20,395,80,41,-20,351,-40" owari="193,-21.0,475,58.0,21,-48.0,311,11.0" />
</Scene>
</mjloggm>