<mjloggm ver="2.3"><GO type="169" lobby="0"/><UN n0="%41%53%41%50%49%4E" n1="%E5%86%92%E9%99%BA%E7%8E%8B%E3%83%8B%E3%82%A3%E3%83%88" n2="%E3%81%91%E3%82%93%31%39%37%30" n3="%E7%B7%9A%E5%BD%A2%E8%A8%88%E7%94%BB%E6%B3%95" dan="19,16,16,16" rate="2236,2092,2120,2035" sx="M,F,M,M"/><TAIKYOKU oya="0"/>

<Scene>
<INIT seed="0,0,0,3,5,38" ten="250,250,250,250" oya="0" hai0="103,63,97,112,106,127,11,92,5,87,8,124,19" hai1="107,130,75,114,4,94,21,28,9,31,86,98,51" hai2="64,14,73,121,110,40,10,13,12,55,45,34,36" hai3="108,62,83,56,0,82,48,57,116,25,61,47,113"/><T101/><D112/><U65/><E75/><V76/><F121/><W96/><G113/><T1/><D63/><U100/><E114/><V3/><F34/><W30/><G0/><T120/><D120/><U23/><E65/><V37/><F37/><W18/><G108/><T122/><D122/><U59/><E23/><V129/><F110/><W17/><G96/><T43/><D43/><U91/><E21/><V22/><F64/><W46/><G116/><T54/><D54/><U72/><E72/><V135/><F55/><W41/><G30/><T74/><D74/><U52/><REACH who="1" step="1"/><E130/><REACH who="1" ten="250,240,250,250" step="2"/><V104/><F129/><W20/><G20/><T15/><REACH who="0" step="1"/><D103/><REACH who="0" ten="240,240,250,250" step="2"/><U105/><E105/><V134/><F104/><W79/><G61/><T80/><D80/><U42/><E42/><V58/><F135/><W115/><G41/><T53/><D53/><U126/><E126/><V123/><F134/><W119/><G62/><T27/><D27/><U6/><E6/><V71/><F123/><W60/><G25/><T102/><D102/><U133/><E133/><V67/><F67/><W29/><G60/><T90/><AGARI ba="0,2" hai="1,5,8,11,15,19,87,90,92,97,101,106,124,127" machi="90" ten="30,3000,0" yaku="1,1,0,1,53,0" doraHai="38" doraHaiUra="70" who="0" fromWho="0" sc="240,50,240,-10,250,-10,250,-10" />
</Scene>
<Scene>
<INIT seed="0,1,0,5,5,45" ten="290,230,240,240" oya="0" hai0="91,66,107,128,35,108,42,26,111,106,100,57,53" hai1="47,3,72,94,84,18,70,55,126,134,62,82,14" hai2="97,13,20,10,125,12,68,115,103,37,130,120,121" hai3="89,44,123,87,5,135,76,32,60,4,131,122,41"/><T28/><D66/><U133/><E3/><V73/><F37/><W114/><G114/><T109/><D100/><U85/><E72/><V54/><F68/><W31/><G76/><T22/><D128/><U77/><E126/><V40/><F40/><W49/><G131/><T46/><D91/><U98/><E84/><V110/><F73/><W71/><G135/><T34/><D34/><U129/><E129/><V88/><F130/><W113/><G113/><T102/><D102/><U67/><E47/><V80/><F115/><W11/><G31/><T39/><REACH who="0" step="1"/><D35/><REACH who="0" ten="280,230,240,240" step="2"/><U56/><E134/><V51/><F120/><W105/><G32/><T21/><D21/><U52/><E133/><V1/><F121/><W61/><G123/><T38/><D38/><U0/><E70/><V63/><F20/><W95/><G71/><T25/><D25/><U2/><E0/><V79/><F1/><W99/><G89/><T92/><D92/><U116/><E2/><V27/><F88/><W69/><G95/><T16/><D16/><U24/><E24/><V118/><F27/><W112/><G69/><T117/><D117/><U50/><E67/><V93/><F118/><W78/><G122/><T75/><D75/><U19/><E116/><V81/><F103/><W8/><G112/><T43/><D43/><U83/><E82/><V59/><F81/><W7/><G7/><T6/><D6/><U74/><E74/><V127/><F80/><N who="3" m="47511" /><G5/><T48/><AGARI ba="1,1" hai="22,26,28,39,42,46,48,53,57,106,107,108,109,111" machi="48" ten="30,12000,1" yaku="1,1,0,1,14,1,10,1,52,1,53,0" doraHai="45" doraHaiUra="86" who="0" fromWho="0" sc="280,133,230,-41,240,-41,240,-41" />
</Scene>
<Scene>
<INIT seed="0,2,0,3,0,87" ten="413,189,199,199" oya="0" hai0="114,62,91,130,86,67,135,0,53,117,89,51,113" hai1="28,104,69,4,13,96,124,34,68,105,128,37,97" hai2="76,129,14,56,25,71,88,94,122,5,74,7,45" hai3="21,119,57,39,63,98,16,95,8,61,58,132,19"/><T103/><D117/><U102/><E13/><V101/><F71/><W41/><G119/><T127/><D0/><U134/><E4/><V42/><F122/><W93/><G132/><T109/><D135/><U20/><E20/><V82/><F101/><W27/><G41/><T100/><D130/><U40/><E134/><V46/><F129/><W120/><G39/><T49/><D127/><U106/><E124/><V48/><F56/><N who="3" m="21611" /><G120/><T1/><D1/><U73/><E128/><V111/><F111/><W9/><G95/><T43/><D43/><U35/><E73/><V79/><F79/><W17/><G9/><T55/><D86/><U78/><E78/><V50/><F25/><W83/><G83/><T66/><REACH who="0" step="1"/><D62/><REACH who="0" ten="403,189,199,199" step="2"/><N who="3" m="23561" /><G8/><T133/><D133/><U116/><E116/><V15/><F7/><W65/><G65/><T47/><D47/><U85/><E85/><V2/><F5/><W54/><G54/><T72/><D72/><U115/><E69/><V12/><F2/><W110/><G110/><AGARI ba="2,1" hai="49,51,53,55,66,67,89,91,100,103,109,110,113,114" machi="110" ten="25,18000,2" yaku="1,1,22,2,52,2,53,2" doraHai="87" doraHaiUra="44" who="0" fromWho="3" sc="403,196,189,0,199,0,199,-186" />
</Scene>
<Scene>
<INIT seed="0,3,0,1,4,52" ten="599,189,199,13" oya="0" hai0="37,122,7,14,10,109,12,118,82,84,60,90,20" hai1="89,56,129,5,96,33,111,27,93,119,76,28,98" hai2="106,39,135,114,17,23,94,130,49,34,31,16,15" hai3="4,18,115,73,29,36,102,57,22,41,116,47,38"/><T25/><D118/><U26/><E119/><V32/><F39/><W59/><G116/><T131/><D122/><U97/><E76/><V127/><F106/><W125/><G115/><T110/><D37/><U8/><E111/><N who="0" m="42505" /><D60/><U108/><E108/><V128/><F114/><W103/><G125/><T107/><D107/><U30/><E129/><V65/><F65/><W72/><G4/><T68/><D68/><U0/><REACH who="1" step="1"/><E56/><REACH who="1" ten="599,179,199,13" step="2"/><N who="3" m="21578" /><G36/><T104/><D131/><U92/><E92/><V21/><F94/><W61/><G73/><T91/><D104/><U6/><E6/><V100/><F130/><W113/><G72/><T63/><D63/><U74/><E74/><V83/><F128/><W44/><G113/><T99/><D7/><U58/><E58/><V112/><F112/><W124/><G124/><T70/><D70/><U66/><E66/><V86/><F127/><W77/><G38/><T55/><D82/><U87/><E87/><V134/><F86/><W95/><G41/><T78/><D78/><U126/><E126/><V46/><F83/><W3/><G3/><T50/><D84/><U80/><E80/><V45/><F45/><N who="3" m="17483" /><G77/><T85/><D85/><U75/><E75/><V54/><F46/><W35/><G61/><T120/><D120/><U133/><E133/><V11/><F135/><W105/><G105/><T42/><D42/><U2/><E2/><V71/><F134/><W48/><G48/><T9/><D50/><U24/><E24/><V51/><F51/><W101/><G35/><AGARI ba="3,1" hai="0,5,8,26,27,28,30,33,35,89,93,96,97,98" machi="35" ten="30,3900,0" yaku="1,1,7,1,9,1,53,0" doraHai="52" doraHaiUra="62" who="1" fromWho="3" sc="599,0,179,58,199,0,13,-48" owari="599,70.0,237,4.0,199,-20.0,-35,-54.0" />
</Scene>
</mjloggm>