<mjloggm ver="2.3"><GO type="169" lobby="0"/><UN n0="%41%53%41%50%49%4E" n1="%E3%83%90%E3%83%88%E3%83%AB%E3%83%89%E3%83%BC%E3%83%A0%EF%BC%81" n2="%67%6F%6F%64%62%79%65" n3="%E3%81%99%E3%81%9F%E3%83%BC%E3%82%89%E3%81%84%E3%81%A8%E3%81%B3%E3%83%BC" dan="19,16,17,18" rate="2283.96,2034.19,2132.11,2172.75" sx="M,M,F,F"/><TAIKYOKU oya="0"/>

<Scene>
<INIT seed="0,0,0,5,2,3" ten="250,250,250,250" oya="0" hai0="135,72,111,66,14,41,98,25,89,97,106,114,32" hai1="85,26,79,53,57,129,58,4,6,128,118,126,74" hai2="122,22,33,78,38,23,59,90,109,132,7,35,121" hai3="68,93,83,61,50,119,77,107,9,5,49,28,17"/><T56/><D114/><U108/><E118/><V37/><F78/><W99/><G107/><T73/><D135/><U70/><E70/><V63/><F132/><W19/><G28/><T127/><D127/><U24/><E126/><V67/><F109/><W87/><G119/><T27/><D111/><U101/><E108/><V96/><F96/><W123/><G123/><T91/><D41/><U104/><E74/><V115/><F90/><W30/><G30/><T105/><D56/><N who="1" m="21611" /><E101/><V100/><F100/><W82/><G82/><T62/><D14/><U131/><E104/><V60/><F59/><W13/><G61/><T65/><REACH who="0" step="1"/><D32/><REACH who="0" ten="240,250,250,250" step="2"/><U124/><E124/><V1/><F115/><W12/><G68/><T117/><D117/><U134/><E134/><V15/><F15/><W48/><REACH who="3" step="1"/><G13/><REACH who="3" ten="240,250,250,240" step="2"/><T47/><D47/><U10/><E128/><V76/><F121/><W0/><G0/><T44/><D44/><U39/><E131/><V20/><F1/><W46/><G46/><T86/><D86/><U80/><E129/><V52/><F122/><W43/><G43/><T64/><D64/><U130/><E130/><V133/><F67/><W71/><G71/><T45/><D45/><U69/><E69/><V95/><F133/><W29/><G29/><T8/><D8/><U103/><E10/><V2/><F2/><W36/><G36/><T11/><D11/><U40/><E39/><V113/><F38/><W88/><AGARI ba="0,2" hai="5,9,12,17,19,48,49,50,77,83,87,88,93,99" machi="88" ten="30,8000,1" yaku="1,1,0,1,8,1,52,1,54,1,53,0" doraHai="3" doraHaiUra="110" who="3" fromWho="3" sc="240,-40,250,-20,250,-20,240,100" />
</Scene>
<Scene>
<INIT seed="1,0,0,1,0,119" ten="200,230,230,340" oya="1" hai0="123,87,41,97,103,30,9,59,29,39,33,69,112" hai1="124,96,23,72,15,83,31,105,52,19,130,132,79" hai2="36,76,84,58,98,61,27,53,16,117,20,35,92" hai3="73,70,43,18,71,50,12,133,24,78,75,44,32"/><U91/><E124/><V34/><F117/><W93/><G133/><T109/><D112/><U67/><E132/><V6/><F36/><W45/><G32/><T88/><D69/><U121/><E67/><V55/><F6/><W101/><G24/><T26/><D109/><U11/><E130/><V127/><F127/><W80/><G73/><T28/><D123/><U40/><E40/><V94/><F94/><W77/><G77/><T60/><D9/><U107/><E121/><V66/><F35/><W129/><G129/><T14/><D14/><U54/><E107/><V99/><F34/><W64/><G64/><T114/><D114/><U122/><E122/><V42/><F42/><W81/><G81/><T13/><D13/><U115/><E115/><V5/><F5/><W63/><G63/><T102/><D41/><U134/><E134/><V74/><F74/><W10/><G45/><T62/><D39/><U37/><E37/><V104/><F104/><W131/><G131/><T89/><D60/><U120/><E120/><V68/><F68/><W125/><G125/><T65/><D89/><U82/><E82/><N who="2" m="47175" /><F99/><W47/><G47/><T56/><D56/><U90/><E90/><AGARI ba="0,0" hai="16,20,27,53,55,58,61,66,90,92,98" m="47175" machi="90" ten="30,2000,0" yaku="8,1,54,1" doraHai="119" who="2" fromWho="1" sc="200,0,230,-20,230,20,340,0" />
</Scene>
<Scene>
<INIT seed="2,0,0,2,5,7" ten="200,210,250,340" oya="2" hai0="78,117,8,109,59,112,16,5,65,36,17,131,11" hai1="48,91,114,50,24,47,63,115,69,4,56,52,122" hai2="102,107,73,42,33,127,30,13,133,70,60,34,51" hai3="66,3,100,44,27,6,98,57,79,97,113,85,43"/><V67/><F73/><W121/><G121/><T39/><D112/><U21/><E122/><V86/><F133/><W23/><G113/><T90/><D109/><U93/><E69/><V72/><F72/><W25/><G25/><T31/><D131/><U68/><E4/><V76/><F127/><W124/><G124/><T71/><D71/><U20/><E68/><V132/><F132/><W55/><G66/><T28/><D78/><U104/><E104/><V37/><F37/><W12/><G3/><T120/><D120/><U88/><E50/><V15/><F34/><W49/><G85/><T10/><D5/><U19/><E20/><V75/><F75/><W96/><G79/><T35/><D117/><U77/><E77/><V53/><F42/><W58/><G100/><T84/><D36/><U40/><REACH who="1" step="1"/><E91/><REACH who="1" ten="200,200,250,340" step="2"/><V62/><F76/><W18/><G43/><T26/><D39/><U111/><E111/><V134/><F70/><W119/><G119/><T123/><D123/><U82/><E82/><V116/><F51/><W87/><G6/><T99/><D35/><U2/><E2/><V14/><F33/><W126/><G126/><T95/><D26/><U105/><E105/><V41/><F107/><W108/><G27/><T64/><D90/><U81/><E81/><V54/><F116/><W89/><G108/><T92/><D95/><AGARI ba="0,1" hai="12,18,23,44,49,55,57,58,87,89,95,96,97,98" machi="95" ten="40,1300,0" yaku="8,1" doraHai="7" who="3" fromWho="0" sc="200,-13,200,0,250,0,340,23" />
</Scene>
<Scene>
<INIT seed="3,0,0,5,4,85" ten="187,200,250,363" oya="3" hai0="126,77,2,103,111,47,67,127,1,31,10,102,39" hai1="22,63,81,36,88,133,65,118,64,117,73,13,125" hai2="106,108,7,98,86,122,121,124,95,82,74,61,54" hai3="92,24,104,26,57,83,44,114,129,21,15,49,34"/><W79/><G104/><T96/><D111/><U116/><E36/><V46/><F108/><W12/><G114/><T135/><D135/><U69/><E133/><V131/><F106/><W107/><G107/><T40/><D67/><U8/><E125/><N who="0" m="47625" /><D77/><U19/><E65/><V32/><F32/><W76/><G129/><T94/><D31/><U50/><E50/><V130/><F124/><W99/><G34/><T3/><D102/><U123/><E123/><N who="2" m="47115" /><F7/><AGARI ba="0,0" hai="1,2,3,7,10,39,40,47,94,96,103" m="47625" machi="7" ten="30,1000,0" yaku="18,1" doraHai="85" who="0" fromWho="2" sc="187,10,200,0,250,-10,363,0" />
</Scene>
<Scene>
<INIT seed="4,0,0,1,2,44" ten="197,200,240,363" oya="0" hai0="111,76,81,109,39,99,91,46,16,73,127,12,49" hai1="48,14,34,108,38,135,59,74,119,104,5,58,60" hai2="106,95,57,36,33,86,123,19,61,87,31,1,118" hai3="20,98,11,29,84,94,21,17,28,24,132,89,32"/><T40/><D127/><U72/><E119/><V97/><F123/><W122/><G122/><T115/><D115/><U37/><E108/><N who="0" m="41545" /><D99/><U112/><E104/><V43/><F1/><W62/><G132/><T110/><N who="0" m="41553" /><T56/><DORA hai="83" /><D91/><U101/><E135/><V52/><F106/><W27/><G62/><T100/><D100/><U107/><E34/><V7/><F118/><W78/><G32/><T42/><D56/><U116/><E116/><V0/><F36/><W79/><G98/><T10/><D42/><U103/><E107/><V25/><F43/><W4/><G17/><T105/><D105/><U41/><E101/><V9/><F19/><W130/><G130/><T2/><D2/><AGARI ba="0,0" hai="2,4,11,20,21,24,27,28,29,78,79,84,89,94" machi="2" ten="30,3900,0" yaku="7,1,9,1,52,1" doraHai="44,83" who="3" fromWho="0" sc="197,-39,200,0,240,0,363,39" />
</Scene>
<Scene>
<INIT seed="5,0,0,0,4,102" ten="158,200,240,402" oya="1" hai0="122,67,31,83,108,91,10,6,129,68,132,131,126" hai1="69,128,34,17,60,27,95,51,82,24,37,133,38" hai2="106,8,26,123,104,109,114,65,5,113,7,92,117" hai3="61,14,79,96,30,78,85,111,49,59,16,11,70"/><U54/><E128/><V23/><F117/><W33/><G70/><T42/><D108/><U40/><E133/><V80/><F109/><W35/><G111/><T44/><D132/><U97/><E82/><V134/><F134/><W81/><G49/><T74/><D126/><U66/><E40/><V71/><F123/><W13/><G30/><T119/><D119/><U120/><E120/><V47/><F47/><W41/><G41/><T15/><D122/><U20/><E27/><V100/><F80/><W76/><G96/><T135/><D135/><U105/><E105/><V4/><F8/><W112/><G112/><N who="2" m="43113" /><F65/><W21/><G35/><T75/><D31/><U48/><E34/><V58/><F58/><W57/><G57/><T121/><D121/><U0/><E0/><V87/><F71/><W18/><G33/><T2/><D15/><U72/><E72/><V115/><N who="2" m="43121" /><V103/><DORA hai="130" /><F87/><W64/><AGARI ba="0,0" hai="11,13,14,16,18,21,59,61,64,76,78,79,81,85" machi="64" ten="20,5200,0" yaku="0,1,7,1,8,1,54,1" doraHai="102,130" who="3" fromWho="3" sc="158,-13,200,-26,240,-13,402,52" />
</Scene>
<Scene>
<INIT seed="6,0,0,2,5,97" ten="145,174,227,454" oya="2" hai0="56,131,133,27,90,68,33,32,17,76,125,64,124" hai1="85,78,122,116,29,106,75,19,52,101,28,80,119" hai2="94,54,96,110,118,128,77,109,23,82,102,63,113" hai3="95,123,9,31,70,74,61,93,21,130,12,46,66"/><V18/><F118/><W79/><G123/><T132/><D68/><U47/><E122/><V55/><F128/><W72/><G72/><T5/><D76/><U10/><E75/><V7/><F7/><W45/><G79/><T42/><D42/><U15/><E28/><V14/><F113/><W8/><G74/><T91/><D131/><U108/><E108/><N who="2" m="41579" /><F63/><W65/><G130/><T2/><D56/><U59/><E47/><V126/><F126/><N who="0" m="48746" /><D64/><U37/><E37/><V129/><F129/><W114/><G114/><T34/><D90/><U115/><E29/><V99/><F96/><W30/><G70/><T44/><D91/><U53/><E115/><V107/><F107/><W43/><G43/><T121/><D44/><U105/><E53/><V67/><F67/><W57/><G57/><T38/><D38/><U58/><E58/><V11/><F11/><W4/><G61/><T40/><D40/><U51/><REACH who="1" step="1"/><E106/><REACH who="1" ten="145,164,227,454" step="2"/><V86/><AGARI ba="0,1" hai="14,18,23,54,55,77,82,86,94,99,102" m="41579" machi="86" ten="30,3000,0" yaku="10,1,52,1" doraHai="97" who="2" fromWho="2" sc="145,-10,164,-10,227,40,454,-10" />
</Scene>
<Scene>
<INIT seed="6,1,0,1,3,69" ten="135,154,267,444" oya="2" hai0="94,82,24,73,33,15,31,57,50,58,89,125,26" hai1="131,117,132,129,126,11,43,93,112,77,127,103,41" hai2="7,120,47,99,114,70,109,74,118,91,27,128,79" hai3="92,52,88,113,116,55,108,80,29,68,4,6,56"/><V10/><F120/><W83/><G68/><T12/><D125/><N who="1" m="47627" /><E117/><V104/><F118/><W65/><G108/><T100/><D100/><U101/><E112/><V115/><F109/><W37/><G37/><T39/><D39/><U54/><E77/><V72/><F70/><W40/><G40/><N who="1" m="15434" /><E54/><V8/><F47/><W19/><G29/><T64/><D26/><U21/><E11/><V3/><F128/><N who="1" m="49225" /><E21/><V44/><F44/><W84/><G52/><T90/><D50/><U107/><E107/><V62/><F79/><W17/><G55/><T34/><D34/><U85/><E85/><V16/><F104/><W20/><G20/><T1/><D1/><U124/><E124/><V59/><F10/><W9/><G9/><T18/><D73/><U38/><E38/><V106/><F74/><W76/><G76/><T78/><D78/><U25/><E25/><V119/><F72/><W134/><G84/><T121/><D121/><U105/><E105/><V46/><F119/><W22/><G22/><T32/><D32/><U5/><E5/><V123/><F7/><W42/><G4/><T28/><D33/><U135/><E93/><V75/><F106/><W122/><G6/><T110/><D110/><U0/><E0/><V96/><F3/><W71/><G116/><T133/><D94/><U98/><E98/><V53/><F99/><W49/><G92/><T95/><D95/><U48/><E48/><V97/><F96/><W67/><G49/><T13/><D24/><U30/><E30/><V60/><F114/><W130/><G113/><T61/><D31/><U66/><E66/><RYUUKYOKU ba="1,0" sc="135,-10,154,30,267,-10,444,-10" hai1="101,103,132,135" />
</Scene>
<Scene>
<INIT seed="7,2,0,0,5,73" ten="125,184,257,434" oya="3" hai0="68,103,119,51,41,61,116,26,120,43,128,59,17" hai1="63,33,133,98,106,131,54,24,111,86,60,53,127" hai2="65,87,88,66,2,21,72,12,9,45,34,122,74" hai3="67,1,36,102,69,114,4,10,104,113,130,47,126"/><W49/><G130/><T118/><D103/><U99/><E111/><V46/><F34/><W30/><G30/><T75/><D26/><U71/><E131/><V101/><F101/><W44/><G126/><T35/><D35/><U62/><E127/><V91/><F21/><W42/><G102/><T16/><D128/><U135/><E71/><V95/><F2/><W125/><G104/><T40/><D120/><U97/><E106/><V29/><F29/><W108/><G125/><T96/><D96/><U0/><E0/><V115/><F115/><W100/><G100/><T52/><D75/><U8/><E86/><V85/><F12/><W48/><G108/><T64/><AGARI ba="2,0" hai="16,17,40,41,43,51,52,59,61,64,68,116,118,119" machi="64" ten="40,5200,0" yaku="0,1,54,2" doraHai="73" who="0" fromWho="0" sc="125,58,184,-15,257,-15,434,-28" owari="183,-22.0,169,-33.0,242,4.0,406,51.0" />
</Scene>
</mjloggm>