<mjloggm ver="2.3"><GO type="169"/><UN n0="%E3%83%90%E3%83%AB%E3%81%B0%E3%82%8B" n1="%E7%88%B6%E3%81%A1%E3%82%83%E3%82%93%E8%A6%8B%E3%81%A6%E3%82%8B%EF%BC%9F" n2="%41%53%41%50%49%4E" n3="%E3%82%AA%E3%82%BA%E3%82%B0%E3%83%AB%E3%83%BC%E3%83%97" dan="16,16,19,16" rate="2020,2017,2282,2129" sx="M,M,M,M"/><TAIKYOKU oya="0"/>

<Scene>
<INIT seed="0,0,0,2,2,120" ten="250,250,250,250" oya="0" hai0="9,129,81,44,59,55,34,42,12,130,73,83,3" hai1="115,77,31,62,23,118,19,128,109,16,78,98,105" hai2="133,41,99,8,108,91,49,39,22,131,48,135,67" hai3="35,87,84,33,112,68,96,95,6,103,38,102,15"/><T11/><D34/><U7/><E118/><V40/><F131/><N who="0" m="50186" /><D73/><U100/><E128/><V61/><F8/><W17/><G68/><T5/><D12/><U47/><E7/><V32/><F32/><W45/><G6/><T21/><D21/><U51/><E62/><V57/><F22/><W89/><G112/><T10/><D10/><U28/><E19/><V117/><F91/><W52/><G35/><T132/><D132/><N who="2" m="50762" /><F99/><W121/><G33/><T63/><D11/><U93/><E105/><V113/><F113/><W1/><G1/><T24/><D24/><U126/><E115/><V18/><F18/><W50/><G38/><AGARI ba="0,0" hai="3,5,9,38,42,44,55,59,63,81,83" m="50186" machi="38" ten="30,1500,0" yaku="19,1" doraHai="120" who="0" fromWho="3" sc="250,15,250,0,250,0,250,-15" />
</Scene>
<Scene>
<INIT seed="0,1,0,4,0,121" ten="265,250,250,235" oya="0" hai0="85,98,39,66,73,71,8,96,74,48,99,84,38" hai1="120,105,95,11,108,51,29,79,122,72,97,45,88" hai2="19,52,33,116,68,77,22,134,111,101,43,56,0" hai3="6,64,103,3,78,124,110,135,130,133,102,76,62"/><T93/><D48/><U112/><E29/><V12/><F68/><W81/><G6/><T4/><D93/><U23/><E23/><V16/><F33/><W57/><G3/><T106/><D106/><U20/><E20/><N who="2" m="11271" /><F0/><W86/><G78/><T50/><D50/><U30/><E30/><V63/><F134/><N who="3" m="51211" /><G130/><T114/><D114/><U24/><E24/><N who="2" m="14431" /><F111/><W132/><N who="3" m="51219" /><W113/><DORA hai="36" /><G113/><T118/><D71/><U7/><E108/><V67/><F116/><W32/><G32/><T60/><D118/><U127/><E112/><V89/><F77/><W49/><G124/><T53/><D74/><U117/><E127/><V5/><F5/><W115/><G115/><T69/><D73/><U42/><E117/><V91/><F101/><N who="3" m="38411" /><G49/><T9/><D4/><U129/><E105/><V14/><F14/><W18/><G18/><T55/><D38/><U90/><E90/><N who="2" m="34315" /><F67/><W107/><G107/><T80/><D39/><U13/><REACH who="1" step="1"/><E129/><REACH who="1" ten="265,240,250,235" step="2"/><V17/><F17/><W54/><G110/><T75/><D8/><U125/><E125/><V123/><F123/><W37/><G37/><T70/><D9/><U27/><E27/><V28/><F28/><W87/><G87/><T100/><D85/><U82/><AGARI ba="1,1" hai="7,11,13,42,45,51,72,79,82,88,95,97,120,122" machi="82" ten="30,8000,1" yaku="1,1,0,1,52,1,54,1,53,1" doraHai="121,36" doraHaiUra="58,46" who="1" fromWho="1" sc="265,-41,240,93,250,-21,235,-21" />
</Scene>
<Scene>
<INIT seed="1,0,0,2,2,106" ten="224,333,229,214" oya="1" hai0="115,14,22,127,105,35,4,131,75,21,10,27,66" hai1="64,133,26,100,6,70,112,95,11,12,7,98,42" hai2="91,113,82,117,56,108,110,17,68,48,61,120,19" hai3="94,73,37,5,41,2,29,65,121,85,86,104,38"/><U9/><E112/><V46/><F117/><W60/><G104/><T16/><D105/><U79/><E133/><V109/><F120/><W52/><G121/><T89/><D115/><U99/><E42/><V93/><F113/><W50/><G29/><T1/><D66/><U96/><E79/><V63/><F82/><W122/><G122/><T62/><D62/><N who="2" m="23562" /><F56/><W124/><G124/><T116/><D89/><U90/><E70/><V32/><F32/><W28/><G28/><N who="0" m="19871" /><D127/><U132/><E64/><V102/><F102/><W47/><G38/><T81/><D116/><U97/><E132/><V57/><F57/><W40/><G40/><T103/><D103/><U129/><E129/><V3/><F3/><W123/><G123/><T59/><D59/><U77/><E77/><V20/><F20/><W8/><G94/><T101/><D101/><U125/><E125/><V23/><F23/><W92/><G92/><T72/><D22/><U58/><E58/><V119/><F68/><W126/><G126/><T33/><D33/><U31/><E100/><V87/><F119/><W54/><G60/><T43/><D43/><AGARI ba="0,0" hai="17,19,43,46,48,87,91,93,108,109,110" m="23562" machi="43" ten="30,1000,0" yaku="14,1" doraHai="106" who="2" fromWho="0" sc="224,-10,333,0,229,10,214,0" />
</Scene>
<Scene>
<INIT seed="2,0,0,1,0,48" ten="214,333,239,214" oya="2" hai0="132,75,4,120,65,104,109,32,60,116,47,15,89" hai1="13,29,59,14,99,84,76,100,129,12,23,69,54" hai2="10,53,102,40,115,2,107,133,61,18,17,73,28" hai3="110,56,45,26,126,118,9,8,128,93,80,35,114"/><V71/><F115/><W39/><G118/><T22/><D104/><U50/><E69/><V6/><F73/><W62/><G114/><T64/><D75/><U95/><E129/><V101/><F133/><W43/><G128/><T86/><D32/><U97/><E97/><V57/><F71/><W125/><G80/><T72/><D72/><U51/><E84/><V87/><F28/><W81/><G81/><T103/><D103/><U0/><E0/><V88/><F40/><W49/><G93/><T135/><D109/><U20/><E76/><V83/><REACH who="2" step="1"/><F102/><REACH who="2" ten="214,333,229,214" step="2"/><W108/><G108/><T96/><D132/><U66/><E29/><V37/><F37/><W77/><G110/><T68/><D68/><U42/><E66/><V30/><F30/><W58/><G39/><T122/><D65/><U67/><E67/><V82/><F82/><W117/><G43/><T98/><D135/><U31/><E31/><V91/><F91/><W46/><G35/><T63/><D64/><U7/><E7/><V25/><F25/><W74/><G26/><T85/><D4/><U21/><E42/><V52/><F52/><W33/><G74/><T78/><D89/><U105/><E54/><V34/><F34/><W90/><G33/><T121/><D121/><U19/><E100/><V38/><F38/><W36/><G90/><T94/><D122/><U123/><E123/><V41/><F41/><W112/><G36/><T1/><D120/><U5/><E5/><V16/><F16/><W111/><G112/><T119/><D119/><U55/><E19/><V24/><F24/><W44/><G111/><RYUUKYOKU ba="0,1" sc="214,-10,333,-10,229,30,214,-10" hai2="2,6,10,17,18,53,57,61,83,87,88,101,107" />
</Scene>
<Scene>
<INIT seed="2,1,1,0,0,96" ten="204,323,259,204" oya="2" hai0="65,39,66,4,114,97,74,30,48,88,0,54,93" hai1="42,106,83,116,38,23,76,27,120,1,132,99,68" hai2="117,131,44,2,108,45,55,107,18,102,69,81,123" hai3="60,100,31,130,57,125,128,17,28,84,6,77,73"/><V90/><F117/><W16/><G73/><T118/><D114/><U91/><E68/><V14/><F123/><W7/><G77/><T24/><D74/><U72/><E1/><V113/><F2/><W89/><G125/><T25/><D39/><U124/><E116/><V133/><F113/><W9/><G60/><T121/><D121/><U105/><E124/><V36/><F69/><W101/><G57/><T20/><D25/><U43/><E132/><V103/><F133/><W37/><G37/><T127/><D127/><U15/><E15/><V41/><F107/><W87/><G9/><T53/><D118/><U79/><E79/><V119/><F119/><W78/><G78/><T10/><REACH who="0" step="1"/><D54/><REACH who="0" ten="194,323,259,204" step="2"/><U70/><E38/><V92/><F55/><W95/><G95/><T129/><D129/><U75/><E72/><V109/><F81/><W64/><G64/><T51/><D51/><U5/><E83/><V86/><F131/><W56/><G56/><AGARI ba="1,2" hai="0,4,10,20,24,30,48,53,56,65,66,88,93,97" machi="56" ten="30,3900,0" yaku="1,1,7,1,54,1,53,0" doraHai="96" doraHaiUra="122" who="0" fromWho="3" sc="194,62,323,0,259,0,204,-42" />
</Scene>
<Scene>
<INIT seed="3,0,0,1,4,42" ten="256,323,259,162" oya="3" hai0="112,20,84,39,72,98,104,86,80,3,134,61,8" hai1="28,2,131,60,32,68,92,110,34,49,74,66,4" hai2="56,77,122,63,67,127,94,44,102,91,48,71,38" hai3="108,73,132,87,106,88,96,47,125,69,43,78,111"/><W12/><G69/><T70/><D134/><U1/><E74/><V126/><F122/><W19/><G132/><T24/><D39/><U15/><E131/><V41/><F102/><W76/><G125/><N who="2" m="47625" /><F77/><W101/><G73/><T57/><D70/><U52/><E110/><N who="3" m="42026" /><G19/><T50/><D8/><U99/><E28/><V21/><F21/><W45/><G12/><T107/><D3/><U117/><E117/><V114/><F114/><W22/><G22/><T31/><D72/><U135/><E135/><V103/><F103/><W5/><G5/><T17/><D17/><U128/><E128/><V40/><F94/><N who="3" m="54559" /><G47/><T6/><D6/><U89/><E15/><V25/><F25/><W13/><G13/><T59/><D24/><U119/><E119/><V116/><F116/><W124/><G124/><T27/><D27/><U93/><E4/><V58/><F91/><W23/><G23/><T79/><D20/><U46/><E2/><V95/><F95/><W90/><G90/><T118/><D118/><U109/><E1/><V35/><F35/><W85/><G85/><T18/><D86/><U55/><E109/><V129/><F129/><W65/><G65/><T133/><D84/><U82/><E82/><V121/><F121/><W10/><G10/><T33/><D80/><U7/><E7/><V123/><F123/><W14/><G14/><T75/><D33/><U30/><E30/><V97/><F97/><W120/><G120/><T53/><D98/><N who="1" m="57615" /><E32/><V64/><F64/><W26/><G26/><T105/><D133/><U11/><E34/><V54/><F71/><W100/><G100/><RYUUKYOKU ba="0,0" sc="256,-15,323,-15,259,15,162,15" hai2="38,40,41,44,48,54,56,58,63,67" hai3="43,45,76,78,96,101,106" />
</Scene>
<Scene>
<INIT seed="3,1,0,0,2,116" ten="241,308,274,177" oya="3" hai0="121,65,79,7,70,60,88,19,80,10,86,22,37" hai1="135,45,0,101,94,100,3,54,125,130,62,50,67" hai2="96,87,64,134,14,28,82,126,40,24,5,58,74" hai3="78,63,36,8,97,12,29,59,52,55,98,72,39"/><W38/><G29/><T41/><D37/><U112/><E112/><V9/><F134/><W34/><G34/><T66/><D41/><U2/><E135/><V35/><F126/><W104/><G104/><T33/><D66/><U76/><E125/><V57/><F74/><W107/><G107/><T123/><D79/><U84/><E130/><V99/><F40/><W43/><G43/><T105/><D105/><U30/><E30/><V6/><F6/><W102/><G102/><T119/><D33/><U4/><E4/><V48/><F58/><W77/><G55/><T93/><D80/><U113/><E113/><V32/><F32/><W81/><REACH who="3" step="1"/><G78/><REACH who="3" ten="241,308,274,167" step="2"/><T89/><D119/><U124/><E124/><V128/><F35/><W1/><G1/><T13/><D89/><U129/><E76/><N who="2" m="46535" /><F28/><W95/><G95/><T75/><D75/><U73/><E73/><V11/><F128/><W31/><G31/><T25/><AGARI ba="1,1" hai="7,10,13,19,22,25,60,65,70,86,88,93,121,123" machi="25" ten="20,8000,1" yaku="0,1,7,1,52,2,54,1" doraHai="116" who="0" fromWho="0" sc="241,93,308,-21,274,-21,167,-41" />
</Scene>
<Scene>
<INIT seed="4,0,0,5,3,33" ten="334,287,253,126" oya="0" hai0="29,7,5,100,15,88,105,13,87,76,22,123,75" hai1="98,112,6,26,120,113,3,65,39,80,9,25,12" hai2="102,99,50,84,14,27,70,93,132,74,71,49,20" hai3="67,106,107,31,64,119,30,125,37,86,1,110,69"/><T68/><D68/><U111/><E111/><V126/><F74/><W85/><G37/><T130/><D130/><U10/><E39/><V77/><F132/><W0/><G69/><T34/><D34/><U95/><E120/><V47/><F126/><W61/><G61/><T133/><D133/><U66/><E80/><N who="2" m="47119" /><F71/><W48/><G48/><T108/><D108/><U54/><E54/><V18/><F70/><W122/><G110/><T52/><D76/><U24/><E66/><V41/><F49/><W109/><G109/><T51/><D75/><U115/><E65/><V57/><F57/><W83/><G83/><T60/><D100/><N who="1" m="60511" /><E25/><AGARI ba="0,0" hai="14,18,20,25,27,41,47,50,93,99,102" m="47119" machi="25" ten="30,1000,0" yaku="8,1" doraHai="33" who="2" fromWho="1" sc="334,0,287,-10,253,10,126,0" />
</Scene>
<Scene>
<INIT seed="5,0,0,0,2,124" ten="334,277,263,126" oya="1" hai0="78,105,86,111,117,62,106,5,3,52,49,112,36" hai1="79,89,57,115,44,72,40,11,91,99,27,69,48" hai2="12,120,122,29,64,16,66,32,71,31,134,101,22" hai3="93,65,55,60,30,110,82,15,45,10,28,67,9"/><U4/><E69/><V39/><F39/><W68/><G110/><T54/><D36/><U116/><E116/><V24/><F134/><W8/><G67/><T118/><D111/><U127/><E127/><V59/><F71/><W125/><G125/><T20/><D112/><U126/><E115/><V33/><F101/><W75/><G93/><T119/><D20/><U84/><E72/><V92/><F92/><W34/><G34/><N who="2" m="13417" /><F59/><W135/><G135/><T88/><D78/><U100/><E126/><V132/><F64/><W131/><G131/><T97/><D62/><U19/><E57/><V41/><F41/><W95/><G95/><T128/><D54/><U107/><E84/><V80/><F80/><W129/><G129/><T121/><D121/><N who="2" m="46698" /><F66/><W83/><G75/><T51/><D117/><U43/><E43/><V1/><F1/><W81/><REACH who="3" step="1"/><G15/><REACH who="3" ten="334,277,263,116" step="2"/><T42/><D118/><U77/><E107/><V90/><F132/><W53/><G53/><T47/><D105/><U58/><E40/><V14/><F90/><W25/><G25/><T35/><D106/><U87/><E27/><V76/><F76/><W0/><G0/><T123/><D3/><U26/><E26/><V85/><F85/><W6/><G6/><T70/><D5/><U94/><E87/><V109/><F109/><W56/><G56/><T38/><D86/><U13/><E4/><V74/><F74/><W103/><G103/><T37/><D128/><U98/><E58/><V17/><F24/><W114/><G114/><T18/><D70/><U96/><E100/><V130/><F130/><W63/><G63/><RYUUKYOKU ba="0,1" sc="334,-15,277,-15,263,15,116,15" hai2="12,14,16,17,22,29,31" hai3="8,9,10,28,30,45,55,60,65,68,81,82,83" />
</Scene>
<Scene>
<INIT seed="6,1,1,4,4,134" ten="319,262,278,131" oya="2" hai0="111,3,56,24,99,116,67,1,86,115,25,85,43" hai1="80,19,17,59,83,38,58,114,32,88,12,91,61" hai2="90,45,30,53,97,73,77,119,48,55,87,54,117" hai3="81,51,64,133,9,37,68,41,107,52,44,65,22"/><V113/><F113/><W63/><G133/><T57/><D43/><U74/><E32/><V36/><F36/><W35/><G107/><T93/><D111/><U34/><E34/><V89/><F30/><W47/><G35/><T33/><D33/><U105/><E105/><V127/><F127/><W96/><G96/><T60/><D56/><U72/><E38/><V126/><F126/><W49/><G81/><T16/><D115/><U79/><E114/><V31/><F31/><W13/><G22/><T94/><D3/><U103/><E103/><V101/><F73/><W122/><G122/><T132/><D1/><U124/><E124/><V0/><F0/><W62/><G13/><T118/><D132/><U69/><E69/><V10/><F10/><W75/><G9/><T109/><D109/><U76/><E61/><V5/><F5/><W18/><G18/><T42/><D42/><U129/><E129/><V20/><F20/><W84/><G84/><T95/><D99/><U78/><E78/><V4/><F4/><W26/><G26/><N who="0" m="10347" /><D16/><U120/><E120/><V121/><F121/><W110/><G75/><T23/><D23/><U123/><E123/><V50/><F119/><AGARI ba="1,1" hai="57,60,67,85,86,93,94,95,116,118,119" m="10347" machi="119" ten="30,1000,0" yaku="12,1" doraHai="134" who="0" fromWho="2" sc="319,23,262,0,278,-13,131,0" />
</Scene>
<Scene>
<INIT seed="7,0,0,0,0,35" ten="342,262,265,131" oya="3" hai0="67,13,62,31,92,103,26,59,129,95,125,82,104" hai1="119,18,68,30,131,69,79,8,3,64,48,133,90" hai2="24,23,0,88,5,60,73,45,27,108,34,114,16" hai3="132,70,99,121,71,74,123,120,14,118,54,32,111"/><W78/><G118/><T81/><D125/><U122/><E122/><V84/><F108/><W87/><G132/><T41/><D41/><U102/><E133/><V58/><F73/><W21/><G111/><T107/><D13/><U66/><E102/><V110/><F110/><W105/><G32/><T36/><D36/><U9/><E79/><V128/><F128/><W101/><G54/><T117/><D107/><U29/><E48/><V115/><F45/><W7/><G21/><T56/><D56/><U98/><E98/><V63/><F27/><W85/><G14/><T22/><D129/><U39/><E39/><V112/><F34/><W46/><G46/><T75/><D75/><U83/><E83/><N who="0" m="31753" /><D104/><U55/><E55/><V96/><F96/><W17/><G17/><T47/><D47/><U76/><E18/><V80/><F58/><W15/><G74/><T113/><D113/><U49/><E76/><V57/><F57/><W51/><G78/><T130/><D130/><U37/><E37/><V4/><F4/><W86/><REACH who="3" step="1"/><G51/><REACH who="3" ten="342,262,265,121" step="2"/><T33/><D33/><U12/><E49/><V2/><F5/><W106/><G106/><T65/><D117/><U100/><E119/><V10/><F10/><AGARI ba="0,1" hai="7,10,15,70,71,85,86,87,99,101,105,120,121,123" machi="10" ten="50,2400,0" yaku="1,1,53,0" doraHai="35" doraHaiUra="38" who="3" fromWho="2" sc="342,0,262,0,265,-24,121,34" />
</Scene>
<Scene>
<INIT seed="7,1,0,3,4,93" ten="342,262,241,155" oya="3" hai0="2,27,106,121,67,18,110,104,49,6,73,0,21" hai1="47,51,99,134,38,72,91,78,120,15,102,74,70" hai2="68,3,50,19,124,53,10,97,32,107,111,123,75" hai3="41,33,28,103,64,131,96,127,89,46,39,81,82"/><W88/><G131/><T16/><D73/><U95/><E120/><V132/><RYUUKYOKU type="yao9" ba="1,0" sc="342,0,262,0,241,0,155,0" hai2="3,10,19,32,50,53,68,75,97,107,111,123,124,132" />
</Scene>
<Scene>
<INIT seed="7,2,0,2,5,7" ten="342,262,241,155" oya="3" hai0="87,133,88,107,127,55,45,119,96,90,64,8,129" hai1="92,112,6,43,98,135,114,103,68,59,111,28,16" hai2="19,23,1,46,75,102,31,116,2,70,85,118,80" hai3="82,51,94,50,84,67,35,105,78,57,65,30,3"/><W0/><G105/><T12/><D129/><U76/><E68/><V33/><F70/><W14/><G35/><T25/><D25/><U69/><E69/><V108/><F108/><W49/><G30/><T106/><D133/><U130/><E111/><V125/><F75/><W81/><G94/><T41/><D55/><U15/><E130/><V97/><F125/><W22/><G0/><T77/><D64/><U120/><E120/><V40/><F31/><W60/><G3/><T91/><D127/><U83/><E135/><V13/><F33/><W29/><G67/><T11/><D96/><U66/><E6/><V32/><F32/><W113/><G113/><N who="1" m="43626" /><E43/><V73/><F73/><W26/><G82/><N who="0" m="47567" /><D119/><U132/><E132/><V122/><F122/><W10/><REACH who="3" step="1"/><G50/><REACH who="3" ten="342,262,241,145" step="2"/><N who="0" m="26927" /><D107/><U115/><E115/><V86/><F118/><W104/><G104/><T17/><D106/><U39/><E28/><V27/><F116/><W79/><G79/><T128/><D128/><U117/><E117/><V93/><F2/><W121/><G121/><T36/><D36/><U54/><E39/><V63/><F1/><W131/><G131/><T72/><D72/><U95/><E66/><V52/><F80/><W37/><G37/><T5/><D5/><AGARI ba="2,1" hai="5,10,14,22,26,29,49,51,57,60,65,78,81,84" machi="5" ten="30,12000,1" yaku="1,1,7,1,8,1,52,1,53,1" doraHai="7" doraHaiUra="61" who="3" fromWho="0" sc="342,-126,262,0,241,0,145,136" />
</Scene>
<Scene>
<INIT seed="7,3,0,1,0,37" ten="216,262,241,281" oya="3" hai0="40,65,118,63,79,36,16,106,44,102,98,23,100" hai1="95,39,125,8,120,45,128,50,113,127,41,46,130" hai2="81,91,112,87,116,2,51,80,66,53,7,109,57" hai3="103,89,107,26,72,111,35,117,75,59,105,54,126"/><W69/><G69/><T124/><D124/><N who="1" m="47691" /><E8/><V70/><F109/><W60/><G117/><T9/><D102/><U10/><E10/><V134/><F116/><W92/><G111/><T67/><D118/><U132/><E120/><V68/><F112/><W47/><G126/><T38/><D9/><U88/><E113/><V14/><F2/><W30/><G103/><T129/><D129/><U114/><E132/><V108/><F108/><W49/><G107/><T58/><D79/><U18/><E18/><V131/><F131/><W17/><G17/><T20/><D38/><U62/><E62/><V101/><F134/><W0/><G105/><T56/><D67/><U71/><E71/><V133/><F133/><W42/><G0/><T77/><D77/><U13/><E13/><V76/><F101/><W28/><G28/><T34/><D34/><U82/><E82/><V110/><F110/><W121/><REACH who="3" step="1"/><G121/><REACH who="3" ten="216,262,241,271" step="2"/><T119/><D119/><U115/><E114/><V4/><F70/><W25/><G25/><T21/><REACH who="0" step="1"/><D58/><REACH who="0" ten="206,262,241,271" step="2"/><U85/><E115/><V19/><F68/><W99/><AGARI ba="3,2" hai="26,30,35,42,47,49,54,59,60,72,75,89,92,99" machi="99" ten="20,7800,0" yaku="1,1,0,1,7,1,52,1,53,0" doraHai="37" doraHaiUra="97" who="3" fromWho="3" sc="206,-29,262,-29,241,-29,271,107" owari="177,-32.0,233,3.0,212,-19.0,378,48.0" />
</Scene>
</mjloggm>