<mjloggm ver="2.3"><GO type="169" lobby="0"/><UN n0="%41%53%41%50%49%4E" n1="%E3%83%9D%E3%83%81%E3%83%A7%E3%83%A0%E3%82%AD%E3%83%B3%E2%98%85" n2="%4D%61%52%63%48" n3="%E9%81%BF%E3%81%91%E3%82%8B%E3%83%81%E3%83%BC%E3%82%BA" dan="18,17,16,17" rate="2198,2163,2059,2181" sx="M,M,M,F"/><TAIKYOKU oya="0"/>

<Scene>
<INIT seed="0,0,0,1,2,104" ten="250,250,250,250" oya="0" hai0="109,85,125,33,34,19,120,23,18,28,128,31,82" hai1="97,87,52,4,69,127,13,135,55,110,47,64,29" hai2="51,78,61,99,62,41,66,40,96,118,115,79,10" hai3="38,132,108,89,81,73,116,45,17,92,117,3,77"/><T131/><D85/><U12/><E110/><V11/><F51/><W21/><G108/><T100/><D100/><U39/><E127/><V50/><F50/><W112/><G3/><T14/><D82/><U49/><E135/><V16/><F66/><W57/><G112/><T6/><D109/><U9/><E29/><N who="0" m="11337" /><D125/><U24/><E24/><V43/><F115/><W68/><G68/><T35/><D120/><U76/><E39/><V65/><F65/><W134/><G57/><T60/><D60/><N who="2" m="23146" /><F118/><W71/><G71/><T0/><D18/><U15/><E97/><N who="2" m="37451" /><F16/><W42/><G134/><T36/><D36/><U26/><E26/><V121/><F121/><W54/><G54/><T48/><D48/><U1/><E69/><V123/><F123/><W106/><G106/><T67/><D67/><U30/><E64/><V59/><F59/><W88/><G132/><T53/><D53/><U5/><E30/><V20/><F20/><W101/><G101/><T113/><D113/><U70/><E70/><V105/><F105/><W129/><G89/><T72/><D72/><U130/><E55/><V56/><F56/><W124/><G124/><T133/><D133/><U7/><E76/><AGARI ba="0,0" hai="10,11,40,41,43,76,78,79" m="37451,23146" machi="76" ten="30,3900,0" yaku="28,2,8,1" doraHai="104" who="2" fromWho="1" sc="250,0,250,-39,250,39,250,0" />
</Scene>
<Scene>
<INIT seed="1,0,0,4,5,35" ten="250,211,289,250" oya="1" hai0="79,73,86,76,74,100,42,0,93,14,49,104,113" hai1="116,57,44,16,11,109,21,33,53,84,52,8,34" hai2="130,6,67,63,23,97,134,5,99,133,98,15,40" hai3="54,1,103,111,81,61,120,10,119,69,122,31,91"/><U102/><E116/><V123/><F40/><W135/><G111/><T115/><D104/><U64/><E109/><V56/><F123/><W108/><G108/><T46/><D0/><U2/><E102/><V107/><F107/><W88/><G135/><N who="2" m="51721" /><F130/><W118/><G103/><T114/><D14/><U83/><E34/><V62/><F62/><W106/><G106/><T41/><D41/><U110/><E110/><V37/><F37/><W18/><G31/><T28/><D28/><U94/><E33/><V128/><F128/><W13/><G1/><T95/><D100/><U101/><E2/><V80/><F80/><W7/><G7/><T9/><D9/><N who="1" m="3659" /><E64/><V90/><F90/><N who="3" m="34347" /><G81/><T36/><D36/><U89/><E44/><V126/><F126/><W50/><G61/><T127/><D127/><U39/><E39/><V47/><F47/><N who="3" m="27999" /><G69/><T43/><D43/><U71/><E71/><V65/><F65/><W112/><G112/><T87/><D95/><U4/><E4/><V121/><F121/><W132/><G132/><T29/><D93/><U105/><E105/><V24/><F15/><W48/><G48/><T82/><D115/><U78/><E57/><V26/><F26/><W27/><G27/><T60/><D114/><U85/><E101/><V77/><F77/><W38/><G38/><T55/><D113/><U51/><E51/><V72/><F72/><W25/><G25/><AGARI ba="0,0" hai="16,21,25,52,53,78,83,84,85,89,94" m="3659" machi="25" ten="30,5800,0" yaku="8,1,54,2" doraHai="35" who="1" fromWho="3" sc="250,0,211,58,289,0,250,-58" />
</Scene>
<Scene>
<INIT seed="1,1,0,2,2,36" ten="250,269,289,192" oya="1" hai0="48,89,40,3,20,107,103,26,121,133,23,135,102" hai1="16,134,112,8,122,14,11,83,38,33,34,128,74" hai2="70,76,47,17,127,30,124,96,4,111,72,131,78" hai3="41,54,117,67,31,91,5,71,45,125,116,43,69"/><U25/><E122/><V56/><F70/><N who="3" m="26635" /><G31/><T109/><D121/><U60/><E112/><V114/><F30/><W59/><G5/><T28/><D3/><U21/><E38/><V126/><F4/><W39/><G91/><T18/><D109/><U65/><E134/><N who="0" m="51209" /><D107/><U97/><E128/><V77/><F114/><W51/><G125/><T120/><D89/><U94/><E74/><V7/><F7/><W92/><G92/><T99/><D99/><U68/><E83/><V86/><F56/><W104/><G104/><T95/><D95/><U50/><E50/><V44/><F72/><W79/><G79/><T0/><D0/><U115/><E115/><V85/><F96/><W106/><G106/><T84/><D84/><N who="2" m="32362" /><F111/><W82/><G82/><T37/><D37/><U75/><E75/><V13/><F131/><W73/><G73/><T1/><D1/><U46/><E46/><N who="2" m="17451" /><F13/><W49/><G67/><T63/><D28/><U29/><REACH who="1" step="1"/><E34/><REACH who="1" ten="250,259,289,192" step="2"/><V2/><F2/><W87/><G39/><T6/><D120/><U22/><E22/><V123/><F123/><W32/><G32/><T62/><D20/><U98/><E98/><V113/><F113/><W108/><G108/><T57/><D23/><U81/><E81/><V80/><F80/><W35/><G35/><T61/><D61/><U66/><E66/><V118/><F118/><N who="3" m="45675" /><G87/><T9/><D62/><U42/><E42/><AGARI ba="1,1" hai="41,42,43,45,49,51,54,59" m="45675,26635" machi="42" ten="30,12000,2" yaku="12,1,34,2,52,3" doraHai="36" who="3" fromWho="1" sc="250,0,259,-123,289,0,192,133" />
</Scene>
<Scene>
<INIT seed="2,0,0,4,5,134" ten="250,136,289,325" oya="2" hai0="76,26,37,69,2,91,3,51,66,122,63,12,115" hai1="14,45,64,30,41,75,104,44,60,114,128,50,90" hai2="59,132,55,27,62,93,103,88,129,9,131,89,40" hai3="92,98,100,39,61,54,47,28,58,21,0,108,124"/><V36/><F27/><W85/><G0/><T7/><D122/><U94/><E114/><V38/><F9/><W87/><G108/><T84/><D115/><U83/><E128/><N who="2" m="49227" /><F132/><W53/><G124/><T56/><D37/><N who="2" m="14442" /><F40/><W77/><G77/><T57/><D76/><U79/><E104/><V52/><F55/><W67/><G39/><T4/><D26/><U113/><E113/><V19/><F19/><W68/><G47/><T48/><D12/><U33/><E33/><V72/><F72/><W70/><G70/><T101/><D3/><U81/><E81/><V80/><F80/><W109/><G109/><T82/><D2/><U112/><E112/><V116/><F116/><W130/><G130/><T43/><D43/><U8/><E30/><V107/><F107/><W95/><G95/><T34/><D34/><U1/><E1/><V106/><F106/><W71/><G71/><T78/><D7/><U126/><E45/><V121/><F121/><W86/><G68/><T65/><D69/><U17/><E64/><V117/><F117/><W29/><G29/><T35/><D4/><U10/><E60/><V120/><F120/><W20/><G20/><T42/><D35/><U99/><REACH who="1" step="1"/><E10/><REACH who="1" ten="250,126,289,325" step="2"/><V97/><AGARI ba="0,1" hai="52,59,62,88,89,93,97,103" m="14442,49227" machi="97" ten="40,7800,0" yaku="19,1,54,2" doraHai="134" who="2" fromWho="2" sc="250,-26,126,-26,289,88,325,-26" />
</Scene>
<Scene>
<INIT seed="2,1,0,2,1,2" ten="224,100,377,299" oya="2" hai0="132,74,101,93,13,62,35,37,46,64,133,102,16" hai1="81,90,105,94,8,76,56,122,128,111,42,49,134" hai2="0,107,118,29,124,3,59,50,108,22,39,58,55" hai3="121,89,79,110,48,116,25,98,51,28,83,18,11"/><V70/><F70/><W88/><G116/><T44/><D74/><U61/><E111/><V72/><F72/><W68/><G68/><T91/><D35/><U38/><E122/><V75/><F75/><W32/><G121/><T30/><D30/><U5/><E134/><N who="0" m="51817" /><D37/><U112/><E112/><V82/><F39/><W34/><G34/><T125/><D125/><U9/><E128/><V130/><F124/><W31/><G31/><T73/><D73/><U135/><E135/><V6/><F118/><W96/><G110/><T119/><D119/><U7/><E105/><V115/><F115/><W77/><G98/><N who="0" m="57663" /><D102/><U66/><E38/><V24/><F107/><W43/><G96/><T63/><D101/><U80/><E76/><V10/><F108/><W12/><G77/><T14/><D14/><U20/><E20/><V109/><F109/><W117/><G117/><T45/><D64/><U33/><E33/><V27/><F130/><W36/><G36/><T52/><D52/><U57/><E42/><V123/><F123/><W71/><G43/><T15/><D15/><U19/><E19/><V103/><F3/><W53/><G53/><T104/><D104/><U92/><E49/><V86/><F103/><W26/><G26/><T54/><D54/><U78/><E78/><V17/><F27/><W85/><G51/><T67/><D67/><U41/><E41/><V100/><F100/><W99/><G48/><T131/><D131/><U47/><E66/><V87/><F29/><W113/><G113/><T95/><D95/><U84/><E92/><V4/><F0/><W127/><G127/><RYUUKYOKU ba="1,0" sc="224,30,100,-10,377,-10,299,-10" hai0="13,16,44,45,46,62,63" />
</Scene>
<Scene>
<INIT seed="3,2,0,2,3,61" ten="254,90,367,289" oya="3" hai0="111,32,67,68,101,90,84,57,36,17,119,92,8" hai1="30,62,115,120,54,18,97,19,4,51,65,72,74" hai2="124,89,53,47,129,40,2,79,7,43,87,29,49" hai3="100,12,15,66,48,85,60,134,13,106,23,64,82"/><W27/><G134/><T11/><D119/><U70/><E120/><V104/><F104/><W45/><G60/><N who="0" m="38287" /><D68/><U35/><E115/><V109/><F109/><W1/><G1/><T33/><D36/><U123/><E123/><V99/><F129/><W73/><G73/><T130/><D32/><U86/><E4/><V3/><F124/><W81/><G100/><T117/><D33/><U37/><E37/><V14/><F29/><N who="3" m="17663" /><G106/><T41/><D111/><U25/><E86/><V118/><F118/><W42/><G82/><T132/><D41/><U133/><E133/><V39/><F43/><W59/><G59/><T20/><D130/><U34/><E34/><V22/><F99/><W58/><G58/><T5/><D132/><U52/><E54/><V21/><F79/><AGARI ba="2,0" hai="12,13,15,42,45,48,64,66,79,81,85" m="17663" machi="79" ten="30,5800,0" yaku="8,1,52,2" doraHai="61" who="3" fromWho="2" sc="254,0,90,0,367,-64,289,64" />
</Scene>
<Scene>
<INIT seed="3,3,0,0,5,89" ten="254,90,303,353" oya="3" hai0="118,34,114,95,97,0,84,130,64,38,26,68,66" hai1="57,51,28,42,52,54,81,93,63,86,37,19,75" hai2="73,32,91,6,16,9,1,115,107,122,113,131,85" hai3="71,56,49,4,80,76,117,11,135,98,48,96,8"/><W102/><G71/><T60/><D118/><U22/><E75/><V30/><F107/><W116/><G135/><T112/><D0/><U2/><E2/><V70/><F70/><W110/><G110/><T79/><D38/><U17/><E37/><V127/><F122/><W55/><G48/><T121/><D121/><U15/><E42/><V18/><F127/><W103/><G96/><T72/><D72/><U31/><E19/><V24/><F73/><W7/><G8/><T12/><D130/><U20/><E20/><V3/><F131/><W46/><G46/><T129/><D129/><U61/><E61/><V106/><F106/><W39/><G39/><T123/><D123/><U69/><E69/><V128/><F128/><W82/><G82/><N who="0" m="47199" /><D64/><U43/><E43/><V25/><F3/><W87/><G4/><T119/><D12/><U35/><E35/><V88/><F91/><W67/><G67/><T62/><D62/><U41/><E41/><V120/><F120/><W126/><G126/><T47/><D47/><U101/><E101/><V92/><REACH who="2" step="1"/><F25/><REACH who="2" ten="254,90,293,353" step="2"/><W77/><G77/><T27/><D27/><U23/><E23/><V58/><F58/><W5/><G103/><N who="0" m="60863" /><D26/><U104/><E104/><V124/><F124/><W83/><G117/><T59/><D119/><U44/><REACH who="1" step="1"/><E93/><REACH who="1" ten="254,80,293,353" step="2"/><V21/><F21/><W111/><G116/><T78/><D68/><U94/><E94/><V74/><F74/><N who="3" m="43031" /><G111/><T50/><D34/><U99/><E99/><V45/><F45/><W13/><G98/><T109/><D109/><U40/><E40/><V133/><F133/><W10/><G11/><RYUUKYOKU ba="3,2" sc="254,-15,80,15,293,15,353,-15" hai1="15,17,22,28,31,44,51,52,54,57,63,81,86" hai2="1,6,9,16,18,24,30,32,85,88,92,113,115" />
</Scene>
<Scene>
<INIT seed="4,4,2,5,2,49" ten="239,95,308,338" oya="0" hai0="31,111,46,77,94,62,123,117,35,22,56,3,93" hai1="68,89,55,97,37,10,86,118,21,128,58,11,8" hai2="17,126,67,13,52,15,101,102,119,134,124,107,127" hai3="19,130,2,114,99,47,57,70,1,135,79,39,105"/><T69/><D117/><U24/><E118/><V91/><F119/><W132/><G70/><T12/><D123/><U120/><E120/><V112/><F112/><W110/><G110/><T41/><D3/><U9/><N who="1" m="2560" /><DORA hai="30" /><U65/><E128/><V4/><F4/><W5/><G5/><T14/><D69/><U26/><E37/><V59/><F67/><W92/><G105/><T45/><D111/><U54/><E97/><N who="2" m="61871" /><F102/><N who="3" m="60775" /><G114/><T83/><D93/><N who="1" m="54455" /><E68/><V23/><F91/><W16/><G79/><T109/><D77/><U63/><E26/><N who="2" m="14703" /><F134/><N who="3" m="51243" /><G130/><T87/><D109/><U20/><E20/><V44/><F44/><W18/><G57/><T90/><D56/><U133/><E133/><V33/><F33/><W103/><G103/><T75/><D46/><U121/><E121/><V106/><F106/><W116/><G116/><T53/><D45/><U66/><E66/><V25/><F25/><W7/><G7/><T100/><D35/><U131/><E131/><V82/><F82/><W48/><G39/><T115/><D83/><U85/><E85/><V73/><F73/><W36/><G36/><T51/><D87/><U122/><E122/><V74/><F74/><W71/><G71/><T6/><D75/><U29/><AGARI ba="4,2" hai="21,24,29,54,55,58,63,65" m="54455,2560" machi="29" ten="40,5200,0" yaku="8,1,52,2" doraHai="49,30" who="1" fromWho="1" sc="239,-30,95,84,308,-17,338,-17" />
</Scene>
<Scene>
<INIT seed="5,0,0,0,0,16" ten="209,179,291,321" oya="1" hai0="33,103,130,113,78,42,127,82,134,72,114,122,65" hai1="112,58,13,3,60,66,71,57,50,61,28,10,41" hai2="105,43,23,0,40,93,84,11,18,88,9,34,39" hai3="126,51,117,14,37,97,31,4,53,48,1,30,89"/><U6/><E112/><N who="0" m="43113" /><D33/><U35/><E71/><V118/><F105/><W2/><G37/><T104/><D65/><U128/><E128/><V63/><F118/><W8/><G126/><T108/><D42/><N who="2" m="15914" /><F39/><W46/><G117/><T107/><D108/><U59/><E3/><V101/><F34/><W47/><G2/><T120/><D127/><U68/><E35/><V87/><F0/><W38/><G38/><T29/><D29/><U62/><REACH who="1" step="1"/><E28/><REACH who="1" ten="209,169,291,321" step="2"/><V80/><F63/><W98/><G1/><T67/><D130/><U56/><N who="1" m="14848" /><DORA hai="102" /><U123/><E123/><N who="0" m="47145" /><D67/><U70/><E70/><V95/><F101/><W92/><G31/><T110/><D110/><U12/><E12/><N who="2" m="9671" /><F95/><W21/><G30/><T52/><D103/><U27/><E27/><V55/><F55/><W132/><G92/><T20/><D52/><U109/><E109/><V131/><F131/><W91/><G53/><T44/><D107/><U54/><E54/><V99/><F99/><W85/><G98/><T125/><D104/><U7/><E7/><V90/><AGARI ba="0,1" hai="9,11,80,84,87,88,90,93" m="9671,15914" machi="90" ten="30,4000,0" yaku="8,1,52,1,54,1" doraHai="16,102" who="2" fromWho="2" sc="209,-10,169,-20,291,50,321,-10" />
</Scene>
<Scene>
<INIT seed="6,0,0,3,1,22" ten="199,149,341,311" oya="2" hai0="10,13,51,79,9,65,41,31,8,128,100,119,47" hai1="127,44,106,18,73,11,24,5,130,63,117,113,72" hai2="60,23,118,68,77,122,0,103,39,57,54,132,131" hai3="114,85,125,53,4,78,88,71,42,99,86,69,21"/><V121/><F0/><W35/><G35/><T91/><D128/><U37/><E117/><V36/><F103/><W96/><G125/><T133/><D119/><U75/><E127/><V112/><F77/><W17/><G114/><T109/><D109/><U56/><E113/><V28/><F118/><W6/><G42/><T110/><D110/><U27/><E106/><V76/><F76/><W46/><G71/><T120/><D120/><N who="2" m="46186" /><F23/><W116/><G69/><T43/><D133/><U40/><E130/><V105/><F28/><W45/><G78/><T104/><D65/><U111/><E18/><V135/><F105/><W74/><G74/><T2/><D2/><U30/><E30/><V3/><F3/><W67/><G67/><T90/><D79/><U82/><E82/><V107/><F107/><W62/><G116/><T52/><D13/><U95/><E95/><V81/><F81/><N who="3" m="49199" /><G86/><T66/><D66/><U48/><E37/><N who="2" m="14411" /><F112/><W14/><G99/><T98/><D90/><U126/><E126/><V83/><F83/><W124/><G96/><T16/><D91/><U59/><E111/><V50/><F131/><W19/><G19/><T26/><REACH who="0" step="1"/><D16/><REACH who="0" ten="189,149,341,311" step="2"/><U15/><REACH who="1" step="1"/><E59/><REACH who="1" ten="189,139,341,311" step="2"/><N who="2" m="33239" /><F68/><W61/><G124/><T70/><D70/><U33/><E33/><AGARI ba="0,2" hai="8,9,10,26,31,33,41,43,47,51,52,98,100,104" machi="33" ten="40,5200,0" yaku="1,1,52,1,54,1,53,0" doraHai="22" doraHaiUra="108" who="0" fromWho="1" sc="189,72,139,-52,341,0,311,0" />
</Scene>
<Scene>
<INIT seed="7,0,0,1,1,68" ten="261,87,341,311" oya="3" hai0="126,122,123,63,35,6,40,27,57,131,88,47,73" hai1="61,113,102,48,70,26,20,11,60,5,8,4,53" hai2="99,89,49,58,41,115,83,85,44,118,54,101,50" hai3="125,51,2,9,82,128,104,97,25,116,105,31,86"/><W96/><G116/><T75/><D131/><U30/><E113/><V80/><F115/><W92/><G128/><T24/><D126/><U106/><E106/><V22/><F22/><W74/><G74/><T28/><D6/><U23/><E102/><V33/><F33/><W46/><G125/><T56/><D27/><U67/><E70/><V79/><F118/><W15/><G2/><T119/><D119/><U52/><E48/><V107/><F79/><W95/><G105/><T103/><D103/><U39/><E39/><V121/><F121/><W17/><G104/><T91/><D73/><U77/><E26/><V133/><F133/><W32/><G97/><T16/><D75/><U19/><E77/><V94/><AGARI ba="0,0" hai="41,44,49,50,54,58,80,83,85,89,94,99,101,107" machi="94" ten="20,1500,0" yaku="0,1,7,1" doraHai="68" who="2" fromWho="2" sc="261,-4,87,-4,341,15,311,-7" owari="257,-14.0,83,-42.0,356,46.0,304,10.0" />
</Scene>
</mjloggm>