<mjloggm ver="2.3"><GO type="169" lobby="0"/><UN n0="%41%53%41%50%49%4E" n1="%E3%81%AD%E3%81%98%E3%81%BE%E3%81%8D%E9%B3%A5%E2%88%AE" n2="%E3%81%94%E3%81%BF%E3%81%8F%E3%81%9A%E3%81%AE%E5%BC%9F%E5%AD%90" n3="%E5%AF%9B%E3%83%94%E3%82%A8%E3%83%AD" dan="19,16,16,16" rate="2243.08,2074.70,2049.38,2070.88" sx="M,M,F,M"/><TAIKYOKU oya="0"/>

<Scene>
<INIT seed="0,0,0,2,3,65" ten="250,250,250,250" oya="0" hai0="97,54,48,47,75,132,59,84,62,69,6,72,74" hai1="17,22,1,92,27,118,25,88,15,113,20,117,123" hai2="105,111,73,64,135,34,109,108,14,114,66,43,133" hai3="71,90,35,46,28,57,63,29,80,116,31,7,91"/><T68/><D132/><N who="2" m="50762" /><F105/><W24/><G116/><T19/><D6/><U4/><E123/><V39/><F34/><W128/><G128/><T87/><D97/><U33/><E113/><V83/><F14/><W76/><G7/><T125/><D125/><U16/><E88/><V82/><F114/><W77/><G46/><T12/><D87/><U49/><E92/><V103/><F103/><W115/><G115/><T36/><D36/><U9/><E49/><V60/><F73/><W120/><G120/><T100/><D84/><U89/><E89/><V98/><F98/><W61/><G76/><T86/><D86/><U126/><E126/><V96/><F96/><W134/><G134/><T119/><D119/><U79/><E79/><V41/><F39/><W38/><G38/><T131/><D131/><U99/><E99/><V21/><F21/><W26/><G35/><T124/><D100/><U2/><E2/><V53/><F53/><W121/><G121/><T50/><D50/><U102/><E102/><V107/><F107/><W10/><G10/><T23/><REACH who="0" step="1"/><D124/><REACH who="0" ten="240,250,250,250" step="2"/><U44/><REACH who="1" step="1"/><E44/><REACH who="1" ten="240,240,250,250" step="2"/><V94/><F94/><W106/><G106/><T58/><D58/><U101/><E101/><V104/><F104/><W85/><G57/><T40/><AGARI ba="0,2" hai="12,19,23,40,47,48,54,59,62,68,69,72,74,75" machi="40" ten="30,12000,1" yaku="1,1,0,1,52,2,53,1" doraHai="65" doraHaiUra="52" who="0" fromWho="0" sc="240,140,240,-40,250,-40,250,-40" />
</Scene>
<Scene>
<INIT seed="0,1,0,2,4,84" ten="380,200,210,210" oya="0" hai0="22,112,6,74,30,65,12,107,95,111,41,10,57" hai1="13,131,69,25,117,118,31,85,106,133,15,48,114" hai2="17,73,53,101,123,56,11,97,124,49,29,3,122" hai3="54,129,45,72,24,55,132,50,16,76,61,63,92"/><T28/><D107/><U81/><E69/><V126/><F73/><W8/><G129/><T23/><D74/><U75/><E106/><V18/><F29/><N who="0" m="11370" /><D112/><U90/><E75/><V82/><F82/><W9/><G132/><T130/><D130/><U60/><E131/><V80/><F80/><W78/><G92/><T2/><D2/><U120/><E120/><N who="2" m="46123" /><F11/><N who="3" m="4171" /><G72/><T44/><D111/><U115/><E133/><V83/><F83/><W68/><G68/><T42/><D44/><U70/><E48/><V94/><F3/><W59/><G63/><N who="0" m="38127" /><D95/><U125/><E125/><AGARI ba="1,0" hai="17,18,49,53,56,94,97,101,124,125,126" m="46123" machi="125" ten="30,1000,0" yaku="18,1" doraHai="84" who="2" fromWho="1" sc="380,0,200,-13,210,13,210,0" />
</Scene>
<Scene>
<INIT seed="1,0,0,0,1,87" ten="380,187,223,210" oya="1" hai0="119,59,60,114,42,9,38,74,111,117,8,80,69" hai1="102,23,94,10,29,11,122,4,43,81,134,123,92" hai2="54,31,13,3,41,132,51,128,55,65,104,78,85" hai3="57,35,39,17,37,12,50,110,100,0,101,135,73"/><U34/><E34/><V121/><F3/><W2/><G73/><T58/><D114/><U71/><E71/><V83/><F104/><W64/><G35/><T88/><D69/><U76/><E134/><V79/><F121/><W133/><G110/><T125/><D111/><U49/><E11/><V44/><F132/><W129/><G129/><T67/><D125/><U68/><E68/><V20/><F128/><W113/><G113/><T19/><D59/><U82/><E82/><V14/><F65/><W21/><G64/><T130/><D74/><U84/><E94/><V109/><F79/><W120/><G120/><T24/><D130/><U28/><E28/><V1/><F1/><W107/><G107/><T99/><D9/><U32/><E32/><V91/><F78/><W126/><G57/><T52/><D67/><U5/><E5/><V33/><F33/><W47/><G126/><T124/><D124/><U131/><E131/><V98/><F98/><W27/><G2/><T61/><D61/><U45/><E92/><V26/><REACH who="2" step="1"/><F109/><REACH who="2" ten="380,187,213,210" step="2"/><W95/><G0/><T70/><D99/><U36/><E122/><V90/><F90/><W66/><G66/><T56/><D88/><N who="1" m="51215" /><E123/><V62/><F62/><W53/><G133/><T105/><D105/><U6/><E76/><V127/><F127/><W108/><G135/><T116/><D70/><U46/><E102/><V40/><F40/><W103/><G108/><T15/><D116/><U30/><E43/><V16/><F16/><W89/><G12/><AGARI ba="0,1" hai="12,13,14,20,26,31,41,44,51,54,55,83,85,91" machi="12" ten="40,5200,0" yaku="1,1,8,1,52,1,53,0" doraHai="87" doraHaiUra="7" who="2" fromWho="3" sc="380,0,187,0,213,62,210,-52" />
</Scene>
<Scene>
<INIT seed="2,0,0,4,0,52" ten="380,187,275,158" oya="2" hai0="66,12,68,124,37,34,81,62,121,40,113,92,1" hai1="35,101,61,46,56,128,85,54,134,8,73,70,23" hai2="105,6,93,3,110,97,57,26,120,67,123,31,135" hai3="102,22,89,17,24,69,55,7,95,10,80,119,30"/><V108/><F105/><W44/><G69/><T88/><D113/><U77/><E73/><V47/><F135/><W5/><G119/><T59/><D1/><U36/><E35/><V29/><F47/><W107/><G80/><T78/><D121/><U9/><E134/><V2/><F6/><W51/><G107/><T122/><D122/><U14/><E128/><V98/><F67/><W15/><REACH who="3" step="1"/><G102/><REACH who="3" ten="380,187,275,148" step="2"/><T21/><D81/><U4/><E101/><V18/><F123/><W82/><G82/><T25/><D68/><U87/><E70/><V27/><F120/><W74/><G74/><T53/><D92/><U129/><E129/><V79/><F93/><W100/><G100/><T20/><D78/><U126/><E77/><V58/><F79/><W86/><AGARI ba="0,1" hai="5,7,10,15,17,22,24,30,44,51,55,86,89,95" machi="86" ten="20,5200,0" yaku="1,1,0,1,7,1,8,1,53,0" doraHai="52" doraHaiUra="103" who="3" fromWho="3" sc="380,-13,187,-13,275,-26,148,62" />
</Scene>
<Scene>
<INIT seed="3,0,0,2,4,93" ten="367,174,249,210" oya="3" hai0="30,10,60,66,54,2,126,57,90,101,34,46,127" hai1="87,85,35,15,82,3,22,62,106,58,97,73,16" hai2="111,77,23,78,20,18,50,19,26,71,135,76,51" hai3="39,83,64,49,6,104,17,47,24,128,125,11,108"/><W107/><G125/><N who="0" m="47627" /><D101/><U43/><E3/><V124/><F111/><W114/><G114/><T28/><D34/><U8/><E35/><V69/><F124/><W42/><G128/><T133/><D133/><U36/><E73/><V31/><F135/><W12/><G108/><T48/><D90/><U55/><E36/><V68/><REACH who="2" step="1"/><F31/><REACH who="2" ten="367,174,239,210" step="2"/><W1/><G64/><T45/><D30/><U88/><E43/><V25/><AGARI ba="0,1" hai="18,19,20,23,25,26,50,51,68,69,71,76,77,78" machi="25" ten="40,8000,1" yaku="1,1,2,1,0,1,9,1,53,0" doraHai="93" doraHaiUra="5" who="2" fromWho="2" sc="367,-20,174,-20,239,90,210,-40" />
</Scene>
<Scene>
<INIT seed="4,0,0,5,0,106" ten="347,154,329,170" oya="0" hai0="127,87,21,51,4,79,111,116,10,105,95,97,43" hai1="98,67,14,118,6,129,16,84,75,68,112,126,52" hai2="31,77,13,5,90,0,1,49,61,64,8,54,103" hai3="86,122,132,78,135,17,102,29,26,25,104,32,60"/><T28/><D116/><U71/><E118/><V74/><F103/><W89/><G122/><T36/><D36/><U24/><E6/><V55/><F31/><W91/><G78/><T37/><D37/><U15/><E129/><V47/><F55/><W35/><G60/><T66/><D105/><U33/><E98/><V48/><F48/><W133/><G86/><T30/><D127/><U70/><E126/><V72/><F90/><W123/><G123/><T20/><D111/><U11/><E67/><V117/><F117/><W38/><G38/><T3/><D66/><U40/><E40/><V121/><F121/><W130/><G130/><T12/><D3/><U88/><E75/><V69/><REACH who="2" step="1"/><F72/><REACH who="2" ten="347,154,319,170" step="2"/><W58/><G102/><N who="0" m="60735" /><D30/><U44/><E88/><V115/><F115/><W108/><G91/><T99/><D28/><U109/><E112/><V41/><F41/><W46/><G89/><T119/><D119/><U125/><E125/><V93/><F93/><W57/><G29/><T27/><D99/><U76/><E76/><V65/><F65/><W39/><G39/><T18/><D87/><U124/><E84/><V81/><AGARI ba="0,1" hai="0,1,5,8,13,47,49,54,61,64,69,74,77,81" machi="81" ten="30,4000,0" yaku="1,1,0,1,52,1,53,0" doraHai="106" doraHaiUra="110" who="2" fromWho="2" sc="347,-20,154,-10,319,50,170,-10" />
</Scene>
<Scene>
<INIT seed="5,0,0,3,1,71" ten="327,144,369,160" oya="1" hai0="48,134,108,106,131,17,49,10,105,47,117,130,107" hai1="24,123,80,51,135,19,20,54,79,44,127,38,75" hai2="110,120,4,92,104,39,22,85,21,94,87,28,18" hai3="122,124,90,109,40,77,46,25,82,81,7,111,34"/><U36/><E123/><V41/><F104/><W125/><G122/><T95/><D108/><U59/><E135/><V126/><F110/><W62/><G62/><T14/><D117/><U61/><REACH who="1" step="1"/><E127/><REACH who="1" ten="327,134,369,160" step="2"/><V64/><F120/><W119/><G109/><T83/><D134/><U53/><AGARI ba="0,1" hai="19,20,24,36,38,44,51,53,54,59,61,75,79,80" machi="53" ten="20,18000,2" yaku="1,1,2,1,0,1,7,1,52,2,53,0" doraHai="71" doraHaiUra="31" who="1" fromWho="1" sc="327,-60,134,190,369,-60,160,-60" />
</Scene>
<Scene>
<INIT seed="5,1,0,5,4,45" ten="267,324,309,100" oya="1" hai0="46,38,0,125,112,94,65,105,17,128,123,32,80" hai1="99,95,66,109,73,61,89,56,33,134,85,114,5" hai2="29,34,75,55,57,124,37,122,108,107,20,52,51" hai3="74,111,30,87,130,92,86,19,98,4,96,101,13"/><U83/><E114/><V6/><F107/><W116/><G74/><T21/><D21/><U127/><E127/><V117/><F37/><W69/><G69/><T118/><D94/><U68/><E134/><V3/><F75/><W115/><G111/><T120/><D17/><U133/><E133/><V40/><F122/><W82/><G116/><T42/><D65/><U60/><E109/><V113/><F108/><W41/><G115/><T14/><D14/><U72/><E5/><V18/><F117/><W25/><G130/><T64/><D64/><U1/><E1/><V102/><F102/><W48/><G4/><T23/><D23/><U50/><E33/><V78/><F78/><W7/><G7/><T77/><D77/><U43/><E43/><V58/><F124/><W26/><G96/><T35/><D42/><U62/><E62/><V59/><F113/><W81/><G81/><T31/><D35/><U126/><E126/><V11/><F40/><W39/><G39/><T76/><D76/><U88/><REACH who="1" step="1"/><E61/><REACH who="1" ten="267,314,309,100" step="2"/><V110/><F110/><W36/><G41/><T90/><D32/><U104/><E104/><V2/><F2/><W135/><G135/><T93/><D105/><U91/><E91/><V24/><F55/><AGARI ba="1,1" hai="50,55,56,60,66,68,72,73,83,85,88,89,95,99" machi="55" ten="40,7700,0" yaku="1,1,52,1,54,1,53,0" doraHai="45" doraHaiUra="15" who="1" fromWho="2" sc="267,0,314,90,309,-80,100,0" />
</Scene>
<Scene>
<INIT seed="5,2,0,4,1,46" ten="267,404,229,100" oya="1" hai0="115,127,69,43,2,28,5,56,41,106,12,81,35" hai1="82,102,104,134,86,0,61,128,111,31,85,129,54" hai2="44,6,36,66,109,130,59,132,72,33,133,39,116" hai3="121,63,29,113,135,16,17,84,101,126,50,80,58"/><U90/><E0/><V45/><F72/><W119/><G121/><T47/><D69/><U99/><E31/><V52/><F33/><W19/><G113/><T57/><D106/><U95/><E54/><V38/><F6/><W25/><G119/><T30/><D2/><U93/><E61/><N who="2" m="38207" /><F116/><W76/><G126/><T9/><D127/><U15/><E15/><V79/><F79/><W96/><G135/><N who="2" m="51785" /><F109/><W7/><G7/><T23/><D115/><U78/><E134/><V48/><F130/><N who="1" m="50281" /><E111/><V87/><F87/><W8/><G8/><T62/><D9/><U73/><E86/><V114/><F114/><W11/><G11/><T22/><D35/><U51/><E51/><V34/><F34/><W37/><G37/><T91/><D5/><U103/><E103/><V110/><F110/><W68/><G68/><T21/><D28/><U65/><E65/><V100/><F100/><W89/><G50/><T1/><D30/><U117/><E117/><V27/><F27/><W42/><G42/><AGARI ba="2,0" hai="36,38,39,42,44,45,48,52" m="51785,38207" machi="42" ten="30,8000,1" yaku="20,1,34,2,52,1,54,1" doraHai="46" who="2" fromWho="3" sc="267,0,404,0,229,86,100,-86" />
</Scene>
<Scene>
<INIT seed="6,0,0,5,1,131" ten="267,404,315,14" oya="2" hai0="104,120,75,19,78,61,43,15,6,29,89,18,115" hai1="20,76,57,41,16,95,116,64,24,79,21,98,101" hai2="9,84,85,121,5,40,53,118,68,133,69,56,50" hai3="47,8,77,32,26,44,96,124,45,42,106,86,23"/><V90/><F121/><W80/><G124/><T28/><D120/><U114/><E116/><V1/><F118/><W112/><G112/><T51/><D115/><U135/><E114/><V127/><F127/><W12/><G32/><T7/><D104/><U3/><E3/><V55/><F133/><W17/><G106/><T130/><D130/><U36/><E135/><V48/><F40/><W113/><G113/><T54/><D78/><U103/><E103/><V88/><F85/><W38/><REACH who="3" step="1"/><G96/><REACH who="3" ten="267,404,315,4" step="2"/><T60/><D75/><U65/><E98/><V91/><REACH who="2" step="1"/><F84/><REACH who="2" ten="267,404,305,4" step="2"/><W117/><G117/><T108/><D108/><U110/><E110/><V37/><F37/><W102/><G102/><T27/><D43/><U87/><E101/><V82/><F82/><W126/><G126/><T73/><D73/><U100/><E100/><V71/><F71/><W107/><G107/><T134/><D134/><U66/><E36/><V11/><F11/><W30/><AGARI ba="0,2" hai="8,12,17,23,26,30,38,42,44,45,47,77,80,86" machi="30" ten="20,2700,0" yaku="1,1,0,1,7,1,53,0" doraHai="131" doraHaiUra="0" who="3" fromWho="3" sc="267,-7,404,-7,305,-13,4,47" />
</Scene>
<Scene>
<INIT seed="7,0,0,5,5,58" ten="260,397,292,51" oya="3" hai0="17,100,88,72,34,36,1,41,30,22,118,128,135" hai1="114,28,18,132,84,113,55,63,50,112,94,20,7" hai2="130,121,38,85,12,56,5,98,2,133,42,21,35" hai3="37,11,119,6,106,16,125,77,82,111,51,108,62"/><W67/><G37/><T91/><D118/><U33/><E132/><V102/><F35/><W117/><G125/><T8/><D72/><U123/><E7/><V43/><F2/><W116/><G106/><T97/><D135/><U131/><E123/><V32/><F32/><W40/><G40/><T103/><D128/><U45/><E131/><V127/><F133/><W83/><G51/><T109/><D109/><N who="3" m="42057" /><G77/><T73/><D73/><U39/><E39/><V124/><F130/><W25/><G6/><T78/><D78/><U24/><E63/><V29/><F121/><W99/><G99/><T27/><D103/><U69/><E69/><V44/><F43/><W47/><G47/><T46/><D8/><U15/><E94/><V107/><F5/><W96/><G96/><T10/><D10/><U87/><AGARI ba="0,0" hai="15,18,20,24,28,33,45,50,55,84,87,112,113,114" machi="87" ten="40,2700,0" yaku="0,1,15,1" doraHai="58" who="1" fromWho="1" sc="260,-7,397,27,292,-7,51,-13" owari="253,-15.0,424,52.0,285,9.0,38,-46.0" />
</Scene>
</mjloggm>