<mjloggm ver="2.3"><GO type="169" lobby="0"/><UN n0="%4E%65%6B%6F%73%6B%79" n1="%E3%81%AA%E3%81%BE%E3%81%AF%E3%81%92%E3%83%AA%E3%83%BC%E3%83%81%E2%98%86" n2="%E3%82%A8%E3%83%88%E3%81%BA%E3%83%B3" n3="%41%53%41%50%49%4E" dan="16,17,16,19" rate="2087.89,2088.72,2144.94,2273.51" sx="M,M,F,M"/><TAIKYOKU oya="0"/>

<Scene>
<INIT seed="0,0,0,0,3,73" ten="250,250,250,250" oya="0" hai0="98,66,76,128,79,26,75,106,86,0,78,113,131" hai1="80,56,60,122,72,61,57,62,90,17,11,108,97" hai2="85,32,24,87,44,65,38,19,104,52,36,89,119" hai3="100,9,46,77,27,133,7,111,135,18,6,130,70"/><T10/><D75/><U67/><E122/><V35/><F104/><W109/><G70/><T14/><D0/><U45/><E108/><N who="3" m="41546" /><G100/><N who="0" m="62743" /><D113/><U95/><E45/><V12/><F65/><W22/><G46/><T21/><D66/><U16/><E11/><V126/><F119/><W8/><G130/><N who="0" m="49707" /><D86/><N who="1" m="50503" /><E72/><V29/><F87/><W112/><G77/><T47/><D47/><U63/><E57/><V81/><F38/><W33/><G33/><T132/><D132/><N who="3" m="50761" /><G112/><T91/><D91/><AGARI ba="0,0" hai="16,17,56,60,61,62,63,67,91,95,97" m="50503" machi="91" ten="30,2000,0" yaku="8,1,54,1" doraHai="73" who="1" fromWho="0" sc="250,-20,250,20,250,0,250,0" />
</Scene>
<Scene>
<INIT seed="1,0,0,1,3,135" ten="230,270,250,250" oya="1" hai0="29,115,84,98,56,14,127,2,113,43,26,21,99" hai1="77,17,24,128,114,91,106,8,58,15,118,132,109" hai2="110,18,11,53,16,25,7,71,79,134,34,51,72" hai3="131,10,49,103,120,101,13,126,73,4,87,6,40"/><U23/><E106/><V108/><F71/><W60/><G73/><T70/><D2/><U80/><E118/><V37/><F37/><W92/><G131/><T5/><D70/><U122/><E122/><V54/><F134/><W107/><G107/><T39/><D84/><U78/><E114/><V48/><F79/><W93/><G120/><T33/><D56/><U1/><E132/><V123/><F72/><W32/><G32/><T63/><D63/><U121/><E121/><V59/><F123/><W117/><G117/><T88/><D99/><U64/><E1/><V130/><F130/><W12/><G126/><T65/><D65/><U75/><E109/><N who="2" m="42091" /><F25/><W105/><G105/><T20/><D127/><U111/><E111/><V125/><F34/><W27/><G27/><T66/><D66/><U76/><E128/><V28/><F28/><W35/><G35/><T97/><D97/><U36/><E36/><V124/><F18/><W102/><G60/><T31/><D31/><U62/><REACH who="1" step="1"/><E91/><REACH who="1" ten="230,260,250,250" step="2"/><V30/><F125/><W85/><G102/><T74/><D115/><U42/><E42/><V112/><F124/><W52/><G40/><T44/><D113/><U133/><E133/><V67/><F112/><W104/><G104/><T0/><D0/><U69/><E69/><V9/><F67/><W38/><G38/><T68/><D68/><U83/><E83/><V96/><F53/><W82/><G82/><T41/><D41/><U81/><E81/><V47/><F54/><W22/><G52/><T45/><D43/><U119/><E119/><V116/><F116/><W100/><G100/><RYUUKYOKU ba="0,1" sc="230,-10,260,30,250,-10,250,-10" hai1="8,15,17,23,24,58,62,64,75,76,77,78,80" />
</Scene>
<Scene>
<INIT seed="1,1,1,4,3,83" ten="220,290,240,240" oya="1" hai0="15,81,77,135,61,88,125,17,32,70,19,126,31" hai1="0,37,122,46,98,62,6,91,44,72,107,2,64" hai2="117,11,9,68,89,96,56,90,82,100,25,51,52" hai3="71,128,50,14,103,23,63,97,101,69,5,131,93"/><U55/><E122/><V120/><F68/><W75/><G75/><T10/><D135/><U1/><E72/><V112/><F120/><W84/><G103/><T27/><D77/><U24/><E6/><V86/><F117/><W28/><G63/><T49/><D49/><U102/><E37/><V60/><F112/><W30/><G50/><T115/><D115/><U26/><E55/><V34/><F90/><N who="3" m="53447" /><G5/><T85/><REACH who="0" step="1"/><D19/><REACH who="0" ten="210,290,240,240" step="2"/><U21/><E46/><V114/><F114/><W116/><G116/><T108/><D108/><U113/><E44/><V95/><REACH who="2" step="1"/><F51/><REACH who="2" ten="210,290,230,240" step="2"/><W36/><G36/><T130/><D130/><U87/><E113/><V45/><F45/><W121/><G131/><T20/><D20/><U16/><E21/><V48/><F48/><W104/><G128/><T78/><D78/><U105/><E62/><V106/><F106/><W67/><G104/><T42/><D42/><U99/><E107/><V40/><F40/><W7/><G23/><T59/><D59/><U94/><E105/><V39/><F39/><W57/><G57/><T47/><D47/><U65/><E91/><V109/><F109/><W41/><G41/><T127/><D127/><U123/><E123/><V54/><F54/><W3/><G121/><T92/><D92/><U76/><E94/><V133/><F133/><W43/><G43/><T134/><D134/><U110/><E110/><V80/><F80/><W38/><G38/><T33/><D33/><U74/><E76/><V79/><F79/><W66/><G71/><T129/><D129/><U58/><E74/><V4/><F4/><W111/><G7/><RYUUKYOKU ba="1,3" sc="210,15,290,-15,230,15,240,-15" hai0="10,15,17,27,31,32,61,70,81,85,88,125,126" hai2="9,11,25,34,52,56,60,82,86,89,95,96,100" />
</Scene>
<Scene>
<INIT seed="2,2,3,0,4,88" ten="225,275,245,225" oya="2" hai0="16,82,100,101,17,128,49,78,41,83,35,42,77" hai1="13,124,103,134,3,51,127,64,85,114,112,135,43" hai2="9,33,67,90,36,50,107,110,80,34,92,1,111" hai3="21,6,109,15,106,46,99,40,25,66,87,44,63"/><V26/><F107/><W74/><G74/><T5/><D35/><U81/><E3/><V133/><F36/><W28/><G109/><N who="2" m="41481" /><F133/><N who="1" m="50697" /><E64/><V37/><F37/><W22/><G40/><N who="0" m="15467" /><D49/><U123/><E123/><V12/><F1/><W7/><G87/><T125/><D5/><U98/><E13/><V70/><F80/><N who="0" m="30762" /><D128/><U54/><E43/><V0/><F0/><W65/><G6/><T8/><D125/><N who="1" m="48203" /><E54/><V14/><F50/><W117/><G65/><T27/><D27/><U57/><E57/><V132/><F132/><W89/><G66/><T69/><D69/><U60/><E51/><V71/><F14/><W32/><G15/><N who="0" m="7271" /><D17/><U53/><E53/><V55/><F55/><W86/><G7/><T45/><D45/><U113/><E60/><N who="2" m="40295" /><F26/><W96/><G25/><T131/><D131/><U30/><E114/><V76/><F71/><W62/><G63/><T31/><D31/><U58/><E30/><V119/><F119/><W61/><G28/><T121/><D121/><U20/><E113/><V129/><F129/><W95/><G61/><T91/><D91/><U11/><E112/><V38/><F38/><W126/><G62/><T97/><D97/><U104/><E98/><N who="2" m="57623" /><F76/><AGARI ba="2,3" hai="76,77,78,100,101" m="7271,30762,15467" machi="76" ten="30,2000,0" yaku="8,1,54,1" doraHai="88" who="0" fromWho="2" sc="225,56,275,0,245,-26,225,0" />
</Scene>
<Scene>
<INIT seed="3,0,0,4,5,41" ten="281,275,219,225" oya="3" hai0="9,93,13,108,37,101,74,102,130,35,86,78,27" hai1="15,91,67,127,2,17,65,90,70,36,128,124,75" hai2="123,95,115,45,33,14,97,73,39,112,10,89,25" hai3="20,7,121,57,71,38,131,132,34,72,110,92,0"/><W61/><RYUUKYOKU type="yao9" ba="0,0" sc="281,0,275,0,219,0,225,0" hai3="0,7,20,34,38,57,61,71,72,92,110,121,131,132" />
</Scene>
<Scene>
<INIT seed="3,1,0,5,4,112" ten="281,275,219,225" oya="3" hai0="107,100,82,47,5,17,83,99,51,67,30,86,59" hai1="90,130,56,120,88,103,119,54,134,95,89,62,116" hai2="76,0,124,133,10,4,94,70,2,27,34,25,42" hai3="14,46,109,114,45,63,8,44,98,91,102,110,81"/><W79/><G114/><T21/><D30/><U37/><E120/><V92/><F70/><W128/><G128/><T113/><D113/><U93/><E130/><V123/><F123/><W84/><G63/><T117/><D5/><U1/><E1/><V96/><F76/><W22/><G22/><T16/><D17/><U39/><E134/><V43/><F133/><W58/><G58/><T18/><D18/><U35/><E35/><V13/><F96/><W122/><G122/><T49/><D86/><U41/><E103/><V108/><F4/><W87/><G14/><T40/><D117/><N who="1" m="45131" /><E41/><V121/><F13/><W23/><G23/><T74/><D74/><U19/><E19/><V97/><F97/><W69/><G69/><T111/><D111/><N who="3" m="42505" /><G8/><T57/><D57/><U85/><E90/><V50/><F10/><W31/><G31/><T6/><D6/><U77/><E77/><V28/><F28/><W104/><G45/><T55/><D67/><U129/><E129/><V78/><F108/><W105/><G105/><T80/><D80/><AGARI ba="1,0" hai="44,46,79,80,81,84,87,91,98,102,104" m="42505" machi="80" ten="30,2900,0" yaku="14,1,10,1" doraHai="112" who="3" fromWho="0" sc="281,-32,275,0,219,0,225,32" />
</Scene>
<Scene>
<INIT seed="3,2,0,1,4,44" ten="249,275,219,257" oya="3" hai0="134,83,96,99,61,126,82,92,125,31,19,117,3" hai1="103,131,90,47,28,59,135,5,98,4,75,9,76" hai2="65,33,32,133,78,119,12,8,63,53,22,26,84" hai3="124,69,52,85,111,105,101,18,55,46,10,95,62"/><W97/><G124/><N who="0" m="47723" /><D117/><U102/><E135/><V79/><F119/><W66/><G111/><T80/><D3/><U16/><E131/><V58/><F133/><W14/><G105/><T30/><D134/><U34/><E75/><V70/><F32/><W68/><G68/><T89/><D61/><U1/><E76/><V23/><F33/><W123/><G123/><T94/><D19/><U40/><E5/><V128/><F128/><W43/><REACH who="3" step="1"/><G85/><REACH who="3" ten="249,275,219,247" step="2"/><T132/><D132/><U87/><E87/><V0/><F84/><W64/><G64/><T73/><D73/><U72/><E72/><V57/><F70/><W115/><G115/><T36/><D36/><AGARI ba="2,1" hai="10,14,18,36,43,46,52,55,62,66,69,95,97,101" machi="36" ten="30,11600,0" yaku="1,1,7,1,54,1,53,1" doraHai="44" doraHaiUra="60" who="3" fromWho="0" sc="249,-122,275,0,219,0,247,132" />
</Scene>
<Scene>
<INIT seed="3,3,0,1,3,135" ten="127,275,219,379" oya="3" hai0="60,18,45,17,25,10,6,4,56,87,96,5,27" hai1="9,73,128,37,89,53,47,49,20,68,71,94,50" hai2="30,34,80,3,76,84,63,42,39,2,81,121,70" hai3="85,78,57,19,127,123,114,100,129,15,79,88,24"/><W14/><G114/><T44/><D87/><U13/><E128/><V61/><F121/><W91/><G123/><T54/><D96/><U58/><E37/><V126/><F30/><W64/><G129/><T117/><D117/><U26/><E73/><V72/><F34/><W104/><G127/><T133/><D133/><U7/><E47/><V16/><F70/><W99/><G24/><T93/><D93/><U109/><E109/><V41/><F16/><W65/><G91/><T75/><D75/><U97/><REACH who="1" step="1"/><E50/><REACH who="1" ten="127,265,219,379" step="2"/><V122/><F72/><W112/><G112/><T48/><D45/><U31/><AGARI ba="3,1" hai="7,9,13,20,26,31,49,53,58,68,71,89,94,97" machi="31" ten="20,8000,1" yaku="1,1,2,1,0,1,7,1,53,1" doraHai="135" doraHaiUra="95" who="1" fromWho="1" sc="127,-23,265,99,219,-23,379,-43" />
</Scene>
<Scene>
<INIT seed="4,0,0,0,2,77" ten="104,364,196,336" oya="0" hai0="131,71,122,106,74,51,8,102,26,97,135,16,41" hai1="39,28,107,70,72,0,110,132,134,61,2,128,82" hai2="45,86,35,67,40,117,92,52,3,38,31,13,62" hai3="115,43,127,4,68,108,32,84,113,81,126,56,60"/><T73/><D122/><U100/><E110/><V14/><F3/><N who="1" m="1065" /><E128/><V47/><F117/><W7/><G108/><T75/><D71/><U1/><E1/><V83/><F92/><W5/><G32/><T94/><D131/><U17/><E17/><V124/><F124/><N who="3" m="47659" /><G43/><T54/><D135/><U90/><E39/><V78/><F31/><W120/><G68/><T130/><D41/><U50/><E50/><V37/><F35/><W57/><G120/><T11/><D130/><U18/><E18/><V65/><F65/><N who="3" m="39047" /><G57/><T79/><D106/><U119/><E119/><V58/><REACH who="2" step="1"/><F38/><REACH who="2" ten="104,364,186,336" step="2"/><W103/><G103/><T80/><D8/><U105/><E100/><V123/><F123/><W133/><G133/><T44/><REACH who="0" step="1"/><D26/><REACH who="0" ten="94,364,186,336" step="2"/><U9/><E9/><V22/><F22/><W64/><G64/><T125/><D125/><U23/><E23/><V98/><F98/><W21/><G21/><T129/><D129/><U27/><E27/><V48/><AGARI ba="0,2" hai="13,14,37,40,45,47,48,52,58,62,67,78,83,86" machi="48" ten="30,7900,0" yaku="1,1,0,1,52,1,54,1,53,0" doraHai="77" doraHaiUra="112" who="2" fromWho="2" sc="94,-39,364,-20,186,99,336,-20" />
</Scene>
<Scene>
<INIT seed="5,0,0,0,0,81" ten="55,344,285,316" oya="1" hai0="23,73,117,71,13,90,76,64,36,2,3,83,63" hai1="48,28,95,15,54,18,62,41,0,87,5,68,1" hai2="38,100,103,53,84,65,82,122,45,112,133,121,108" hai3="32,107,51,105,56,24,11,20,16,104,114,10,21"/><U52/><E28/><V46/><F108/><W102/><G32/><T8/><D117/><U78/><E5/><V130/><F65/><W86/><G114/><T33/><D23/><U34/><E34/><V109/><F109/><W55/><G102/><T57/><D57/><N who="1" m="35111" /><E68/><V131/><F112/><W128/><G128/><N who="2" m="49193" /><F133/><W89/><REACH who="3" step="1"/><G21/><REACH who="3" ten="55,344,285,306" step="2"/><T22/><D22/><N who="1" m="11615" /><E1/><V126/><F126/><W61/><G61/><T6/><D90/><N who="1" m="53727" /><E0/><V72/><F72/><W50/><G50/><T42/><D13/><U26/><E26/><V132/><F132/><W94/><AGARI ba="0,1" hai="10,11,16,20,24,51,55,56,86,89,94,104,105,107" machi="94" ten="30,7900,0" yaku="1,1,0,1,52,1,54,1,53,0" doraHai="81" doraHaiUra="116" who="3" fromWho="3" sc="55,-20,344,-39,285,-20,306,89" />
</Scene>
<Scene>
<INIT seed="6,0,0,2,0,80" ten="35,305,265,395" oya="2" hai0="49,54,70,19,108,124,30,29,31,81,93,61,27" hai1="120,134,52,60,41,72,82,113,10,85,0,13,96" hai2="132,15,92,90,109,4,128,125,2,23,65,74,87" hai3="76,91,77,89,131,35,94,119,55,123,95,116,18"/><V39/><F74/><W25/><G123/><T6/><D108/><U114/><E120/><V71/><F39/><W107/><G107/><T110/><D110/><U97/><E134/><V129/><F109/><W101/><G101/><T7/><D124/><U36/><E72/><V11/><F125/><W8/><G131/><N who="2" m="50249" /><F132/><W43/><G43/><T103/><D70/><U122/><E0/><V32/><F32/><W117/><G55/><T24/><D61/><U102/><E122/><V20/><F2/><W22/><G8/><T5/><D19/><U75/><E75/><V121/><F121/><W56/><G56/><T53/><D81/><U135/><E135/><V111/><F111/><W12/><G25/><T45/><REACH who="0" step="1"/><D54/><REACH who="0" ten="25,305,265,395" step="2"/><U16/><E82/><V1/><F1/><W28/><G116/><T38/><D38/><U33/><E36/><V48/><F48/><W130/><G117/><T98/><AGARI ba="0,1" hai="5,6,7,24,27,29,30,31,45,49,53,93,98,103" machi="98" ten="40,5200,0" yaku="1,1,0,1,8,1,53,0" doraHai="80" doraHaiUra="112" who="0" fromWho="0" sc="25,62,305,-13,265,-26,395,-13" />
</Scene>
<Scene>
<INIT seed="7,0,0,3,4,125" ten="87,292,239,382" oya="3" hai0="71,12,84,130,85,76,91,102,131,14,118,2,18" hai1="43,95,31,135,81,90,96,6,41,103,49,5,112" hai2="134,132,105,100,126,39,65,23,75,30,109,79,67" hai3="101,73,9,53,69,88,40,98,11,93,97,55,44"/><W107/><G69/><T87/><D2/><U122/><E122/><V8/><F39/><W47/><G73/><T86/><D71/><U25/><E112/><V60/><F109/><W127/><G127/><T37/><D37/><U115/><E135/><V61/><F126/><W4/><G11/><T27/><D102/><U3/><E3/><V52/><F8/><W0/><G44/><T45/><D45/><U106/><E115/><V1/><F1/><W7/><G4/><T92/><D76/><U36/><E36/><AGARI ba="0,0" hai="0,7,9,36,40,47,53,55,88,93,97,98,101,107" machi="36" ten="30,2900,0" yaku="7,1,54,1" doraHai="125" who="3" fromWho="1" sc="87,0,292,-29,239,0,382,29" owari="87,-41.0,263,6.0,239,-16.0,411,51.0" />
</Scene>
</mjloggm>