<mjloggm ver="2.3"><GO type="169" lobby="0"/><UN n0="%E3%80%93%E6%9D%BE%E4%BA%95%EF%BC%A3%EF%BC%B3%E3%80%93" n1="%4E%4F%42%55%53%48%49" n2="%E9%B3%B3%E6%8B%B3" n3="%41%53%41%50%49%4E" dan="18,16,16,19" rate="2217.55,2054.00,2093.03,2306.01" sx="M,M,M,M"/><TAIKYOKU oya="0"/>

<Scene>
<INIT seed="0,0,0,0,1,78" ten="250,250,250,250" oya="0" hai0="38,96,42,53,5,99,43,40,23,109,92,48,86" hai1="24,19,30,122,36,117,81,124,126,68,14,17,58" hai2="4,113,6,51,70,57,50,56,59,69,13,80,54" hai3="10,110,21,9,106,103,12,45,123,75,15,41,74"/><T37/><D5/><U34/><E68/><V133/><F113/><W101/><G110/><T3/><D3/><U120/><E36/><V131/><F131/><W95/><G106/><T28/><D109/><U27/><E58/><V67/><F133/><W44/><G21/><T65/><D65/><U22/><E81/><V72/><F57/><W61/><G61/><T63/><D63/><U104/><E104/><V55/><F67/><W73/><G123/><N who="1" m="47146" /><E117/><V71/><F13/><W97/><G101/><T83/><D38/><U134/><E134/><V112/><F112/><W79/><G79/><AGARI ba="0,0" hai="4,6,50,51,54,55,56,59,69,70,71,72,79,80" machi="79" ten="40,2600,0" yaku="9,1,52,1" doraHai="78" who="2" fromWho="3" sc="250,0,250,0,250,26,250,-26" />
</Scene>
<Scene>
<INIT seed="1,0,0,2,3,72" ten="250,250,276,224" oya="1" hai0="31,19,12,125,110,59,29,113,104,91,15,2,22" hai1="116,36,75,56,99,127,111,60,106,42,107,112,83" hai2="76,18,63,48,34,87,70,131,71,38,118,1,65" hai3="79,126,120,103,8,25,77,50,117,124,122,57,135"/><U37/><E116/><V40/><F118/><W100/><G135/><T7/><D104/><U44/><E112/><V85/><F131/><W102/><G117/><T134/><D113/><U86/><E127/><N who="3" m="48682" /><G25/><T74/><D74/><U21/><E75/><V78/><F34/><W16/><G57/><T94/><D110/><U11/><E111/><V67/><F1/><W82/><G50/><T84/><D2/><U0/><E37/><V98/><F38/><W58/><G58/><T27/><D134/><U90/><E21/><V93/><F18/><W123/><G82/><T28/><D125/><U64/><REACH who="1" step="1"/><E99/><REACH who="1" ten="250,240,276,224" step="2"/><V115/><F115/><W51/><G51/><T39/><D39/><U52/><E52/><V14/><F67/><W101/><N who="3" m="25600" /><DORA hai="62" /><W132/><G132/><T3/><D22/><U69/><E69/><V26/><F70/><W33/><G33/><T108/><D108/><U73/><E73/><V53/><F65/><W80/><G80/><T45/><D94/><U4/><AGARI ba="0,1" hai="0,4,11,36,42,44,56,60,64,83,86,90,106,107" machi="4" ten="30,6000,0" yaku="1,1,0,1,52,1,53,0" doraHai="72,62" doraHaiUra="17,96" who="1" fromWho="1" sc="250,-20,240,70,276,-20,224,-20" />
</Scene>
<Scene>
<INIT seed="1,1,0,1,1,130" ten="230,310,256,204" oya="1" hai0="81,56,64,15,71,13,120,107,124,119,59,75,17" hai1="1,66,57,82,106,53,65,28,3,54,125,67,110" hai2="98,105,32,133,38,114,84,135,132,46,91,100,24" hai3="117,41,116,74,39,16,5,95,10,92,70,131,102"/><U25/><E106/><V126/><F114/><W87/><G74/><T29/><D119/><N who="3" m="45641" /><G70/><T4/><D107/><U48/><E125/><V88/><F126/><W7/><G131/><T26/><D124/><U40/><E110/><V9/><F9/><W134/><G134/><T127/><D71/><U14/><E40/><N who="2" m="22807" /><F84/><W31/><G31/><AGARI ba="1,0" hai="24,31,32,88,91,98,100,105,132,133,135" m="22807" machi="31" ten="30,8000,1" yaku="20,1,52,3,54,1" doraHai="130" who="2" fromWho="3" sc="230,0,310,0,256,83,204,-83" />
</Scene>
<Scene>
<INIT seed="2,0,0,1,3,66" ten="230,310,339,121" oya="2" hai0="32,1,135,59,119,78,123,92,105,68,61,96,114" hai1="28,82,111,55,79,103,133,46,99,109,131,83,116" hai2="5,126,12,74,89,15,24,94,113,41,117,35,52" hai3="21,23,58,8,33,93,25,108,85,95,26,97,104"/><V129/><F117/><W13/><G108/><T112/><D92/><U20/><E116/><V2/><F113/><W37/><G37/><T125/><D59/><U54/><E133/><V53/><F74/><W130/><G130/><T57/><D57/><U120/><E131/><V17/><F129/><W75/><G75/><T106/><D78/><U18/><E120/><V50/><F126/><W63/><G104/><T29/><D106/><U60/><E28/><V100/><F100/><W84/><G33/><T122/><D1/><U81/><E79/><V48/><F2/><W77/><G77/><T107/><D107/><N who="1" m="63999" /><E46/><N who="2" m="25679" /><F35/><W19/><G25/><N who="0" m="18479" /><D125/><U80/><E60/><V11/><F24/><W9/><G93/><T70/><D119/><U27/><E83/><V22/><F50/><W3/><G3/><T72/><D72/><U88/><E88/><V132/><F132/><W64/><G21/><T69/><D61/><U40/><E40/><V121/><F121/><N who="0" m="46090" /><D135/><U44/><E44/><V90/><F90/><W118/><G118/><T124/><D124/><U110/><AGARI ba="0,0" hai="18,20,27,54,55,80,81,82,109,110,111" m="63999" machi="110" ten="40,1500,0" yaku="14,1" doraHai="66" who="1" fromWho="1" sc="230,-4,310,15,339,-7,121,-4" />
</Scene>
<Scene>
<INIT seed="3,0,0,3,3,59" ten="226,325,332,117" oya="3" hai0="76,67,17,96,24,124,15,103,50,43,26,78,63" hai1="29,74,135,34,131,90,118,0,14,64,61,134,66" hai2="12,89,108,11,47,2,56,94,117,70,30,28,31" hai3="71,104,41,19,116,87,109,22,133,36,45,46,125"/><W123/><G116/><T112/><D124/><U20/><E74/><V65/><F108/><W114/><G123/><T95/><D112/><U80/><E0/><V13/><F117/><W51/><G114/><T102/><D102/><U44/><E118/><V60/><F70/><W79/><G125/><T32/><D32/><U7/><E131/><V8/><F47/><W40/><G104/><T120/><D120/><U113/><E113/><V93/><F93/><W115/><G115/><T106/><D106/><U121/><E34/><V73/><F73/><W132/><G71/><T110/><D110/><U92/><E121/><V68/><F68/><W127/><G127/><T10/><D50/><U122/><E80/><V33/><F33/><W53/><G109/><T55/><D55/><U91/><E44/><V88/><F2/><W57/><G87/><T3/><D43/><U6/><E92/><V84/><F89/><W54/><G79/><N who="0" m="30251" /><D3/><U27/><E122/><V1/><F1/><W83/><G83/><T48/><D48/><U105/><E105/><V9/><AGARI ba="0,0" hai="8,9,11,12,13,28,30,31,56,60,65,84,88,94" machi="9" ten="30,7900,0" yaku="0,1,8,1,52,1,54,1" doraHai="59" who="2" fromWho="2" sc="226,-20,325,-20,332,79,117,-39" />
</Scene>
<Scene>
<INIT seed="4,0,0,5,3,56" ten="206,305,411,78" oya="0" hai0="52,43,1,23,4,132,54,128,98,27,28,113,69" hai1="120,68,95,93,20,45,75,92,116,76,103,63,53" hai2="55,40,131,83,44,38,135,36,22,18,35,102,39" hai3="58,3,105,47,112,33,101,34,62,14,126,91,121"/><T97/><D69/><U127/><E116/><V48/><F35/><W5/><G3/><T89/><D43/><U88/><E120/><V16/><F131/><W65/><G121/><T74/><D74/><U78/><E127/><V73/><F135/><W111/><G126/><T10/><D128/><U108/><E108/><V100/><F18/><W134/><G111/><T25/><D132/><U71/><E103/><V49/><F73/><W67/><G134/><T122/><D122/><U77/><E75/><V30/><F30/><W72/><G72/><T6/><D113/><U70/><E20/><V130/><F83/><W50/><G112/><T99/><D6/><U60/><E88/><V17/><F17/><W107/><G67/><T19/><REACH who="0" step="1"/><D89/><REACH who="0" ten="196,305,411,78" step="2"/><U8/><E8/><V12/><F130/><W86/><G5/><T31/><D31/><U82/><E82/><V21/><F40/><W15/><G91/><T57/><D57/><U9/><E9/><V51/><F16/><W109/><G109/><T133/><D133/><U125/><E125/><V124/><F124/><W24/><G58/><T13/><D13/><U0/><E0/><V41/><F12/><W110/><G15/><T90/><D90/><U94/><N who="1" m="23552" /><DORA hai="26" /><U11/><E11/><V66/><F41/><W114/><G14/><T2/><D2/><U61/><E53/><V64/><F55/><W42/><G110/><T85/><D85/><U84/><E84/><V96/><F44/><AGARI ba="0,1" hai="44,45,60,61,63,68,70,71,76,77,78" m="23552" machi="44" ten="70,32000,5" yakuman="41" doraHai="56,26" who="1" fromWho="2" sc="196,0,305,330,411,-320,78,0" />
</Scene>
<Scene>
<INIT seed="5,0,0,5,3,17" ten="196,635,91,78" oya="1" hai0="63,44,61,97,46,56,118,40,76,19,62,32,102" hai1="133,74,33,105,58,48,73,47,88,31,15,11,77" hai2="13,70,132,92,130,71,80,26,81,59,113,121,89" hai3="90,41,124,2,30,135,112,111,110,28,38,100,94"/><U67/><E105/><V24/><F121/><W1/><G100/><T9/><D32/><U0/><E0/><V86/><F130/><W75/><G75/><T125/><D118/><U131/><E131/><V14/><F132/><W108/><G135/><T10/><D125/><U104/><E104/><V60/><F113/><W66/><G124/><T128/><D76/><U35/><E133/><V101/><F70/><W82/><G82/><N who="2" m="31849" /><F71/><W3/><G112/><T64/><D128/><U42/><E88/><V120/><F101/><W83/><G83/><T115/><D115/><U23/><E77/><V8/><F120/><W37/><G66/><T109/><D109/><U57/><E57/><V99/><F86/><W55/><G55/><T45/><D40/><U22/><E74/><V78/><F78/><W95/><G41/><T53/><D64/><U16/><E73/><V134/><F134/><W114/><G114/><T107/><REACH who="0" step="1"/><D19/><REACH who="0" ten="186,635,91,78" step="2"/><U6/><E31/><N who="3" m="11818" /><G90/><T36/><D36/><AGARI ba="0,1" hai="1,2,3,36,37,38,94,95,108,110,111" m="11818" machi="36" ten="50,3200,0" yaku="28,2" doraHai="17" who="3" fromWho="0" sc="186,-32,635,0,91,0,78,42" />
</Scene>
<Scene>
<INIT seed="6,0,0,5,4,50" ten="154,635,91,120" oya="2" hai0="113,107,8,26,51,89,132,62,37,9,91,71,95" hai1="102,25,134,61,65,101,64,2,18,96,104,47,60" hai2="69,125,82,39,116,99,6,68,117,74,85,30,43" hai3="31,87,80,56,106,123,120,1,46,44,110,0,41"/><V76/><F125/><W57/><G110/><T75/><D107/><U98/><E2/><V127/><F127/><W29/><G106/><T118/><D37/><U88/><E134/><V129/><F85/><W4/><G87/><T20/><D75/><U70/><E47/><N who="2" m="24063" /><F99/><W72/><G41/><T105/><D105/><U66/><E88/><V100/><F100/><W109/><G109/><T131/><D91/><U34/><E60/><V15/><F15/><W54/><G4/><T53/><D118/><N who="2" m="45674" /><F129/><W49/><G49/><T33/><D33/><U7/><E7/><V35/><F6/><W63/><G63/><T14/><D62/><U86/><E66/><V3/><F3/><W12/><G12/><T17/><D71/><U36/><E65/><V97/><F97/><W90/><G90/><T119/><D131/><U32/><E36/><V22/><F22/><W121/><G121/><T16/><D132/><U42/><E86/><V79/><F79/><W23/><G23/><N who="0" m="13671" /><D113/><U115/><E115/><V55/><F55/><W130/><G54/><T38/><D38/><U93/><E42/><V45/><F45/><W21/><G130/><T111/><D111/><U28/><E104/><V77/><F77/><W5/><G21/><T58/><D119/><U114/><E114/><V52/><F52/><W24/><G5/><T84/><AGARI ba="0,0" hai="8,9,14,17,20,51,53,58,84,89,95" m="13671" machi="84" ten="30,7900,0" yaku="25,1,8,1,52,1,54,1" doraHai="50" who="0" fromWho="0" sc="154,79,635,-20,91,-39,120,-20" />
</Scene>
<Scene>
<INIT seed="7,0,0,5,5,52" ten="233,615,52,100" oya="3" hai0="21,48,74,5,61,70,66,112,76,75,58,87,68" hai1="4,24,108,32,77,14,44,91,129,114,64,106,1" hai2="45,132,33,135,98,49,95,78,15,51,39,85,72" hai3="40,79,36,55,34,83,18,128,103,118,71,41,37"/><W80/><G118/><T89/><D76/><U107/><E106/><V17/><F33/><W94/><G71/><T105/><D105/><U122/><E107/><V27/><F39/><W46/><G34/><T110/><D110/><U125/><E1/><V109/><F109/><W56/><G128/><T19/><D5/><U57/><E129/><V20/><F72/><W117/><G117/><T22/><D22/><U65/><E77/><V93/><F132/><W50/><G79/><T31/><D31/><U115/><E91/><V43/><F135/><W88/><G103/><T42/><D112/><U38/><E24/><V3/><F3/><W113/><G113/><T26/><D70/><U84/><E57/><V81/><F51/><W121/><G121/><T82/><D42/><U104/><E65/><V35/><F35/><W123/><G123/><T124/><D124/><U101/><E84/><V13/><REACH who="2" step="1"/><F93/><REACH who="2" ten="233,615,42,100" step="2"/><W133/><G133/><T111/><D111/><U119/><E14/><V69/><F69/><W2/><G2/><T8/><D8/><U59/><E101/><AGARI ba="0,1" hai="13,15,17,20,27,43,45,49,78,81,85,95,98,101" machi="101" ten="30,3900,0" yaku="1,1,7,1,8,1,53,0" doraHai="52" doraHaiUra="126" who="2" fromWho="1" sc="233,0,615,-39,42,49,100,0" owari="233,3.0,576,68.0,91,-41.0,100,-30.0" />
</Scene>
</mjloggm>