<mjloggm ver="2.3"><GO type="169" lobby="0"/><UN n0="%E5%A4%A9%E8%A1%A3%E7%84%A1%E7%B8%AB%E3%82%88%E3%81%A4%E3%81%B0" n1="%41%53%41%50%49%4E" n2="%4C%61%73%6B%26%59%75" n3="%E3%81%8A%E5%8F%A3%E3%83%81%E3%83%A3%E3%83%83%E3%82%AF%E6%BA%80%E8%B2%AB" dan="16,19,16,16" rate="2079.68,2283.72,2113.42,2032.24" sx="M,M,M,F"/><TAIKYOKU oya="0"/>

<Scene>
<INIT seed="0,0,0,2,5,6" ten="250,250,250,250" oya="0" hai0="97,24,121,87,12,40,46,13,18,95,112,115,89" hai1="42,124,114,38,78,54,3,76,16,93,119,36,116" hai2="2,11,28,111,65,34,45,113,27,107,88,127,59" hai3="49,31,10,118,80,52,86,109,0,94,23,135,105"/><T64/><D121/><U9/><E124/><V29/><F113/><W57/><G105/><T50/><D115/><U22/><E114/><V4/><F107/><W91/><G118/><T37/><D112/><U81/><E54/><V17/><F127/><W104/><G104/><T8/><D64/><U110/><E110/><V1/><F111/><W133/><G109/><T134/><D134/><N who="3" m="51209" /><G31/><T123/><D123/><U98/><E78/><V33/><F17/><W44/><G23/><T60/><D60/><U41/><E41/><V100/><F100/><W51/><G94/><T43/><D24/><U120/><E120/><V131/><F131/><W70/><G70/><T72/><D72/><U85/><E42/><V15/><F29/><W30/><G30/><T132/><D132/><U7/><E116/><V20/><F34/><W106/><G106/><T103/><D13/><U96/><E119/><V14/><F33/><W19/><G19/><T77/><D77/><U47/><E47/><V79/><F1/><W32/><G32/><T84/><D84/><U129/><E129/><V99/><F79/><W69/><G69/><T75/><D75/><U102/><REACH who="1" step="1"/><E98/><REACH who="1" ten="250,240,250,250" step="2"/><V71/><F99/><W39/><G39/><T90/><D37/><U21/><E21/><V62/><F20/><W117/><G117/><T56/><D40/><U61/><E61/><V101/><F62/><N who="3" m="36135" /><G44/><T66/><D46/><U26/><AGARI ba="0,1" hai="3,7,9,16,22,26,36,38,76,81,85,93,96,102" machi="26" ten="20,12000,2" yaku="1,1,0,1,7,1,52,1,54,1,53,1" doraHai="6" doraHaiUra="83" who="1" fromWho="1" sc="250,-60,240,130,250,-30,250,-30" />
</Scene>
<Scene>
<INIT seed="1,0,0,2,2,35" ten="190,370,220,220" oya="1" hai0="126,104,131,55,79,9,113,25,76,77,30,84,112" hai1="34,95,51,73,13,6,23,102,88,99,68,82,49" hai2="67,59,63,120,119,66,60,11,80,14,16,105,7" hai3="117,86,43,94,1,45,78,100,4,44,114,107,0"/><U40/><E34/><V2/><F120/><W58/><G107/><T27/><D104/><U116/><E116/><V111/><F119/><W98/><G114/><T132/><D132/><U48/><E68/><V37/><F105/><W46/><G117/><T15/><D131/><U135/><E135/><V103/><F37/><W50/><G4/><T128/><D128/><U62/><E62/><V18/><F103/><W125/><G125/><T39/><D126/><U53/><E40/><V85/><F111/><W57/><G43/><T124/><D124/><U21/><E73/><V134/><F134/><W115/><G115/><T38/><D113/><U92/><E82/><V36/><F36/><W10/><G10/><T122/><D112/><U93/><E93/><V54/><F14/><W123/><G123/><T64/><D122/><U91/><E102/><V109/><F109/><W19/><G19/><T127/><D39/><U121/><E121/><V22/><F22/><N who="1" m="8201" /><E13/><V97/><F97/><W52/><REACH who="3" step="1"/><G58/><REACH who="3" ten="190,370,220,210" step="2"/><T87/><D127/><U61/><E6/><V12/><F59/><W74/><G74/><T83/><D9/><U101/><E95/><V47/><F11/><W56/><G56/><AGARI ba="0,1" hai="48,49,51,53,56,61,88,91,92,99,101" m="8201" machi="56" ten="30,2900,0" yaku="8,1,54,1" doraHai="35" who="1" fromWho="3" sc="190,0,370,39,220,0,210,-29" />
</Scene>
<Scene>
<INIT seed="1,1,0,0,3,21" ten="190,409,220,181" oya="1" hai0="115,57,4,98,2,61,121,9,30,52,34,81,5" hai1="101,18,117,122,119,48,88,102,44,135,96,95,24" hai2="93,67,41,112,116,132,8,118,131,26,113,59,19" hai3="55,76,97,127,69,14,85,108,40,126,111,25,86"/><U42/><E122/><V31/><F41/><W23/><G69/><T13/><D115/><N who="2" m="44106" /><F132/><W27/><G40/><T114/><D114/><U104/><E135/><V120/><F120/><W50/><G97/><T107/><D121/><U128/><E128/><V63/><F131/><W0/><G0/><T36/><D36/><U92/><E104/><V51/><F51/><W17/><G76/><T70/><D81/><U22/><REACH who="1" step="1"/><E95/><REACH who="1" ten="190,399,220,181" step="2"/><V77/><F93/><W11/><G126/><T6/><D107/><U79/><E79/><V65/><F77/><W129/><G127/><T130/><D130/><U38/><E38/><V46/><F118/><AGARI ba="1,1" hai="18,22,24,42,44,48,88,92,96,101,102,117,118,119" machi="118" ten="40,7700,0" yaku="1,1,52,1,54,1,53,0" doraHai="21" doraHaiUra="78" who="1" fromWho="2" sc="190,0,399,90,220,-80,181,0" />
</Scene>
<Scene>
<INIT seed="1,2,0,5,4,100" ten="190,489,140,181" oya="1" hai0="127,119,8,128,19,55,91,107,103,71,21,126,134" hai1="69,3,132,109,85,130,20,16,34,80,102,84,31" hai2="53,27,24,135,108,65,75,112,28,117,26,116,61" hai3="13,83,33,60,47,43,78,104,1,125,35,49,77"/><U54/><E3/><V74/><F108/><W44/><G78/><T56/><D71/><U131/><E69/><V73/><F135/><W9/><G1/><T14/><D119/><U57/><E132/><V118/><F53/><W58/><G125/><T15/><D128/><N who="1" m="49195" /><E109/><V82/><F112/><W95/><G95/><T11/><D134/><U113/><E113/><V67/><F28/><W29/><G47/><T101/><D127/><U121/><E121/><V64/><F61/><W38/><G38/><T89/><D126/><U129/><E85/><V32/><F32/><W97/><G29/><T106/><D21/><U39/><E31/><V52/><F52/><W120/><G120/><T81/><D55/><U37/><E102/><V110/><F110/><W48/><G48/><T96/><D56/><U133/><E34/><V66/><N who="2" m="16384" /><DORA hai="68" /><V87/><F87/><N who="3" m="48623" /><G58/><T6/><D81/><AGARI ba="2,0" hai="24,26,27,73,74,75,81,82,116,117,118" m="16384" machi="81" ten="70,32000,5" yakuman="41" doraHai="100,68" who="2" fromWho="0" sc="190,-326,489,0,140,326,181,0" owari="-136,-64.0,489,59.0,466,27.0,181,-22.0" />
</Scene>
</mjloggm>