<mjloggm ver="2.3"><GO type="169"/><UN n0="%41%53%41%50%49%4E" n1="%77%61%66%75%2D" n2="%E3%83%8C%E3%83%A1%E3%83%AA%E3%83%83%E3%82%AF" n3="%E5%9F%BA%E7%A4%8E%E8%AB%96" dan="19,16,16,16" rate="2205,2090,2034,2126" sx="M,M,M,M"/><TAIKYOKU oya="0"/>

<Scene>
<INIT seed="0,0,0,4,1,84" ten="250,250,250,250" oya="0" hai0="25,22,117,38,98,92,64,100,124,21,46,27,1" hai1="90,111,14,82,2,57,47,51,70,72,37,45,3" hai2="26,54,12,13,16,63,41,105,49,101,132,77,95" hai3="107,11,68,88,55,79,126,93,112,109,119,121,7"/><T86/><D117/><U97/><E70/><V6/><F105/><W99/><G119/><T128/><D1/><U135/><E111/><V59/><F132/><W29/><G112/><T91/><D128/><U23/><E135/><V61/><F77/><W104/><G109/><T103/><D124/><U20/><E72/><V17/><F6/><W110/><G110/><T131/><D131/><U42/><E57/><V48/><F26/><W129/><G129/><T73/><D73/><U24/><E14/><N who="2" m="5739" /><F41/><W133/><G133/><T10/><D10/><U40/><E23/><V80/><F80/><W5/><G126/><T120/><D120/><U81/><E81/><V85/><F101/><W43/><G43/><T30/><D64/><U8/><E8/><V94/><F94/><W71/><G121/><T62/><D62/><N who="2" m="23562" /><F49/><W130/><G130/><T4/><D4/><U83/><E83/><V0/><F0/><W9/><G79/><T67/><D67/><U39/><E51/><V31/><F31/><W96/><G29/><T123/><D123/><U15/><E15/><V36/><F36/><W60/><G107/><T53/><D100/><U114/><E114/><V35/><F35/><W58/><G11/><T28/><D38/><U87/><REACH who="1" step="1"/><E97/><REACH who="1" ten="250,240,250,250" step="2"/><V65/><F65/><W127/><G127/><T113/><D113/><U122/><E122/><V89/><AGARI ba="0,1" hai="16,17,48,54,59,85,89,95" m="23562,5739" machi="89" ten="30,4000,0" yaku="8,1,52,1,54,1" doraHai="84" who="2" fromWho="2" sc="250,-20,240,-10,250,50,250,-10" />
</Scene>
<Scene>
<INIT seed="1,0,0,4,5,96" ten="230,230,300,240" oya="1" hai0="68,135,46,112,91,64,57,114,5,13,63,59,109" hai1="74,108,51,87,72,34,2,29,115,89,103,55,24" hai2="119,111,32,66,44,88,27,92,18,67,100,12,17" hai3="101,61,126,116,129,11,79,58,71,25,35,7,85"/><U37/><E115/><V128/><F119/><W16/><G116/><T9/><D109/><U39/><E2/><V49/><F111/><W75/><G126/><T131/><D131/><U105/><E108/><V81/><F128/><W80/><G129/><T82/><D135/><U4/><E4/><V102/><F81/><W30/><G71/><T41/><D59/><U38/><E89/><V43/><F32/><W98/><G75/><T127/><D127/><U19/><E19/><N who="2" m="7179" /><F12/><W40/><G40/><T117/><D117/><U3/><E87/><N who="2" m="52255" /><F27/><W76/><G76/><T132/><D132/><U133/><E133/><V120/><F120/><W107/><G16/><T134/><D134/><U36/><E3/><V53/><F53/><W48/><G48/><T26/><D26/><U1/><E1/><V47/><F47/><W95/><G107/><T113/><D91/><U69/><E69/><V54/><F54/><W15/><G61/><T130/><D130/><U70/><E70/><V121/><F121/><W10/><G10/><T50/><D82/><U23/><E34/><V52/><F43/><W42/><G42/><T93/><D68/><U73/><E105/><V122/><F122/><W83/><G83/><T60/><D60/><U45/><N who="1" m="9216" /><DORA hai="21" /><U94/><REACH who="1" step="1"/><E94/><REACH who="1" ten="230,220,300,240" step="2"/><V78/><F78/><W86/><G79/><T77/><D93/><U99/><E99/><V14/><F14/><W6/><G95/><T31/><D77/><U125/><E125/><V110/><F110/><W33/><G15/><T22/><D112/><U0/><E0/><V56/><F44/><W62/><G35/><RYUUKYOKU ba="0,1" sc="230,10,220,10,300,10,240,-30" hai0="5,9,13,22,31,41,46,50,57,63,64,113,114" hai1="23,24,29,45,51,55,72,73,74,103" hai2="49,52,56,66,67,100,102" />
</Scene>
<Scene>
<INIT seed="1,1,1,1,2,91" ten="240,230,310,210" oya="1" hai0="127,33,115,67,76,125,73,18,58,61,85,62,53" hai1="45,50,134,43,89,21,2,26,44,99,16,59,107" hai2="7,24,30,68,19,86,98,25,6,64,57,10,105" hai3="17,122,32,94,72,71,119,100,56,83,128,65,103"/><U51/><E2/><V110/><F110/><W54/><G122/><T96/><D115/><U36/><E134/><V112/><F112/><W15/><G128/><T40/><D33/><U75/><E75/><V135/><F135/><W55/><G119/><T3/><D3/><U126/><E126/><V88/><F68/><W123/><G123/><T49/><D73/><U60/><E107/><V77/><F77/><W90/><G32/><T109/><D109/><U82/><E82/><V118/><F118/><W129/><G129/><T0/><D0/><U41/><E36/><V84/><F84/><W37/><G37/><T120/><D120/><U8/><E8/><V38/><F38/><W106/><G106/><T87/><D40/><U104/><E104/><V27/><F30/><W1/><G1/><T48/><D76/><U74/><E74/><V23/><F105/><W66/><G71/><T116/><D116/><U31/><E89/><V130/><F98/><W79/><G103/><T20/><D96/><U97/><E31/><V47/><F130/><W69/><G69/><N who="0" m="42223" /><D87/><U46/><E46/><V13/><F47/><W12/><G100/><T80/><D85/><U114/><E114/><V93/><F7/><W70/><G70/><T121/><D80/><U14/><E26/><V108/><F108/><W39/><G39/><T111/><D111/><U34/><E34/><V95/><F95/><W117/><G117/><T133/><D133/><U9/><E9/><V131/><F131/><W101/><G101/><T102/><D121/><U132/><E132/><V4/><F4/><W81/><G72/><RYUUKYOKU ba="1,1" sc="240,-15,230,15,310,15,210,-15" hai1="14,16,21,41,43,44,45,50,51,59,60,97,99" hai2="6,10,13,19,23,24,25,27,57,64,86,88,93" />
</Scene>
<Scene>
<INIT seed="1,2,1,0,0,109" ten="225,245,325,195" oya="1" hai0="54,23,59,51,83,75,29,62,41,114,121,19,125" hai1="21,94,52,86,5,22,50,32,105,97,101,35,12" hai2="78,122,91,6,135,39,128,73,30,85,63,82,106" hai3="28,89,127,134,38,11,71,70,113,31,68,42,7"/><U80/><E105/><V9/><F122/><W72/><G127/><T103/><D125/><U34/><E5/><V66/><F39/><W92/><G134/><T25/><D121/><U119/><E12/><V2/><F106/><W133/><G72/><T49/><D114/><U48/><E48/><V124/><F124/><W3/><G133/><T1/><D1/><U33/><N who="1" m="8192" /><DORA hai="90" /><U87/><E119/><V118/><F128/><W93/><G113/><T16/><D103/><U4/><E4/><V26/><F135/><W99/><REACH who="3" step="1"/><G93/><REACH who="3" ten="225,245,325,185" step="2"/><T81/><D75/><U84/><REACH who="1" step="1"/><E80/><REACH who="1" ten="225,235,325,185" step="2"/><V102/><F82/><W0/><G0/><T55/><D83/><U8/><E8/><V108/><F9/><W44/><AGARI ba="2,3" hai="3,7,11,28,31,38,42,44,68,70,71,89,92,99" machi="44" ten="40,5200,0" yaku="1,1,0,1,52,1,53,0" doraHai="109,90" doraHaiUra="132,47" who="3" fromWho="3" sc="225,-15,235,-28,325,-15,185,88" />
</Scene>
<Scene>
<INIT seed="2,0,0,5,3,40" ten="210,207,310,273" oya="2" hai0="93,15,7,86,16,108,131,52,31,9,127,58,56" hai1="12,11,47,128,46,99,48,104,8,71,2,119,32" hai2="45,100,118,101,28,79,3,25,54,27,116,80,114" hai3="73,123,92,34,66,125,76,24,74,20,78,97,96"/><V33/><F114/><W17/><G123/><T84/><D108/><U90/><E119/><V82/><F3/><W42/><G125/><T43/><D127/><U135/><E32/><V72/><F27/><W129/><G129/><T89/><D131/><U68/><E128/><V26/><F26/><W64/><G34/><T63/><D31/><U39/><E135/><V49/><REACH who="2" step="1"/><F82/><REACH who="2" ten="210,207,300,273" step="2"/><W130/><G130/><T23/><D43/><U110/><E2/><V77/><F77/><W29/><G78/><T134/><D134/><U113/><E113/><V75/><F75/><W85/><G74/><T105/><D105/><U59/><E110/><V60/><F60/><W5/><G73/><T95/><D95/><U51/><E104/><V0/><F0/><W1/><G42/><T81/><D81/><U65/><E12/><V21/><F21/><W98/><G92/><T53/><D23/><U67/><E39/><V69/><F69/><W70/><G70/><T38/><D38/><U41/><E68/><V120/><F120/><W122/><G122/><T117/><D117/><AGARI ba="0,1" hai="25,28,33,45,49,54,72,79,80,100,101,116,117,118" machi="117" ten="40,3900,0" yaku="1,1,52,1,53,0" doraHai="40" doraHaiUra="6" who="2" fromWho="0" sc="210,-39,207,0,300,49,273,0" />
</Scene>
<Scene>
<INIT seed="2,1,0,2,1,108" ten="171,207,349,273" oya="2" hai0="33,121,92,4,107,37,116,29,43,10,60,38,23" hai1="128,18,131,114,30,65,59,25,7,26,77,9,81" hai2="133,126,39,64,82,95,84,48,44,67,21,15,106" hai3="49,112,1,62,42,45,75,2,71,52,130,19,12"/><V97/><F106/><W28/><G130/><N who="1" m="49706" /><E65/><V57/><F133/><W50/><G75/><T54/><D107/><U11/><E59/><V129/><F129/><W32/><G71/><T98/><D121/><U96/><E96/><V34/><F34/><W61/><G32/><T66/><D33/><U70/><E70/><V8/><F21/><W102/><G28/><T47/><D116/><U51/><E51/><V13/><F39/><W94/><G2/><T87/><D87/><U31/><E18/><V0/><F57/><W68/><G1/><T124/><D124/><U122/><E122/><V41/><F0/><W101/><G68/><T69/><D54/><U123/><E123/><V22/><F126/><W58/><G112/><T36/><D10/><N who="1" m="3595" /><E7/><V27/><F97/><N who="3" m="59575" /><G102/><T105/><D4/><U53/><E53/><V125/><F125/><W111/><G111/><T119/><D119/><U76/><E76/><V135/><F67/><W40/><G40/><T117/><D117/><U118/><E118/><V5/><F64/><W85/><G85/><T90/><D105/><U24/><E114/><V14/><F84/><AGARI ba="1,0" hai="24,25,26,30,31,77,81,84" m="3595,49706" machi="84" ten="30,1000,0" yaku="19,1" doraHai="108" who="1" fromWho="2" sc="171,0,207,13,349,-13,273,0" />
</Scene>
<Scene>
<INIT seed="3,0,0,1,0,133" ten="171,220,336,273" oya="3" hai0="80,69,96,51,65,105,91,104,95,84,94,98,45" hai1="124,58,25,15,23,8,37,7,132,48,131,34,11" hai2="47,41,130,85,110,50,90,106,123,54,24,121,10" hai3="36,0,12,64,116,20,9,44,81,115,88,114,118"/><W78/><G64/><T79/><D65/><U17/><E37/><V117/><F117/><W107/><G107/><N who="0" m="41035" /><D45/><U122/><E48/><V28/><F106/><W67/><G67/><T49/><D49/><U61/><E61/><V76/><F76/><W100/><G116/><T32/><D51/><U87/><E58/><V120/><F110/><W72/><G118/><T35/><D35/><U52/><E87/><V125/><F130/><W53/><G0/><T31/><D31/><N who="1" m="19823" /><E52/><V46/><F10/><W55/><G36/><T86/><D32/><U74/><E74/><V89/><F85/><W82/><G44/><T4/><D4/><N who="1" m="3463" /><E131/><V66/><F66/><W70/><G70/><T40/><D40/><U16/><E122/><V102/><F102/><W77/><G100/><N who="0" m="60439" /><D69/><U30/><E132/><V111/><F47/><W14/><G55/><T101/><D101/><U43/><E124/><V57/><F125/><W27/><G53/><T56/><D56/><U99/><E99/><AGARI ba="0,0" hai="79,80,84,86,91,95,98,99" m="60439,41035" machi="99" ten="30,8000,1" yaku="35,5" doraHai="133" who="0" fromWho="1" sc="171,80,220,-80,336,0,273,0" />
</Scene>
<Scene>
<INIT seed="4,0,0,2,4,41" ten="251,140,336,273" oya="0" hai0="42,27,81,55,85,68,3,110,59,24,23,62,104" hai1="54,44,125,135,61,10,7,57,96,122,88,36,83" hai2="120,51,5,115,25,111,45,64,31,29,73,132,91" hai3="69,116,35,9,26,82,63,129,95,39,103,126,18"/><T78/><D110/><U49/><E122/><V123/><F73/><W47/><G116/><T92/><D104/><U14/><E135/><V87/><F111/><W89/><G126/><T40/><D3/><U124/><E36/><V94/><F132/><W2/><G129/><T131/><D131/><U21/><E21/><V121/><F115/><W17/><G103/><T76/><D68/><U113/><E113/><V127/><F127/><W48/><G39/><T117/><D117/><U1/><E1/><V65/><F5/><W4/><G82/><T107/><D107/><U37/><E37/><V52/><REACH who="2" step="1"/><F31/><REACH who="2" ten="251,140,326,273" step="2"/><W16/><G4/><T67/><D76/><U13/><E13/><V43/><F43/><W128/><G2/><T130/><D130/><U106/><E106/><V97/><F97/><W72/><G72/><T66/><D42/><U93/><REACH who="1" step="1"/><E83/><REACH who="1" ten="251,130,326,273" step="2"/><V133/><F133/><W100/><G128/><T22/><D81/><U114/><E114/><V0/><F0/><W28/><G28/><T101/><D27/><U118/><E118/><V90/><F90/><W86/><G26/><T70/><D24/><U8/><E8/><V119/><F119/><W74/><G9/><T33/><D22/><AGARI ba="0,2" hai="22,25,29,45,51,52,64,65,87,91,94,120,121,123" machi="22" ten="40,8000,1" yaku="1,1,52,1,54,1,53,1" doraHai="41" doraHaiUra="19" who="2" fromWho="0" sc="251,-80,130,0,326,100,273,0" />
</Scene>
<Scene>
<INIT seed="5,0,0,1,1,105" ten="171,130,426,273" oya="1" hai0="37,77,106,38,7,63,107,120,41,31,79,115,103" hai1="102,32,50,82,6,76,123,29,135,92,98,5,122" hai2="28,66,0,110,54,45,4,111,3,58,119,118,56" hai3="116,85,86,10,11,48,52,78,24,18,57,124,26"/><U95/><E135/><V72/><F72/><W64/><G124/><T70/><D115/><U51/><E32/><V91/><F28/><W60/><G116/><T42/><D120/><U83/><E29/><V113/><F113/><W101/><G101/><T33/><D7/><U39/><E39/><V19/><F66/><W133/><G133/><T84/><D84/><U126/><E126/><V49/><F4/><W22/><G26/><N who="0" m="18679" /><D42/><U74/><E102/><V25/><F91/><W69/><G86/><T94/><D94/><U129/><E76/><N who="0" m="29257" /><D41/><U128/><REACH who="1" step="1"/><E98/><REACH who="1" ten="171,120,426,273" step="2"/><V20/><F119/><W1/><G78/><T47/><D37/><U44/><E44/><V130/><F45/><W97/><G97/><N who="0" m="61807" /><D47/><U117/><E117/><V81/><F118/><W104/><G85/><T30/><D30/><U16/><E16/><V12/><F19/><W96/><G96/><T67/><D38/><U132/><E132/><V125/><F125/><W112/><G112/><T68/><D107/><U134/><E134/><V59/><F110/><W75/><G104/><T14/><D68/><U93/><E93/><V109/><F109/><W88/><G69/><T2/><D2/><U61/><E61/><V114/><F114/><W80/><G1/><T35/><D35/><U9/><E9/><V87/><F111/><W40/><G10/><T89/><D89/><U127/><E127/><V62/><F3/><W15/><G88/><T108/><D108/><U90/><E90/><V73/><F0/><W65/><G11/><T13/><AGARI ba="0,1" hai="13,14,63,67,70" m="61807,29257,18679" machi="13" ten="30,1100,0" yaku="25,1" doraHai="105" who="0" fromWho="0" sc="171,21,120,-5,426,-3,273,-3" />
</Scene>
<Scene>
<INIT seed="6,0,0,4,4,57" ten="192,115,423,270" oya="2" hai0="36,129,2,38,108,29,5,86,50,104,96,67,119" hai1="45,80,92,109,103,84,91,76,77,121,12,93,27" hai2="105,13,49,28,60,95,82,134,125,56,111,8,73" hai3="99,47,26,117,118,14,114,51,101,23,3,25,123"/><V128/><F105/><W124/><G123/><T43/><D108/><U94/><E27/><V102/><F111/><W22/><G3/><T69/><D129/><U64/><E64/><V66/><F128/><W35/><G124/><T16/><D119/><U65/><E65/><V4/><F125/><W33/><G114/><T42/><D86/><U41/><E12/><V44/><F134/><W30/><G14/><T63/><D29/><U72/><E109/><V53/><F28/><W90/><G90/><T24/><D50/><U10/><E10/><V127/><F127/><W40/><G35/><T106/><D42/><U61/><E61/><V37/><F37/><W110/><G110/><T6/><D6/><U120/><E45/><V9/><F9/><W0/><G0/><T20/><D96/><N who="1" m="59799" /><E41/><V126/><F126/><W11/><G11/><N who="0" m="2487" /><D43/><U130/><E130/><V83/><F73/><W85/><G33/><T18/><D18/><U19/><E19/><V32/><F32/><W122/><G30/><T7/><D7/><U34/><E34/><V81/><F4/><W70/><G22/><T112/><D112/><U31/><E31/><V54/><F8/><W46/><G23/><T133/><D133/><U62/><E62/><V17/><F17/><W132/><G132/><T87/><D38/><U107/><E107/><N who="0" m="41001" /><D36/><U15/><E15/><V58/><F13/><W48/><G26/><T21/><D21/><U71/><E71/><V78/><F60/><W55/><G25/><T98/><D69/><U115/><E115/><V97/><F44/><W59/><G70/><T88/><D67/><RYUUKYOKU ba="0,0" sc="192,0,115,0,423,0,270,0" />
</Scene>
<Scene>
<INIT seed="7,1,0,3,1,45" ten="192,115,423,270" oya="3" hai0="39,12,84,64,52,123,86,120,82,131,129,35,97" hai1="83,31,25,62,24,41,49,13,108,126,15,106,80" hai2="89,68,11,48,85,132,74,10,30,100,110,105,54" hai3="70,72,124,127,14,29,135,20,96,57,107,21,33"/><W76/><G70/><T55/><D35/><U17/><E108/><V121/><F74/><W28/><G72/><T43/><D64/><U9/><E106/><V44/><F68/><W133/><G76/><T102/><D12/><U95/><E126/><N who="3" m="48170" /><G96/><T7/><D7/><U79/><E62/><V117/><F110/><W103/><G103/><T23/><D23/><N who="3" m="8777" /><G57/><T46/><D123/><U53/><E15/><V63/><F100/><W4/><G107/><N who="0" m="63951" /><D86/><U5/><E5/><V93/><F105/><W67/><G67/><T73/><D73/><U114/><E114/><V56/><F121/><W50/><G50/><N who="0" m="26975" /><D120/><U98/><E41/><V42/><F117/><W118/><G118/><T6/><D6/><U16/><E17/><V3/><F30/><N who="3" m="11883" /><G33/><T112/><D112/><U109/><E31/><V19/><F56/><W134/><G14/><T59/><D59/><N who="1" m="33199" /><E109/><V92/><F42/><W36/><G4/><T0/><D55/><U1/><E1/><V69/><F3/><W122/><G122/><T90/><D0/><U27/><E79/><V34/><F34/><W8/><G36/><T61/><D39/><U51/><E51/><V87/><F69/><W22/><G22/><T38/><D38/><U125/><E125/><V81/><F48/><W94/><G94/><T2/><D2/><U75/><E75/><V32/><F93/><W58/><G58/><T101/><D101/><AGARI ba="1,0" hai="9,13,16,24,25,27,80,83,95,98,101" m="33199" machi="101" ten="30,3900,0" yaku="8,1,52,1,54,1" doraHai="45" who="1" fromWho="0" sc="192,-42,115,42,423,0,270,0" owari="150,-35.0,157,-24.0,423,52.0,270,7.0" />
</Scene>
</mjloggm>