<mjloggm ver="2.3"><GO type="169" lobby="0"/><UN n0="%E3%83%90%E3%83%AB%E3%81%B0%E3%82%8B" n1="%E3%83%91%E3%83%94%E3%82%A3%E3%82%AA%52" n2="%E3%82%B2%E3%82%AA%E3%83%AB%E3%82%B2%E3%83%8F%E3%82%B8%39%34" n3="%41%53%41%50%49%4E" dan="16,16,16,19" rate="2022.64,2059.39,2008.21,2266.17" sx="M,M,M,M"/><TAIKYOKU oya="0"/>

<Scene>
<INIT seed="0,0,0,2,2,135" ten="250,250,250,250" oya="0" hai0="79,129,121,100,127,78,13,49,7,24,119,128,52" hai1="45,101,15,20,50,44,89,130,107,85,60,117,11" hai2="74,23,133,37,12,125,65,108,6,81,19,77,96" hai3="75,116,47,51,94,3,36,112,70,105,25,30,99"/><T62/><D119/><U98/><E117/><V32/><F32/><W64/><G116/><T118/><D118/><U33/><E130/><N who="0" m="50281" /><D121/><U109/><E33/><V83/><F37/><W67/><G112/><T8/><D127/><U106/><E106/><V28/><F28/><W1/><G75/><T40/><D100/><U93/><E109/><V123/><F123/><W134/><G134/><T61/><D24/><U86/><E20/><V88/><F133/><W14/><G36/><T18/><D18/><U120/><E120/><V91/><F108/><W110/><G105/><T39/><D39/><U68/><E86/><V122/><F122/><W34/><G110/><T27/><D27/><U10/><E10/><V21/><F6/><W46/><G14/><T113/><D113/><U53/><E45/><V17/><F125/><W31/><G47/><N who="0" m="27711" /><D40/><U48/><E48/><V5/><F5/><W104/><G104/><T69/><D69/><U22/><E22/><V92/><F65/><W97/><G31/><T126/><D126/><U59/><E68/><V73/><F73/><W9/><G67/><T103/><D103/><U38/><E38/><V35/><F35/><W58/><G70/><T4/><D4/><U131/><E131/><V56/><F19/><W90/><G64/><T54/><D54/><U71/><E71/><V41/><F41/><N who="3" m="25039" /><G58/><T76/><AGARI ba="0,0" hai="7,8,13,61,62,76,78,79" m="27711,50281" machi="76" ten="30,3000,0" yaku="19,1,54,1" doraHai="135" who="0" fromWho="0" sc="250,30,250,-10,250,-10,250,-10" />
</Scene>
<Scene>
<INIT seed="0,1,0,0,0,34" ten="280,240,240,240" oya="0" hai0="9,58,57,121,5,43,103,129,102,94,22,135,118" hai1="132,23,122,12,97,54,73,0,35,20,17,8,11" hai2="120,115,82,53,66,106,89,37,76,27,71,131,105" hai3="65,50,16,49,70,81,87,99,74,85,78,111,68"/><T64/><D129/><U33/><E73/><V72/><F131/><W62/><G111/><T44/><D121/><U48/><E97/><V46/><F120/><W45/><G68/><T110/><D118/><U2/><E122/><V38/><F38/><W92/><G50/><T100/><D135/><U84/><E132/><V26/><F115/><W19/><G85/><T28/><D110/><U21/><E84/><V101/><F89/><W133/><G74/><T126/><D126/><U83/><E83/><V80/><F80/><W75/><G75/><T98/><D64/><U1/><REACH who="1" step="1"/><E11/><REACH who="1" ten="280,230,240,240" step="2"/><V4/><F82/><W3/><G133/><T30/><D98/><U119/><E119/><V52/><F72/><W127/><G127/><T63/><D94/><U104/><E104/><V10/><F105/><W128/><G128/><T15/><D63/><U124/><E124/><V130/><F106/><W93/><G93/><T41/><D41/><U86/><E86/><V42/><F130/><W55/><REACH who="3" step="1"/><G3/><REACH who="3" ten="280,230,240,230" step="2"/><T108/><D108/><U123/><E123/><V14/><F76/><W36/><G36/><T59/><REACH who="0" step="1"/><D22/><REACH who="0" ten="270,230,240,230" step="2"/><U32/><E32/><V113/><F10/><W134/><G134/><T95/><D95/><U69/><E69/><V117/><F71/><W60/><G60/><T24/><D24/><U6/><E6/><V88/><F27/><W112/><G112/><T90/><D90/><AGARI ba="1,3" hai="16,19,45,49,55,62,65,70,78,81,87,90,92,99" machi="90" ten="30,7700,0" yaku="1,1,7,1,54,1,53,1" doraHai="34" doraHaiUra="77" who="3" fromWho="0" sc="270,-80,230,0,240,0,230,110" />
</Scene>
<Scene>
<INIT seed="1,0,0,3,0,15" ten="190,230,240,340" oya="1" hai0="66,105,74,117,1,100,37,28,118,21,58,84,82" hai1="26,22,122,133,99,119,13,29,3,89,10,47,90" hai2="33,76,42,50,60,57,43,61,114,41,30,63,81" hai3="106,98,83,113,75,94,69,8,45,125,25,123,5"/><U85/><E122/><V32/><F114/><W36/><G123/><T109/><D1/><U67/><E119/><V48/><F32/><W116/><G113/><T104/><D37/><U126/><E126/><V53/><F33/><W129/><G125/><T24/><D74/><U87/><E133/><V46/><F30/><W40/><G129/><T35/><D109/><U77/><E67/><N who="2" m="39311" /><F81/><W39/><G116/><T70/><D58/><U107/><E3/><V59/><F76/><W132/><G132/><T68/><D105/><U20/><E107/><V101/><F101/><W7/><G69/><T127/><D127/><U18/><E77/><V115/><F115/><W121/><G106/><T112/><D112/><U64/><E64/><V124/><F124/><W79/><G121/><T135/><D135/><U62/><E62/><AGARI ba="0,0" hai="41,42,43,46,48,50,53,59,61,62,63" m="39311" machi="62" ten="30,12000,2" yaku="8,1,35,5" doraHai="15" who="2" fromWho="1" sc="190,0,230,-120,240,120,340,0" />
</Scene>
<Scene>
<INIT seed="2,0,0,3,4,131" ten="190,110,360,340" oya="2" hai0="54,71,32,3,19,7,27,126,35,10,65,72,49" hai1="132,125,28,113,128,37,96,42,59,88,47,33,43" hai2="119,26,87,18,36,34,51,9,15,41,73,13,104" hai3="14,111,30,93,103,116,45,101,86,24,112,133,98"/><V94/><F73/><W52/><G111/><T99/><D126/><U64/><E125/><V75/><F104/><W115/><G116/><T44/><D72/><U89/><E128/><V39/><F75/><W127/><G127/><T81/><D81/><U61/><E113/><N who="3" m="43594" /><G133/><T66/><D99/><U82/><E43/><V108/><F119/><W53/><G101/><T31/><D71/><U11/><E11/><V135/><F108/><W55/><G14/><T46/><D35/><U84/><E132/><V17/><F135/><W78/><G78/><T117/><D117/><U134/><E134/><V97/><F87/><W70/><G86/><T16/><REACH who="0" step="1"/><D46/><REACH who="0" ten="180,110,360,340" step="2"/><U56/><E33/><V29/><F97/><W92/><G70/><T106/><D106/><U21/><E59/><V120/><F34/><N who="3" m="20807" /><G45/><T40/><D40/><U74/><E74/><V67/><F41/><W129/><G129/><T90/><D90/><U105/><E105/><AGARI ba="0,1" hai="52,53,55,92,93,98,103,105" m="20807,43594" machi="105" ten="30,2000,0" yaku="11,1,54,1" doraHai="131" who="3" fromWho="1" sc="180,0,110,-20,360,0,340,30" />
</Scene>
<Scene>
<INIT seed="3,0,0,3,2,105" ten="180,90,360,370" oya="3" hai0="74,36,124,29,19,66,21,68,27,81,92,7,118" hai1="39,84,61,119,0,122,131,30,72,12,87,16,101" hai2="58,116,47,75,26,63,106,77,42,71,130,9,60" hai3="73,80,49,115,111,59,132,112,104,28,4,91,108"/><W52/><G104/><T114/><D124/><U17/><E0/><V24/><F106/><W1/><G132/><T113/><D118/><U57/><E122/><V45/><F116/><W54/><G28/><T18/><D7/><U120/><E119/><V40/><F130/><W85/><G4/><T67/><D92/><U2/><E2/><V11/><F77/><N who="3" m="44079" /><G54/><T78/><D36/><U97/><E120/><V23/><F58/><W35/><G35/><T46/><D46/><U123/><E131/><V48/><F48/><W15/><G15/><T95/><D95/><U83/><E39/><V128/><F23/><W88/><G1/><T70/><D67/><U14/><E30/><V125/><F71/><W135/><G135/><T22/><D29/><U3/><E3/><V5/><F5/><W89/><G85/><T134/><D134/><U98/><E98/><V53/><F53/><W129/><G129/><T37/><D37/><U107/><E123/><V41/><F41/><W56/><G56/><T102/><D102/><U86/><E14/><V126/><F128/><W133/><G133/><T100/><D100/><U69/><E69/><V109/><REACH who="2" step="1"/><F109/><AGARI ba="0,0" hai="49,52,59,88,89,91,108,109,111,112,115" m="44079" machi="109" ten="30,12000,1" yaku="14,1,10,1,52,1,54,2" doraHai="105" who="3" fromWho="2" sc="180,0,90,0,360,-120,370,120" />
</Scene>
<Scene>
<INIT seed="3,1,0,4,5,37" ten="180,90,240,490" oya="3" hai0="41,71,127,3,96,57,56,101,43,110,44,48,72" hai1="1,67,29,16,5,106,21,0,27,62,14,99,49" hai2="87,119,13,46,26,115,8,61,129,108,118,86,12" hai3="35,111,112,38,31,98,70,68,50,109,32,105,58"/><W36/><G112/><T60/><D127/><U77/><E77/><V42/><F115/><W133/><G58/><T113/><D110/><N who="3" m="41993" /><G50/><T128/><D128/><U83/><E83/><V103/><F108/><W69/><G133/><T74/><D113/><U85/><E85/><V117/><F103/><N who="3" m="62711" /><G31/><T78/><D71/><U34/><E49/><V126/><F126/><W82/><G82/><T89/><D3/><U114/><E114/><V80/><F129/><W53/><G53/><T45/><D89/><U91/><E5/><V20/><F61/><W51/><G51/><T88/><D78/><U79/><E79/><V65/><F65/><W15/><G15/><T132/><D57/><U66/><E66/><V4/><F13/><W125/><G125/><T52/><D101/><U134/><E134/><V11/><F11/><W73/><G73/><T6/><D132/><U39/><E39/><AGARI ba="1,0" hai="32,35,36,38,39,68,69,70" m="62711,41993" machi="39" ten="40,7700,0" yaku="14,1,10,1,23,1" doraHai="37" who="3" fromWho="1" sc="180,0,90,-80,240,0,490,80" />
</Scene>
<Scene>
<INIT seed="3,2,0,4,4,121" ten="180,10,240,570" oya="3" hai0="104,66,112,75,131,102,41,109,129,70,67,1,31" hai1="34,37,132,4,5,19,88,69,40,100,90,42,108" hai2="107,54,126,38,0,72,32,122,87,119,56,44,12" hai3="85,123,91,13,55,15,113,133,2,10,7,46,60"/><W97/><G123/><T80/><D31/><U110/><E34/><V22/><F72/><W51/><G113/><T14/><D41/><U93/><E69/><V61/><F32/><W11/><G133/><T111/><D112/><U24/><E132/><V17/><F0/><W83/><G10/><T116/><D14/><U21/><E100/><V115/><F107/><W35/><G35/><T64/><D70/><U101/><E101/><V68/><F115/><W81/><G97/><N who="0" m="61519" /><D1/><U47/><E42/><V106/><F106/><W57/><REACH who="3" step="1"/><G81/><REACH who="3" ten="180,10,240,560" step="2"/><T84/><D80/><U33/><E33/><V58/><F122/><W125/><G125/><T49/><D116/><U127/><E127/><V8/><F126/><W130/><G130/><N who="0" m="49675" /><D75/><U9/><E5/><V36/><F119/><W28/><G28/><T118/><D118/><U92/><E92/><V29/><F29/><W16/><G16/><T114/><D114/><U18/><E18/><V63/><F8/><W98/><G98/><T82/><D49/><U59/><E59/><V120/><F58/><W77/><G77/><AGARI ba="2,1" hai="64,66,67,77,82,84,109,111" m="49675,61519" machi="77" ten="30,3900,0" yaku="19,1,52,2" doraHai="121" who="0" fromWho="3" sc="180,55,10,0,240,0,560,-45" />
</Scene>
<Scene>
<INIT seed="4,0,0,5,5,53" ten="235,10,240,515" oya="0" hai0="15,32,112,89,12,91,67,86,10,115,128,61,110" hai1="130,30,80,35,102,94,84,18,65,7,16,114,133" hai2="107,82,45,47,48,59,55,62,69,17,123,88,25" hai3="50,79,127,71,66,46,98,56,108,104,87,60,70"/><T73/><D73/><U29/><E65/><V63/><F107/><W43/><G108/><T119/><D110/><U131/><E102/><V36/><F123/><W11/><G127/><T28/><D128/><N who="1" m="49195" /><E94/><V3/><F3/><W33/><G33/><T135/><D135/><U78/><E133/><V14/><F25/><W120/><G120/><T23/><D119/><U22/><E35/><V106/><F106/><W83/><G104/><T100/><D100/><U5/><E114/><N who="0" m="43561" /><D32/><U24/><E18/><V37/><F37/><W122/><G122/><T54/><D54/><U51/><E51/><N who="2" m="29183" /><F36/><W117/><G117/><T38/><D38/><U118/><E118/><V57/><F69/><W2/><G70/><T99/><D99/><U34/><E34/><V101/><F101/><W58/><G98/><T6/><D86/><U76/><E76/><V21/><F62/><W20/><G79/><T8/><D28/><AGARI ba="0,0" hai="5,7,16,22,24,28,29,30,78,80,84" m="49195" machi="28" ten="30,2000,0" yaku="19,1,54,1" doraHai="53" who="1" fromWho="0" sc="235,-20,10,20,240,0,515,0" />
</Scene>
<Scene>
<INIT seed="5,0,0,3,2,3" ten="215,30,240,515" oya="1" hai0="57,5,0,35,74,7,77,40,99,19,108,86,116" hai1="71,15,70,45,39,32,67,38,122,60,44,119,135" hai2="58,131,50,123,62,4,133,68,2,27,63,93,21" hai3="89,42,36,129,117,128,14,80,56,92,12,48,49"/><U22/><E32/><V87/><F123/><W96/><G117/><T25/><D0/><U41/><E122/><V111/><F111/><W8/><G14/><T126/><D108/><U78/><E119/><V51/><F68/><W127/><G127/><T130/><D74/><U31/><E78/><V61/><F133/><W11/><G11/><T97/><D35/><U18/><E135/><V6/><F2/><W113/><G113/><T132/><D126/><U134/><E134/><V118/><F118/><W98/><G56/><T84/><D116/><U91/><E31/><N who="2" m="17903" /><F131/><W101/><G36/><T16/><D130/><N who="3" m="50281" /><G42/><T33/><D33/><U115/><E115/><V20/><F20/><W79/><G79/><T13/><D40/><U34/><E34/><V125/><F125/><W10/><G10/><N who="0" m="6199" /><D57/><U59/><REACH who="1" step="1"/><E91/><REACH who="1" ten="215,20,240,515" step="2"/><N who="2" m="53503" /><F58/><W29/><G29/><T121/><D132/><U30/><E30/><V112/><F112/><W100/><G89/><T72/><D121/><U26/><E26/><V55/><F55/><W28/><G28/><T120/><D120/><U83/><E83/><V52/><F52/><W110/><G80/><T107/><D25/><U46/><E46/><V104/><F104/><N who="3" m="63495" /><G110/><T43/><D107/><U76/><E76/><V17/><F62/><W106/><G106/><T64/><D77/><U37/><E37/><V65/><F63/><W69/><G69/><T54/><D54/><U90/><E90/><V103/><F61/><W75/><G75/><T95/><D72/><U114/><E114/><V9/><F65/><W73/><G73/><T102/><D64/><U105/><E105/><RYUUKYOKU ba="0,1" sc="215,-15,20,15,240,-15,515,15" hai1="15,18,22,38,39,41,44,45,59,60,67,70,71" hai3="8,12,48,49,92,98,101" />
</Scene>
<Scene>
<INIT seed="5,1,1,2,5,67" ten="200,35,225,530" oya="1" hai0="39,74,113,13,104,64,36,97,31,4,11,98,47" hai1="43,49,59,65,85,15,48,29,84,58,18,45,34" hai2="17,53,90,55,40,50,57,129,7,81,66,24,38" hai3="108,10,26,87,62,56,83,133,95,135,131,94,28"/><U51/><E34/><V89/><F66/><W125/><G108/><T30/><D74/><U16/><E29/><V52/><F129/><W35/><G131/><T2/><D2/><U111/><E111/><V27/><F38/><W3/><G125/><T42/><D113/><U12/><E59/><V127/><F127/><W77/><G10/><T103/><D39/><U20/><E65/><V71/><F71/><W130/><G3/><T79/><D79/><U120/><E120/><V102/><F102/><W101/><G101/><T82/><D82/><U126/><E126/><V6/><F40/><W110/><G130/><T68/><REACH who="0" step="1"/><D98/><REACH who="0" ten="190,35,225,530" step="2"/><U134/><E134/><V46/><F81/><W5/><G83/><T60/><AGARI ba="1,2" hai="4,11,13,30,31,36,42,47,60,64,68,97,103,104" machi="60" ten="30,7900,0" yaku="1,1,2,1,0,1,52,1,53,0" doraHai="67" doraHaiUra="117" who="0" fromWho="0" sc="190,102,35,-40,225,-21,530,-21" owari="292,9.0,-5,-51.0,204,-20.0,509,62.0" />
</Scene>
</mjloggm>