<mjloggm ver="2.3"><GO type="169"/><UN n0="%E3%81%BE%E3%81%AA%E3%81%84%E3%81%9F%E3%82%88%E3%81%86%E3%81%98%E3%82%87" n1="%41%53%41%50%49%4E" n2="%E3%81%B1%E3%83%BC%E3%81%8D%E3%82%93%E3%81%99" n3="%E3%83%9F%E3%83%A9%E3%82%AF%E3%83%AB%E3%81%8A%E3%81%98%E3%81%95%E3%82%93" dan="16,18,16,16" rate="2134,2207,2058,2072" sx="M,M,M,M"/><TAIKYOKU oya="0"/>

<Scene>
<INIT seed="0,0,0,3,2,99" ten="250,250,250,250" oya="0" hai0="55,28,25,0,59,100,29,15,13,135,23,53,93" hai1="45,50,9,97,56,77,62,81,106,22,69,95,58" hai2="105,113,24,2,43,63,32,98,76,120,119,130,60" hai3="8,103,12,19,94,109,7,42,117,129,101,127,73"/><T111/><D0/><U79/><E106/><V132/><F120/><W10/><G117/><T83/><D135/><U89/><E69/><V80/><F119/><W18/><G73/><T88/><D28/><U131/><E131/><V72/><F113/><W66/><G129/><T114/><D114/><U90/><E9/><V34/><F130/><W74/><G74/><T49/><D111/><U84/><E22/><V41/><F2/><W121/><G109/><T1/><D1/><U68/><E68/><V104/><F104/><W26/><G121/><T115/><D115/><U107/><E107/><V31/><F34/><W67/><G127/><T20/><D20/><U110/><E110/><V33/><F33/><W128/><G128/><T14/><D55/><U35/><E35/><V91/><F132/><W102/><G42/><T52/><D53/><N who="1" m="29903" /><E56/><V85/><F43/><W96/><G26/><T54/><D54/><AGARI ba="0,0" hai="54,58,62,77,79,81,84,89,90,95,97" m="29903" machi="54" ten="30,1000,0" yaku="8,1" doraHai="99" who="1" fromWho="0" sc="250,-10,250,10,250,0,250,0" />
</Scene>
<Scene>
<INIT seed="1,0,0,5,2,23" ten="240,260,250,250" oya="1" hai0="93,86,19,108,76,61,57,22,11,77,54,39,99" hai1="40,92,34,95,116,119,84,71,106,126,83,88,74" hai2="67,70,58,102,117,103,32,25,16,98,113,69,44" hai3="68,38,24,2,125,104,30,65,18,20,3,50,26"/><U37/><E71/><V131/><F117/><W75/><G38/><T78/><D39/><U41/><E34/><V66/><F113/><W123/><G123/><T94/><D108/><U27/><E106/><V134/><F44/><W109/><G75/><T101/><D11/><U85/><E37/><V115/><F115/><W81/><G104/><T89/><REACH who="0" step="1"/><D77/><REACH who="0" ten="230,260,250,250" step="2"/><U105/><E116/><V90/><F134/><W124/><G109/><T73/><D73/><U82/><E119/><V46/><F131/><W33/><G124/><T55/><D55/><U128/><E74/><V72/><F72/><W7/><G125/><T135/><D135/><U51/><E126/><V80/><F67/><W60/><G7/><T114/><D114/><U87/><E128/><V47/><F66/><W97/><G2/><T52/><D52/><U110/><E110/><V118/><F118/><W96/><G3/><T31/><D31/><U13/><E41/><V62/><F70/><W112/><G112/><T91/><D91/><U122/><E88/><V107/><F69/><W45/><REACH who="3" step="1"/><G81/><REACH who="3" ten="230,260,250,240" step="2"/><T121/><D121/><U12/><E122/><V42/><F80/><W4/><G4/><T63/><D63/><U120/><E120/><V0/><F62/><W9/><G9/><T132/><D132/><U48/><E83/><V56/><F0/><W111/><G111/><T53/><D53/><AGARI ba="0,2" hai="18,20,24,26,30,33,45,50,53,60,65,68,96,97" machi="53" ten="30,8000,1" yaku="1,1,7,1,52,2,53,1" doraHai="23" doraHaiUra="14" who="3" fromWho="0" sc="230,-80,260,0,250,0,240,100" />
</Scene>
<Scene>
<INIT seed="2,0,0,1,5,25" ten="150,260,250,340" oya="2" hai0="86,105,73,80,108,124,3,10,64,36,116,22,72" hai1="16,59,134,57,13,51,60,63,112,87,81,40,98" hai2="97,71,61,24,15,120,48,90,85,66,12,129,93" hai3="35,44,83,76,94,110,91,77,58,115,49,45,42"/><V37/><F120/><W8/><G110/><T31/><D64/><U79/><E112/><V26/><F37/><W109/><G109/><T53/><D53/><U39/><E39/><V55/><F129/><W1/><G115/><T135/><D36/><U121/><E121/><V74/><F74/><W101/><G101/><T68/><D68/><U14/><E134/><V47/><F97/><W104/><G104/><T70/><D70/><U89/><E14/><V54/><F55/><W117/><G117/><T43/><D43/><U75/><E98/><V34/><REACH who="2" step="1"/><F26/><REACH who="2" ten="150,260,240,340" step="2"/><W111/><G111/><T99/><D108/><U118/><E75/><V107/><F107/><W133/><G133/><T21/><D99/><U28/><E118/><V4/><F4/><W82/><G42/><T95/><D105/><U131/><E131/><V38/><F38/><W62/><G62/><T127/><D72/><U102/><E40/><V96/><F96/><W33/><G45/><T128/><D128/><U65/><E102/><V100/><F100/><W52/><G44/><T30/><D135/><U122/><E122/><V9/><F9/><W67/><G8/><T92/><D10/><N who="1" m="6199" /><E63/><V56/><F56/><W113/><G58/><T5/><D73/><U0/><E59/><V29/><AGARI ba="0,1" hai="12,15,24,29,34,47,48,54,61,66,71,85,90,93" machi="29" ten="30,11700,0" yaku="1,1,0,1,52,1,53,1" doraHai="25" doraHaiUra="50" who="2" fromWho="2" sc="150,-39,260,-39,240,127,340,-39" />
</Scene>
<Scene>
<INIT seed="2,1,0,0,3,0" ten="111,221,367,301" oya="2" hai0="94,133,64,33,39,95,48,122,25,101,97,8,89" hai1="11,125,81,47,117,13,86,113,37,96,28,128,38" hai2="44,23,3,118,9,32,80,43,111,79,17,1,20" hai3="50,82,27,98,31,116,130,103,14,120,10,52,66"/><V65/><F118/><W46/><G116/><T40/><D39/><U102/><E117/><V63/><F32/><W18/><G120/><T26/><D122/><U56/><E113/><V12/><F111/><W35/><G130/><T131/><D33/><U91/><E128/><V29/><F29/><W73/><G66/><T121/><D121/><U57/><E125/><V87/><F3/><W126/><G126/><T105/><D105/><U108/><E108/><V21/><F1/><W70/><G70/><T67/><D8/><U90/><E90/><V42/><REACH who="2" step="1"/><F44/><REACH who="2" ten="111,221,357,301" step="2"/><W77/><G35/><T53/><D131/><U15/><E28/><V54/><F54/><W62/><G31/><T75/><D53/><U34/><E34/><V68/><AGARI ba="1,1" hai="9,12,17,20,21,23,42,43,63,65,68,79,80,87" machi="68" ten="30,3000,0" yaku="1,1,0,1,53,0" doraHai="0" doraHaiUra="100" who="2" fromWho="2" sc="111,-11,221,-11,357,43,301,-11" />
</Scene>
<Scene>
<INIT seed="2,2,0,5,1,13" ten="100,210,400,290" oya="2" hai0="89,71,4,22,94,44,117,47,132,72,67,126,105" hai1="66,29,124,110,98,41,80,122,42,18,6,103,57" hai2="31,14,43,116,35,109,12,93,131,59,106,128,24" hai3="21,52,111,23,102,74,83,10,107,76,104,108,36"/><V95/><F116/><W27/><G36/><T17/><D105/><U96/><E110/><V99/><F109/><W20/><G27/><T130/><D72/><U37/><E124/><V114/><F114/><W73/><G74/><T54/><D4/><U97/><E122/><V2/><F2/><W46/><G102/><T123/><D123/><U5/><E103/><N who="2" m="62847" /><F43/><W85/><G73/><T129/><D126/><U28/><E80/><V7/><F59/><W75/><G75/><T77/><D132/><U30/><E37/><V53/><F53/><W135/><G135/><T9/><D77/><U119/><E119/><V50/><F50/><W127/><G127/><T113/><D9/><U92/><E92/><N who="2" m="35403" /><F7/><N who="1" m="2569" /><E57/><V51/><F51/><W32/><G108/><T69/><D113/><U19/><E66/><V79/><F79/><W100/><G76/><T38/><D67/><U118/><E118/><V134/><F134/><W88/><G111/><T15/><D117/><U0/><E0/><V55/><F55/><W1/><G32/><T82/><D54/><U115/><E115/><V78/><F78/><W65/><G65/><T16/><D69/><U87/><E87/><V64/><F64/><W61/><G100/><T56/><D71/><U70/><E70/><V25/><F25/><W101/><G101/><T3/><D56/><U60/><E60/><V40/><F40/><AGARI ba="2,0" hai="18,19,28,29,30,40,41,42,96,97,98" m="2569" machi="40" ten="40,8000,1" yaku="28,2,8,1,52,2" doraHai="13" who="1" fromWho="2" sc="100,0,210,86,400,-86,290,0" />
</Scene>
<Scene>
<INIT seed="3,0,0,1,2,71" ten="100,296,314,290" oya="3" hai0="134,81,82,18,70,28,80,132,64,87,125,26,21" hai1="52,68,20,121,59,119,90,19,29,57,17,85,105" hai2="0,79,127,58,2,76,103,116,93,107,4,25,32" hai3="24,101,11,7,65,41,67,84,131,44,33,37,30"/><W6/><G131/><T63/><D125/><U108/><E121/><V53/><F116/><W12/><G101/><T97/><D97/><U10/><E68/><V55/><F107/><W104/><G104/><T54/><D54/><U36/><E105/><V62/><F127/><W61/><G84/><T69/><D69/><U16/><E119/><V124/><F124/><W102/><G102/><T46/><D46/><U3/><E108/><V73/><F4/><W118/><G118/><T89/><REACH who="0" step="1"/><D28/><REACH who="0" ten="90,296,314,290" step="2"/><U109/><E29/><N who="2" m="19503" /><F53/><W99/><G99/><T39/><D39/><U43/><E36/><V15/><F55/><W129/><G129/><T106/><D106/><U130/><E130/><V9/><F58/><W110/><G110/><T122/><D122/><U31/><E109/><V77/><F62/><W74/><G74/><T92/><AGARI ba="0,1" hai="18,21,26,63,64,70,80,81,82,87,89,92,132,134" machi="92" ten="30,4000,0" yaku="1,1,0,1,53,1" doraHai="71" doraHaiUra="91" who="0" fromWho="0" sc="90,50,296,-10,314,-10,290,-20" />
</Scene>
<Scene>
<INIT seed="4,0,0,4,0,19" ten="140,286,304,270" oya="0" hai0="130,132,115,37,102,40,127,117,52,79,111,53,32" hai1="65,91,18,70,59,133,62,21,96,88,28,27,135" hai2="35,114,12,7,120,39,124,24,108,97,60,48,16" hai3="76,33,113,66,86,118,22,75,34,105,41,107,95"/><T83/><D83/><U73/><E73/><V31/><F120/><W26/><G118/><T93/><D79/><U36/><E36/><V116/><F39/><W90/><G113/><T68/><D93/><U1/><E1/><V110/><F114/><W89/><G41/><T49/><D102/><U81/><E81/><V82/><F116/><W13/><G66/><T5/><D5/><U123/><E123/><V56/><F124/><W42/><G42/><T44/><D32/><U63/><E28/><V128/><F128/><W58/><G58/><T61/><D117/><U74/><E74/><V101/><F48/><W78/><G75/><T72/><D72/><U17/><E17/><V25/><F25/><W106/><G13/><T50/><D115/><U30/><E30/><V51/><F51/><N who="0" m="19466" /><D130/><U69/><E69/><V103/><F7/><W0/><G0/><T134/><D127/><U46/><E46/><V99/><F82/><W38/><G38/><T57/><D68/><U3/><E3/><V2/><F2/><W104/><G105/><T4/><D4/><U11/><E11/><V8/><F103/><W10/><G10/><T80/><D80/><U29/><E29/><V15/><F15/><W87/><G34/><T109/><D53/><N who="1" m="34159" /><E91/><V85/><F101/><W14/><G33/><T77/><D77/><U121/><E121/><V71/><F71/><W23/><G14/><T67/><D67/><U9/><E9/><V131/><F131/><W45/><G89/><T98/><D98/><U129/><E129/><V64/><F85/><W54/><G87/><T47/><D47/><RYUUKYOKU ba="0,0" sc="140,10,286,10,304,10,270,-30" hai0="37,40,44,52,57,61,109,111,132,134" hai1="18,21,27,63,65,70,88,96,133,135" hai2="8,12,16,24,31,35,56,60,64,97,99,108,110" />
</Scene>
<Scene>
<INIT seed="4,1,0,2,0,13" ten="150,296,314,240" oya="0" hai0="78,38,115,25,132,36,122,37,91,42,82,74,128" hai1="62,26,102,104,39,11,98,66,69,41,73,40,47" hai2="32,10,19,51,60,63,79,100,44,116,72,12,55" hai3="120,2,83,94,93,65,68,97,49,135,15,103,9"/><T31/><D122/><U45/><E11/><V114/><F32/><W75/><G2/><T121/><D121/><U113/><E26/><V101/><F116/><W3/><G3/><T20/><D42/><U130/><E113/><V28/><F114/><W8/><G120/><T57/><D115/><U85/><E85/><V50/><F28/><W86/><G135/><T58/><D132/><U29/><E29/><V22/><F79/><W90/><G68/><T7/><D7/><U33/><E130/><V30/><F72/><W43/><G65/><T129/><REACH who="0" step="1"/><D91/><REACH who="0" ten="140,296,314,240" step="2"/><U92/><E41/><N who="2" m="24847" /><F100/><W35/><G103/><T118/><D118/><U59/><E40/><V117/><F101/><W108/><G90/><T99/><D99/><U48/><E98/><V70/><F117/><W126/><G97/><T107/><D107/><U5/><E102/><V87/><F87/><W77/><G86/><T80/><D80/><U21/><E104/><V27/><F70/><W127/><G83/><T67/><D67/><U96/><E66/><V89/><F89/><W123/><G43/><T81/><D81/><U56/><E96/><V4/><F4/><W23/><G123/><T34/><D34/><U6/><E33/><V133/><F133/><W0/><G35/><T131/><AGARI ba="1,1" hai="20,25,31,36,37,38,57,58,74,78,82,128,129,131" machi="131" ten="40,7800,0" yaku="1,1,0,1,19,1,53,0" doraHai="13" doraHaiUra="61" who="0" fromWho="0" sc="140,91,296,-27,314,-27,240,-27" />
</Scene>
<Scene>
<INIT seed="4,2,0,2,0,72" ten="231,269,287,213" oya="0" hai0="21,55,31,15,110,108,59,101,102,63,114,16,62" hai1="48,118,33,119,69,45,133,87,68,30,10,81,14" hai2="93,112,111,90,39,123,52,42,122,25,36,61,80" hai3="121,117,19,11,131,84,27,58,0,88,3,115,34"/><T47/><D31/><U91/><E133/><V73/><F111/><N who="0" m="42538" /><D47/><U100/><E100/><N who="0" m="38505" /><D114/><U128/><E128/><V64/><F112/><W49/><G131/><T2/><D2/><U130/><E130/><V8/><F42/><W124/><G0/><T46/><D46/><U129/><E129/><V12/><F39/><W75/><G3/><T28/><D28/><U1/><E1/><V50/><F36/><W71/><G71/><T86/><D86/><U120/><E120/><V92/><F123/><W56/><G84/><T76/><D63/><U37/><E37/><V38/><F38/><W78/><G121/><T126/><D126/><U109/><E109/><V54/><F122/><W104/><G124/><T107/><D107/><U7/><E30/><V24/><F73/><W134/><G104/><T4/><D4/><U95/><E33/><V51/><F61/><W5/><G34/><T40/><D40/><U17/><E7/><V97/><F97/><W83/><G115/><T89/><D89/><N who="1" m="51439" /><E69/><V22/><F90/><W70/><G88/><T43/><D43/><U23/><E68/><V65/><F80/><W105/><G83/><T127/><D127/><U18/><E18/><V57/><F57/><W53/><G58/><T20/><D20/><U9/><E23/><V77/><F22/><W82/><G56/><T125/><D125/><U35/><E35/><V29/><F29/><W85/><G70/><T32/><D32/><U26/><E26/><V135/><F8/><W41/><G11/><T67/><D67/><U13/><E9/><V74/><F64/><W132/><G27/><RYUUKYOKU ba="2,0" sc="231,30,269,-10,287,-10,213,-10" hai0="15,16,21,55,59,62,76" />
</Scene>
<Scene>
<INIT seed="4,3,0,2,4,89" ten="261,259,277,203" oya="0" hai0="27,45,48,18,104,106,22,35,16,91,14,65,67" hai1="124,7,129,43,84,20,107,53,4,55,83,51,11" hai2="34,6,97,120,82,60,0,126,102,85,87,125,36" hai3="114,90,108,57,61,111,105,41,134,37,131,56,10"/><T30/><D18/><U100/><E107/><V44/><F120/><W99/><G114/><T135/><D135/><U49/><E100/><V74/><F34/><W109/><G134/><T13/><D13/><U33/><E33/><V121/><F121/><W32/><G32/><T127/><D127/><N who="2" m="48650" /><F60/><W110/><G108/><T52/><D104/><U5/><E129/><V66/><F66/><W118/><G118/><T50/><D106/><U28/><E124/><V3/><F74/><W112/><G112/><T73/><D73/><U80/><E11/><N who="2" m="2503" /><F3/><W8/><G131/><T1/><D1/><U94/><E43/><N who="2" m="22631" /><F82/><W122/><G122/><T92/><D48/><U23/><E80/><V64/><F64/><W2/><G110/><T133/><D133/><U12/><E83/><V25/><F25/><W24/><G24/><T39/><D39/><U70/><E70/><V19/><F19/><W75/><G37/><T77/><D77/><U96/><E12/><V38/><F38/><W132/><G75/><T58/><D45/><N who="1" m="27823" /><E28/><V128/><F128/><W47/><G132/><T26/><D26/><U79/><E79/><V72/><F72/><W15/><G109/><T103/><D103/><N who="1" m="60823" /><E84/><AGARI ba="3,0" hai="14,16,22,27,30,35,50,52,58,65,67,84,91,92" machi="84" ten="30,18000,2" yaku="7,1,25,2,52,1,54,2" doraHai="89" who="0" fromWho="1" sc="261,189,259,-189,277,0,203,0" />
</Scene>
<Scene>
<INIT seed="4,4,0,4,2,20" ten="450,70,277,203" oya="0" hai0="109,8,64,25,29,39,19,94,38,115,45,75,111" hai1="83,46,47,65,113,132,86,124,76,0,41,52,24" hai2="93,130,102,119,60,78,49,103,9,4,13,96,121" hai3="84,7,97,71,80,55,122,35,101,85,120,74,100"/><T23/><D75/><U56/><E0/><V42/><F121/><W31/><G74/><T15/><D64/><U79/><E132/><V27/><F119/><W89/><G71/><T14/><D115/><U62/><E113/><V116/><F116/><W1/><G7/><T34/><D94/><U36/><E124/><V61/><F130/><W32/><G1/><T114/><D114/><U69/><E46/><V6/><F78/><W88/><G55/><T127/><D127/><U123/><E123/><V10/><F103/><W110/><G110/><N who="0" m="41995" /><D45/><U40/><E40/><V108/><F108/><W11/><G11/><T57/><D57/><U66/><E66/><V87/><F87/><W68/><G68/><T90/><D90/><U106/><E106/><V16/><F49/><W118/><G118/><T134/><D134/><U72/><E72/><V73/><F42/><W77/><G77/><T48/><D48/><U129/><E129/><V12/><F73/><W82/><G31/><T67/><D67/><U99/><E99/><AGARI ba="4,0" hai="32,35,80,82,84,85,88,89,97,99,100,101,120,122" machi="99" ten="25,3200,0" yaku="22,2,54,1" doraHai="20" who="3" fromWho="1" sc="450,0,70,-44,277,0,203,44" />
</Scene>
<Scene>
<INIT seed="5,0,0,2,0,36" ten="450,26,277,247" oya="1" hai0="8,134,6,124,18,85,63,84,82,39,121,129,118" hai1="67,128,60,117,72,14,73,103,92,50,61,75,9" hai2="66,27,2,40,13,12,16,127,15,59,97,122,11" hai3="64,96,78,116,95,86,131,71,114,79,26,100,45"/><U10/><E117/><V22/><F122/><W0/><G0/><T28/><D39/><U52/><E128/><V69/><F69/><W91/><G131/><T54/><D18/><U135/><E135/><V1/><F127/><W19/><G116/><T41/><D28/><U126/><E126/><V120/><F120/><W25/><G114/><T62/><D85/><U104/><E104/><V76/><F76/><W29/><G19/><T89/><D84/><U98/><E67/><V55/><F66/><W93/><G26/><T70/><D6/><U46/><REACH who="1" step="1"/><E10/><REACH who="1" ten="450,16,277,247" step="2"/><V3/><F11/><W77/><G64/><T49/><D8/><U115/><E115/><V65/><F65/><W125/><G125/><T5/><D124/><U23/><E23/><V20/><F20/><W17/><G71/><T34/><D70/><U81/><E81/><V113/><F113/><W43/><G93/><T123/><D129/><U42/><E42/><V7/><F40/><W33/><G43/><T68/><D41/><U99/><E99/><V106/><F97/><W105/><G105/><T130/><D134/><U90/><E90/><V58/><F106/><W4/><G91/><T32/><D89/><U119/><E119/><V56/><F7/><AGARI ba="0,1" hai="7,9,14,46,50,52,60,61,72,73,75,92,98,103" machi="7" ten="40,3900,0" yaku="1,1,54,1,53,0" doraHai="36" doraHaiUra="35" who="1" fromWho="2" sc="450,0,16,49,277,-39,247,0" />
</Scene>
<Scene>
<INIT seed="5,1,0,5,4,3" ten="450,65,238,247" oya="1" hai0="120,68,76,27,7,40,25,16,82,13,1,41,53" hai1="55,94,91,93,134,133,118,20,114,73,109,74,23" hai2="64,75,52,10,83,66,99,28,113,107,115,71,34" hai3="38,122,44,67,45,87,46,111,8,51,33,81,30"/><U37/><E37/><V77/><F10/><W54/><G122/><T78/><D68/><U14/><E118/><V103/><F52/><W79/><G111/><T59/><D1/><U5/><E109/><V126/><F126/><W11/><G67/><T18/><D7/><U22/><E114/><N who="2" m="43531" /><F71/><W36/><G33/><T65/><D65/><N who="2" m="25194" /><F28/><W62/><G62/><T102/><D41/><U97/><E55/><V26/><F26/><W29/><G38/><T57/><D40/><U24/><E24/><V72/><F34/><W60/><G60/><T104/><D27/><U125/><E125/><V108/><F108/><W42/><REACH who="3" step="1"/><G45/><REACH who="3" ten="450,65,238,237" step="2"/><T15/><D120/><U4/><E14/><V43/><F43/><W85/><G85/><AGARI ba="1,1" hai="72,75,77,83,85,99,103,107" m="25194,43531" machi="85" ten="30,2000,0" yaku="15,1,11,1" doraHai="3" who="2" fromWho="3" sc="450,0,65,0,238,33,237,-23" />
</Scene>
<Scene>
<INIT seed="6,0,0,4,4,25" ten="450,65,271,214" oya="2" hai0="98,127,103,73,53,57,70,19,121,2,59,106,16" hai1="120,68,0,9,116,132,63,41,10,30,92,102,31" hai2="118,80,82,51,87,81,20,101,109,52,90,23,8" hai3="4,24,104,33,40,100,107,66,26,62,12,22,15"/><V28/><F118/><W42/><G33/><T117/><D121/><U38/><E116/><V32/><F109/><W76/><G76/><T133/><D70/><U65/><E120/><V49/><F101/><W135/><G135/><T94/><D117/><U126/><E132/><V125/><F125/><W105/><G100/><T123/><D123/><U95/><E126/><V37/><F37/><W69/><G24/><T54/><D73/><U110/><E110/><V85/><F8/><W97/><G97/><T113/><D2/><U88/><E102/><V34/><F51/><W78/><G78/><T17/><D113/><U47/><E95/><V115/><F115/><W112/><G112/><T83/><D83/><U45/><E45/><V71/><F71/><W13/><REACH who="3" step="1"/><G4/><REACH who="3" ten="450,65,271,204" step="2"/><T79/><D79/><U134/><E134/><V11/><F34/><W6/><G6/><T3/><D133/><U99/><REACH who="1" step="1"/><E0/><REACH who="1" ten="450,55,271,204" step="2"/><V67/><F32/><W5/><G5/><T56/><D3/><U58/><E58/><V124/><F124/><W36/><G36/><T21/><D127/><U72/><E72/><V64/><F90/><W48/><G48/><T108/><D103/><U89/><E89/><V43/><F87/><W131/><G131/><T61/><D59/><U96/><E96/><V119/><F85/><W128/><G128/><T18/><D57/><U35/><E35/><V75/><F119/><W1/><G1/><T50/><D56/><U46/><E46/><V44/><F75/><W74/><G74/><T55/><N who="0" m="4096" /><DORA hai="114" /><T129/><D129/><U86/><E86/><V93/><F44/><RYUUKYOKU ba="0,2" sc="450,-15,55,15,271,-15,204,15" hai1="9,10,30,31,38,41,47,63,65,68,88,92,99" hai3="12,13,15,22,26,40,42,62,66,69,104,105,107" />
</Scene>
<Scene>
<INIT seed="7,1,2,3,5,37" ten="435,70,256,219" oya="3" hai0="2,75,14,125,124,67,98,38,69,43,110,102,46" hai1="122,29,41,56,89,128,74,91,0,63,13,66,61" hai2="108,88,105,19,104,18,97,9,3,40,4,100,115" hai3="35,26,113,53,101,28,7,39,86,135,48,95,133"/><W52/><G39/><T12/><D75/><U116/><E122/><V50/><F108/><W103/><G113/><T58/><D2/><U129/><E0/><V44/><F115/><W107/><G107/><T90/><D90/><U49/><E74/><V45/><F105/><W92/><G7/><T5/><D69/><U51/><E29/><V94/><F45/><N who="3" m="27663" /><G53/><T134/><D110/><U32/><E13/><V64/><F64/><W65/><G65/><T15/><D5/><U36/><E66/><V27/><F27/><W54/><G54/><T93/><D134/><N who="3" m="51209" /><G86/><AGARI ba="1,2" hai="3,4,9,18,19,40,44,50,86,88,94,97,100,104" machi="86" ten="30,3900,0" yaku="7,1,52,1,54,1" doraHai="37" who="2" fromWho="3" sc="435,0,70,0,256,62,219,-42" owari="435,53.0,70,-43.0,318,12.0,177,-22.0" />
</Scene>
</mjloggm>