<mjloggm ver="2.3"><GO type="169"/><UN n0="%67%6F%6F%64%62%79%65" n1="%E6%B5%9C%E6%B4%8B%E4%B8%80%E6%9C%97" n2="%41%53%41%50%49%4E" n3="%E3%81%82%E3%81%A4%E3%81%82%E3%81%A4%E6%B9%AF%E8%B1%86%E8%85%90" dan="16,16,18,18" rate="2097,2016,2222,2230" sx="F,F,M,M"/><TAIKYOKU oya="0"/>

<Scene>
<INIT seed="0,0,0,4,3,62" ten="250,250,250,250" oya="0" hai0="78,10,125,39,123,108,8,118,100,30,126,9,95" hai1="17,112,80,3,117,58,67,46,122,13,97,133,116" hai2="4,38,88,121,92,41,31,105,35,54,115,43,36" hai3="20,84,120,66,49,59,91,22,134,69,135,56,15"/><T47/><D123/><U52/><E122/><V73/><F121/><W2/><G2/><T32/><D118/><U33/><E3/><V70/><F115/><W111/><G120/><T77/><D108/><U124/><E33/><V85/><F73/><W101/><G101/><T28/><D39/><U130/><E112/><V5/><F105/><W127/><G111/><T53/><D47/><U18/><E133/><N who="3" m="50698" /><G127/><N who="0" m="48651" /><D53/><U21/><E124/><V72/><F72/><W60/><G15/><T14/><D14/><U45/><E130/><V6/><F70/><W23/><G49/><T25/><D30/><U110/><E110/><V63/><F36/><W57/><G69/><T82/><D82/><AGARI ba="0,0" hai="20,22,23,56,57,59,60,66,82,84,91" m="50698" machi="82" ten="30,2000,0" yaku="20,1,52,1" doraHai="62" who="3" fromWho="0" sc="250,-20,250,0,250,0,250,20" />
</Scene>
<Scene>
<INIT seed="1,0,0,4,3,37" ten="230,250,250,270" oya="1" hai0="63,32,5,118,8,128,124,73,72,14,40,2,104" hai1="21,9,107,74,70,120,125,38,64,68,94,15,7" hai2="67,112,49,6,131,51,60,127,133,113,48,36,20" hai3="114,80,57,58,10,86,98,33,82,92,108,66,87"/><U134/><E107/><V111/><F6/><W130/><G114/><N who="2" m="44137" /><F20/><W71/><G33/><T50/><D118/><U23/><E120/><V81/><F81/><N who="3" m="31339" /><G71/><T54/><D104/><U17/><E74/><V78/><F78/><W16/><G108/><T12/><D32/><U13/><E134/><V34/><F34/><W116/><G130/><T28/><D28/><U4/><E125/><V65/><F111/><W76/><G116/><T69/><D124/><U77/><E77/><V97/><F97/><W88/><G76/><T132/><D128/><U3/><E38/><V26/><F26/><W46/><G46/><T27/><D27/><U43/><E64/><V59/><F127/><W52/><G66/><T62/><D132/><U102/><E43/><V61/><F133/><W1/><G1/><T55/><D69/><U126/><E126/><V89/><F89/><W95/><G95/><T85/><D73/><U91/><E102/><V0/><F0/><W47/><G47/><T42/><D72/><U24/><E7/><V25/><F25/><W93/><G93/><T22/><D85/><N who="3" m="32265" /><G52/><N who="0" m="20011" /><D50/><U99/><REACH who="1" step="1"/><E3/><REACH who="1" ten="230,240,250,270" step="2"/><V123/><F36/><W135/><G135/><T56/><D2/><U106/><E106/><V115/><F115/><W83/><G83/><T45/><D5/><U100/><E100/><V11/><F131/><W129/><G129/><T103/><D103/><U79/><E79/><V31/><F65/><W35/><G35/><T101/><D101/><U44/><E44/><V119/><F67/><W117/><G117/><T39/><D45/><U90/><E90/><V53/><F119/><RYUUKYOKU ba="0,1" sc="230,-15,240,15,250,-15,270,15" hai1="4,9,13,15,17,21,23,24,68,70,91,94,99" hai3="10,16,57,58,88,92,98" />
</Scene>
<Scene>
<INIT seed="1,1,1,3,0,6" ten="215,255,235,285" oya="1" hai0="41,97,52,45,101,39,131,26,50,126,127,74,9" hai1="24,67,17,19,55,8,85,123,77,96,3,64,34" hai2="57,13,36,56,0,12,15,43,119,134,47,38,103" hai3="63,135,83,25,18,31,28,69,48,78,107,76,29"/><U33/><E123/><V16/><F119/><W49/><G107/><T112/><D112/><U72/><E72/><V7/><F134/><W109/><G135/><T92/><D74/><U88/><E33/><V104/><F38/><W70/><G109/><T108/><D108/><U59/><E77/><V40/><F40/><W93/><G93/><T68/><D26/><U1/><E96/><V105/><F105/><W54/><G76/><T66/><D131/><U90/><E90/><V86/><F86/><W121/><G121/><T115/><D115/><U125/><E125/><N who="0" m="47625" /><D68/><U23/><E34/><V82/><F82/><W129/><G129/><T124/><D66/><U27/><E3/><V37/><F37/><W118/><G118/><T42/><D124/><U133/><E133/><V89/><F89/><W65/><G69/><T61/><D61/><N who="1" m="36095" /><E1/><V60/><F60/><W75/><G54/><T94/><D94/><N who="1" m="54543" /><E27/><V30/><F0/><W10/><REACH who="3" step="1"/><G25/><REACH who="3" ten="215,255,235,275" step="2"/><T113/><D113/><U130/><E130/><V44/><F104/><W21/><G21/><T51/><D42/><U110/><E110/><V116/><F43/><W102/><G102/><T128/><D128/><U106/><E106/><V53/><F103/><W35/><G35/><T5/><D52/><U58/><E58/><V14/><F53/><W80/><G80/><T120/><D120/><U11/><E11/><V99/><F57/><W4/><G4/><T32/><D32/><U98/><E98/><V117/><F56/><W132/><G132/><T100/><D100/><U122/><E122/><V2/><N who="2" m="3072" /><DORA hai="46" /><V95/><F117/><RYUUKYOKU ba="1,2" sc="215,10,255,10,235,-30,275,10" hai0="5,9,39,41,45,50,51,92,97,101" hai1="8,17,19,23,24,64,67" hai3="10,18,28,29,31,48,49,63,65,70,75,78,83" />
</Scene>
<Scene>
<INIT seed="1,2,2,3,3,57" ten="225,265,205,285" oya="1" hai0="74,122,14,52,117,125,110,7,56,44,58,6,73" hai1="114,24,47,55,95,63,127,93,104,39,19,72,134" hai2="2,13,82,111,50,131,112,102,101,119,75,48,107" hai3="42,91,64,32,108,124,77,90,1,21,54,88,9"/><U34/><E114/><V51/><F119/><W46/><G32/><T25/><D117/><U20/><E104/><V115/><F2/><W80/><G108/><T68/><D122/><U129/><E129/><V98/><F111/><W135/><G135/><T106/><D106/><U78/><E134/><V45/><F131/><W85/><G124/><T33/><D68/><U31/><E127/><V132/><F101/><W84/><G64/><T96/><D125/><U109/><E109/><V65/><F132/><W11/><G21/><T120/><D120/><U4/><E39/><V70/><F13/><W100/><G100/><T76/><D96/><U29/><E4/><V0/><F0/><W16/><G1/><T86/><D74/><U103/><E103/><V27/><F27/><W5/><G5/><T28/><D73/><U92/><E34/><V10/><F10/><W8/><G54/><T37/><D58/><N who="1" m="35295" /><E72/><V118/><F118/><W41/><G46/><T59/><D59/><U18/><E78/><N who="2" m="44383" /><F65/><W38/><G38/><T123/><D123/><U130/><E130/><V94/><F70/><W87/><REACH who="3" step="1"/><G16/><REACH who="3" ten="225,265,205,275" step="2"/><N who="1" m="6186" /><E47/><V49/><F107/><W71/><G71/><T128/><D44/><U133/><E133/><V89/><F102/><W12/><G12/><T62/><D14/><U3/><E3/><V113/><F45/><W69/><G69/><T121/><D128/><U36/><E36/><V116/><F116/><W67/><G67/><T83/><D37/><U26/><E20/><V35/><N who="2" m="12288" /><DORA hai="60" /><V126/><F126/><W23/><G23/><T66/><D121/><U99/><E99/><RYUUKYOKU ba="2,3" sc="225,-30,265,10,205,10,275,10" hai1="24,26,29,31,92,93,95" hai2="35,89,94,98,112,113,115" hai3="8,9,11,41,42,77,80,84,85,87,88,90,91" />
</Scene>
<Scene>
<INIT seed="1,3,3,2,4,96" ten="195,275,215,285" oya="1" hai0="127,6,81,24,128,92,66,89,110,33,65,68,1" hai1="55,114,4,99,42,98,37,121,21,49,69,117,44" hai2="111,51,79,41,123,95,103,47,93,39,100,75,34" hai3="16,97,129,67,112,40,118,15,72,71,29,11,13"/><U43/><E4/><V74/><F123/><W59/><G72/><T70/><D128/><U27/><E121/><V106/><F34/><W125/><G112/><T23/><D33/><U28/><E114/><V14/><F111/><W91/><G125/><T104/><D104/><U124/><E117/><V53/><F106/><W133/><G129/><T77/><D110/><U30/><E124/><V31/><F31/><W84/><G71/><T61/><D127/><U9/><E30/><V82/><F75/><W36/><G133/><T83/><D6/><U88/><E69/><V122/><F122/><W113/><G113/><T60/><D77/><U109/><E109/><V126/><F126/><W105/><G118/><T76/><D76/><U134/><E134/><V119/><F119/><W130/><G130/><T20/><D1/><U56/><E42/><V94/><REACH who="2" step="1"/><F14/><REACH who="2" ten="195,275,205,285" step="2"/><N who="3" m="7263" /><G29/><T8/><D8/><U25/><E9/><V135/><F135/><W85/><G13/><T54/><D20/><U22/><E28/><V101/><F101/><W62/><G15/><T48/><D23/><U63/><E21/><V57/><AGARI ba="3,4" hai="39,41,47,51,53,57,74,79,82,93,94,95,100,103" machi="57" ten="30,8000,1" yaku="1,1,0,1,52,2,53,1" doraHai="96" doraHaiUra="46" who="2" fromWho="2" sc="195,-23,275,-43,205,129,285,-23" />
</Scene>
<Scene>
<INIT seed="2,0,0,3,4,84" ten="172,232,334,262" oya="2" hai0="8,42,104,48,4,117,19,110,75,17,37,86,111" hai1="11,58,9,71,39,23,36,134,80,43,126,7,69" hai2="53,3,115,76,118,95,98,112,128,13,62,72,68" hai3="113,108,31,33,135,79,130,21,93,40,131,129,6"/><V83/><F118/><W97/><G108/><N who="0" m="41515" /><D104/><U51/><E126/><V26/><F3/><W91/><G135/><T103/><D103/><U102/><E134/><V50/><F128/><W65/><G113/><T78/><D75/><U55/><E102/><V73/><F73/><W2/><G33/><T81/><D37/><U34/><E34/><V16/><F26/><N who="3" m="16847" /><G65/><T101/><D101/><U57/><E9/><V120/><F120/><W28/><G28/><T94/><D94/><U25/><E58/><V63/><F68/><W14/><G79/><T44/><D117/><U132/><E132/><V56/><F112/><W60/><G60/><T127/><D127/><U88/><E39/><V119/><F119/><W49/><G2/><AGARI ba="0,0" hai="2,4,8,17,19,42,44,48,78,81,86" m="41515" machi="2" ten="30,1000,0" yaku="14,1" doraHai="84" who="0" fromWho="3" sc="172,10,232,0,334,0,262,-10" />
</Scene>
<Scene>
<INIT seed="3,0,0,0,0,111" ten="182,232,334,252" oya="3" hai0="123,115,6,79,16,70,15,119,22,74,117,127,44" hai1="35,121,71,86,47,104,132,92,7,31,32,34,93" hai2="116,105,33,26,10,65,128,5,42,56,19,0,49" hai3="73,99,77,75,40,85,63,64,89,13,118,11,66"/><W101/><G118/><T17/><D70/><U106/><E121/><V29/><F116/><W80/><G40/><T58/><D123/><U109/><E109/><V4/><F105/><W129/><G129/><T124/><D6/><U134/><E31/><V130/><F5/><W46/><G46/><T51/><D79/><U83/><E7/><V133/><F133/><N who="1" m="51305" /><E47/><V108/><F108/><W97/><G97/><T120/><D74/><U57/><E71/><V126/><F126/><N who="0" m="48170" /><D120/><U103/><E57/><V61/><F42/><W59/><G66/><T69/><D69/><U113/><E113/><V125/><F125/><W41/><G41/><N who="0" m="24975" /><D115/><U82/><E103/><V38/><F49/><W76/><G75/><T43/><D43/><U135/><N who="1" m="51313" /><U67/><DORA hai="100" /><E67/><V37/><REACH who="2" step="1"/><F19/><REACH who="2" ten="182,232,324,252" step="2"/><N who="3" m="8639" /><G73/><T107/><D107/><N who="1" m="41003" /><E83/><V110/><F110/><W52/><G64/><T50/><D17/><U39/><E39/><AGARI ba="0,1" hai="0,4,10,26,29,33,37,38,39,56,61,65,128,130" machi="39" ten="40,1300,0" yaku="1,1,53,0" doraHai="111,100" doraHaiUra="87,102" who="2" fromWho="1" sc="182,0,232,-13,324,23,252,0" />
</Scene>
<Scene>
<INIT seed="4,0,0,4,2,65" ten="182,219,347,252" oya="0" hai0="73,115,11,47,129,95,77,24,6,15,7,26,50" hai1="42,108,64,49,12,54,130,111,83,107,104,36,126" hai2="98,69,28,102,84,72,103,43,135,76,4,123,55" hai3="40,51,35,44,106,30,100,68,87,133,39,124,109"/><T53/><D129/><U5/><E126/><V16/><F123/><W45/><G109/><T52/><D115/><U93/><E130/><V92/><F135/><W120/><G124/><T60/><D77/><U79/><E64/><V22/><F72/><W21/><G133/><T101/><D73/><U13/><E93/><V99/><F69/><W97/><G120/><T85/><D6/><U18/><E36/><V14/><F43/><W46/><G21/><T48/><D60/><U116/><E116/><V29/><F4/><W0/><G0/><T59/><D85/><U31/><E31/><V96/><F55/><W131/><G131/><T33/><D33/><U105/><E42/><V19/><F76/><W125/><G125/><T67/><REACH who="0" step="1"/><D67/><REACH who="0" ten="172,219,347,252" step="2"/><U89/><E5/><V71/><F84/><W74/><G87/><T119/><D119/><U56/><E79/><V114/><F114/><W75/><G74/><T8/><D8/><U61/><E61/><V122/><F122/><W38/><G75/><T34/><D34/><U3/><E108/><V132/><F132/><W112/><G112/><T58/><D58/><U86/><E111/><V128/><F128/><W66/><G66/><T110/><D110/><U9/><E9/><V27/><F98/><AGARI ba="0,1" hai="7,11,15,24,26,47,48,50,52,53,59,95,98,101" machi="98" ten="40,12000,1" yaku="1,1,8,1,54,1,53,1" doraHai="65" doraHaiUra="41" who="0" fromWho="2" sc="172,130,219,0,347,-120,252,0" />
</Scene>
<Scene>
<INIT seed="4,1,0,0,3,111" ten="302,219,227,252" oya="0" hai0="23,135,68,36,22,115,33,85,58,4,88,54,52" hai1="49,37,65,46,32,26,60,57,25,1,74,66,116" hai2="8,9,80,5,72,59,117,7,106,11,121,39,31" hai3="67,50,27,63,87,71,99,61,51,21,124,97,30"/><T10/><D68/><U75/><E116/><V28/><F121/><W113/><G124/><T38/><D33/><U6/><E37/><V104/><F39/><W98/><G113/><T42/><D54/><U127/><E127/><V64/><F117/><W76/><G76/><T130/><D130/><U89/><E65/><V12/><F72/><W48/><G63/><T134/><D115/><U19/><E26/><V129/><F129/><W40/><REACH who="3" step="1"/><G87/><REACH who="3" ten="302,219,227,242" step="2"/><T18/><D134/><U112/><E60/><V2/><F5/><W47/><AGARI ba="1,1" hai="21,27,30,40,47,48,50,51,61,67,71,97,98,99" machi="47" ten="30,4000,0" yaku="1,1,2,1,0,1,53,0" doraHai="111" doraHaiUra="91" who="3" fromWho="3" sc="302,-21,219,-11,227,-11,242,53" />
</Scene>
<Scene>
<INIT seed="5,0,0,4,2,87" ten="281,208,216,295" oya="1" hai0="60,21,48,18,71,74,126,81,133,116,49,31,108" hai1="17,86,109,26,103,45,110,68,33,32,102,47,62" hai2="127,104,20,8,44,43,66,122,124,3,16,99,119" hai3="88,37,89,114,83,118,2,59,10,78,129,79,100"/><U69/><E86/><V24/><F119/><W38/><G118/><T105/><D116/><U73/><E73/><V1/><F122/><W94/><G129/><T93/><D105/><U95/><E17/><V121/><F121/><W51/><G38/><T67/><D133/><U13/><E13/><V19/><F66/><W14/><G37/><T130/><D108/><N who="1" m="41579" /><E62/><V12/><F104/><W85/><G2/><N who="2" m="521" /><F44/><N who="1" m="16969" /><E26/><N who="2" m="14623" /><F43/><W98/><G100/><N who="1" m="38442" /><E95/><V90/><F99/><W65/><G114/><T123/><D130/><U106/><E106/><V50/><F50/><W101/><G101/><T115/><D123/><U52/><E52/><V46/><F46/><W97/><G97/><T70/><D93/><U30/><E30/><V6/><F90/><W135/><G135/><T34/><D74/><U120/><E120/><V53/><F53/><N who="3" m="32191" /><G65/><T39/><D31/><U29/><E29/><V75/><F75/><W125/><G89/><T112/><D67/><U82/><E82/><V28/><F6/><N who="3" m="3415" /><G79/><T113/><D81/><U80/><E80/><V4/><F4/><W35/><G78/><T7/><D7/><U132/><E132/><V131/><F131/><W36/><G83/><T22/><D60/><U111/><N who="1" m="41587" /><U64/><DORA hai="41" /><E64/><V25/><F25/><W11/><G85/><T42/><D70/><AGARI ba="0,0" hai="32,33,68,69,70" m="38442,16969,41587" machi="70" ten="50,18000,2" yaku="28,2,10,1,52,3" doraHai="87,41" who="1" fromWho="0" sc="281,-180,208,180,216,0,295,0" />
</Scene>
<Scene>
<INIT seed="5,1,0,5,4,21" ten="101,388,216,295" oya="1" hai0="63,83,20,70,33,118,28,40,57,68,58,120,104" hai1="128,107,11,126,13,100,99,119,48,17,87,53,73" hai2="42,34,72,6,56,89,116,131,75,62,50,78,41" hai3="71,135,8,93,124,84,60,19,85,25,38,66,112"/><U54/><E119/><V117/><F131/><W113/><G38/><T129/><D104/><U95/><E128/><V15/><F34/><W2/><G124/><T44/><D129/><U81/><E126/><V22/><F89/><W130/><G130/><T27/><D118/><U24/><E24/><V97/><F97/><W9/><G135/><T106/><D106/><U39/><E39/><V86/><F86/><N who="3" m="33387" /><G93/><T47/><D120/><U132/><E132/><V43/><F50/><W125/><G2/><T110/><D110/><U45/><E73/><V96/><F96/><W122/><G122/><T134/><D134/><U109/><E109/><V14/><F14/><W7/><G7/><T51/><D83/><U49/><E107/><V32/><F32/><W101/><G101/><T4/><D4/><U12/><E13/><V59/><F59/><W29/><G19/><T3/><D3/><U103/><E103/><V121/><F121/><W115/><G125/><T108/><D108/><U64/><E64/><V61/><F56/><W0/><G0/><T80/><D80/><U5/><E17/><N who="2" m="10559" /><F6/><W10/><G10/><T37/><D58/><U46/><E87/><V77/><F116/><W114/><N who="3" m="28672" /><DORA hai="69" /><W30/><G30/><T79/><D79/><N who="2" m="30218" /><F117/><W92/><G92/><T76/><D76/><U31/><E81/><V133/><F133/><W18/><G18/><T127/><D127/><U98/><E98/><V23/><F75/><W26/><G29/><AGARI ba="1,0" hai="5,11,12,29,31,45,46,48,49,53,54,95,99,100" machi="29" ten="40,3900,0" yaku="9,1,8,1" doraHai="21,69" who="1" fromWho="3" sc="101,0,388,42,216,0,295,-42" />
</Scene>
<Scene>
<INIT seed="5,2,0,0,1,86" ten="101,430,216,253" oya="1" hai0="42,93,45,9,17,55,118,10,12,60,89,73,103" hai1="5,76,101,61,50,108,0,79,29,110,122,22,27" hai2="20,127,128,129,115,95,70,75,66,105,80,98,99" hai3="57,78,36,62,49,94,97,96,102,109,126,116,3"/><U63/><E122/><V34/><F34/><W41/><G109/><N who="1" m="42090" /><E101/><N who="2" m="62655" /><F20/><W31/><G3/><T92/><D118/><U90/><E50/><V18/><F18/><W119/><G126/><T134/><D73/><U15/><E0/><V65/><F65/><W35/><G36/><T117/><D117/><N who="3" m="45129" /><G78/><N who="1" m="29738" /><E90/><N who="2" m="55671" /><F66/><W111/><G111/><T91/><D134/><U114/><E114/><V81/><F70/><W28/><G35/><T77/><D77/><U123/><E123/><V84/><F75/><W32/><G32/><T120/><D120/><U52/><E52/><V26/><F115/><W125/><G125/><T121/><D121/><U21/><E22/><V38/><F38/><W47/><G96/><T39/><D10/><AGARI ba="2,0" hai="5,10,15,21,27,29,61,63" m="29738,42090" machi="10" ten="30,1500,0" yaku="10,1" doraHai="86" who="1" fromWho="0" sc="101,-21,430,21,216,0,253,0" />
</Scene>
<Scene>
<INIT seed="5,3,0,2,3,65" ten="80,451,216,253" oya="1" hai0="25,66,48,47,12,26,125,111,28,96,35,134,72" hai1="64,133,115,67,68,69,22,13,113,87,102,4,56" hai2="109,19,129,21,71,98,5,89,49,14,105,130,83" hai3="121,36,93,91,77,110,82,94,116,17,24,0,106"/><U42/><E102/><V16/><F109/><W37/><G110/><T39/><D111/><U127/><E127/><V92/><F105/><W58/><G106/><T55/><D125/><U135/><E42/><V84/><F5/><W59/><G0/><T103/><D72/><U70/><E87/><V60/><F49/><W101/><G121/><T62/><D134/><N who="1" m="51211" /><E56/><V131/><F19/><W3/><G3/><T117/><D117/><U108/><E108/><V34/><F34/><W112/><G101/><T88/><D39/><U73/><E73/><V38/><F38/><W33/><G116/><T8/><D26/><U90/><E90/><V29/><F29/><W76/><G24/><T74/><D74/><U30/><E30/><V126/><F126/><W9/><G91/><T57/><D103/><U118/><E118/><V119/><F119/><W10/><G82/><T11/><D12/><U6/><E6/><V123/><F123/><W45/><G45/><T1/><D1/><U95/><E95/><V18/><F18/><W81/><G81/><T85/><REACH who="0" step="1"/><D96/><REACH who="0" ten="70,451,216,253" step="2"/><U128/><E13/><V97/><F83/><AGARI ba="3,1" hai="8,11,25,28,35,47,48,55,57,62,66,83,85,88" machi="83" ten="30,8000,1" yaku="1,1,2,1,7,1,54,1,53,1" doraHai="65" doraHaiUra="61" who="0" fromWho="2" sc="70,99,451,0,216,-89,253,0" />
</Scene>
<Scene>
<INIT seed="6,0,0,3,0,77" ten="169,451,127,253" oya="2" hai0="108,38,117,120,126,130,72,109,96,1,65,104,91" hai1="36,129,15,6,92,58,122,97,32,40,123,132,44" hai2="69,93,71,56,3,42,84,116,87,133,54,83,102" hai3="61,99,41,89,128,37,10,80,101,94,46,82,34"/><V27/><F116/><W12/><G34/><T78/><RYUUKYOKU type="yao9" ba="0,0" sc="169,0,451,0,127,0,253,0" hai0="1,38,65,72,78,91,96,104,108,109,117,120,126,130" />
</Scene>
<Scene>
<INIT seed="6,1,0,2,5,3" ten="169,451,127,253" oya="2" hai0="110,135,45,56,73,64,116,24,40,14,21,131,29" hai1="20,88,52,43,7,99,5,11,107,35,74,126,62" hai2="79,55,95,96,76,114,46,93,28,102,4,12,108" hai3="60,120,118,84,30,91,18,97,9,125,70,105,106"/><V67/><F114/><W71/><G118/><T134/><D73/><U23/><E35/><V2/><F2/><W48/><G120/><T82/><D110/><U25/><E74/><V51/><F108/><W57/><G30/><T113/><D116/><U81/><E107/><V6/><F67/><W39/><G39/><T10/><D113/><U63/><E43/><V53/><F28/><W121/><G121/><T22/><D82/><U66/><E66/><V89/><F53/><W44/><G70/><T38/><D131/><U36/><E36/><V86/><F12/><W58/><G71/><T123/><D123/><U122/><E126/><V98/><F86/><W127/><G18/><T78/><D78/><AGARI ba="1,0" hai="4,6,46,51,55,76,78,79,89,93,95,96,98,102" machi="78" ten="40,7700,0" yaku="8,1,52,2" doraHai="3" who="2" fromWho="0" sc="169,-80,451,0,127,80,253,0" />
</Scene>
<Scene>
<INIT seed="6,2,0,3,2,0" ten="89,451,207,253" oya="2" hai0="27,94,72,67,70,106,25,42,34,50,129,47,134" hai1="113,41,18,127,40,121,99,79,30,33,118,20,19" hai2="39,5,109,24,54,115,85,86,83,126,23,97,16" hai3="7,68,84,51,2,13,89,75,102,90,100,10,111"/><V73/><F39/><W103/><G75/><T114/><D72/><U120/><E99/><V122/><F122/><W45/><G111/><T132/><D106/><U48/><E48/><V8/><F109/><W130/><G130/><T6/><D94/><U31/><E20/><V64/><F115/><W29/><G68/><T22/><D129/><U105/><E105/><V110/><F110/><W128/><G128/><T95/><D95/><U116/><E33/><V14/><F126/><W17/><G29/><T88/><D114/><U77/><E127/><V92/><F64/><W55/><REACH who="3" step="1"/><G84/><REACH who="3" ten="89,451,207,243" step="2"/><T58/><D70/><U71/><E71/><V43/><F73/><W101/><N who="3" m="25600" /><DORA hai="37" /><W52/><G52/><T4/><D34/><U107/><E107/><V28/><F85/><W11/><AGARI ba="2,1" hai="2,7,10,11,13,17,45,51,55,89,90" m="25600" machi="11" ten="40,5200,0" yaku="1,1,0,1,52,1,53,0" doraHai="0,37" doraHaiUra="78,125" who="3" fromWho="3" sc="89,-15,451,-15,207,-28,243,68" />
</Scene>
<Scene>
<INIT seed="7,0,0,2,0,6" ten="74,436,179,311" oya="3" hai0="104,32,101,39,2,109,85,59,34,20,1,18,7" hai1="65,80,71,16,91,68,40,102,125,70,33,44,111" hai2="127,8,50,22,19,31,55,106,3,73,89,123,87" hai3="35,28,25,45,90,12,115,54,17,56,131,41,112"/><W110/><G131/><T103/><D39/><U38/><E33/><V46/><F106/><W62/><G110/><T84/><D59/><U134/><E111/><V96/><F73/><W99/><G99/><T116/><D109/><U98/><E134/><V130/><F130/><W15/><G90/><T120/><D104/><U77/><E91/><V83/><F127/><W95/><G95/><T67/><D67/><U94/><E125/><V36/><F36/><W76/><G76/><T47/><D47/><U124/><E124/><V132/><F132/><W75/><G75/><T93/><D93/><U107/><E16/><V57/><F123/><W74/><G74/><T14/><D120/><U24/><E24/><V72/><F72/><W97/><G97/><T48/><D48/><U105/><REACH who="1" step="1"/><E65/><REACH who="1" ten="74,426,179,311" step="2"/><V86/><F31/><W42/><G15/><T114/><D116/><U126/><E126/><V0/><F86/><AGARI ba="0,1" hai="38,40,44,68,70,71,77,80,86,94,98,102,105,107" machi="86" ten="40,1300,0" yaku="1,1,53,0" doraHai="6" doraHaiUra="9" who="1" fromWho="2" sc="74,0,426,23,179,-13,311,0" owari="74,-43.0,449,55.0,166,-23.0,311,11.0" />
</Scene>
</mjloggm>