<mjloggm ver="2.3"><GO type="169" lobby="0"/><UN n0="%E7%AB%8B%E8%8F%AF%E5%A5%8F" n1="%E3%82%A2%E3%83%8B%E3%82%AA%E3%83%B3" n2="%E2%84%83%2D%75%74%65" n3="%41%53%41%50%49%4E" dan="16,17,16,19" rate="2085,2157,2073,2232" sx="F,F,M,M"/><TAIKYOKU oya="0"/>

<Scene>
<INIT seed="0,0,0,5,0,34" ten="250,250,250,250" oya="0" hai0="125,82,97,94,68,12,116,16,85,55,132,13,78" hai1="39,106,8,98,47,129,114,41,44,75,100,61,52" hai2="121,37,81,131,72,73,58,95,24,128,119,69,45" hai3="123,115,42,133,135,25,63,130,83,127,54,90,88"/><T103/><D116/><U50/><E129/><V23/><F69/><W80/><G115/><T118/><D118/><U110/><E110/><V104/><F104/><W99/><G42/><T53/><D68/><U74/><E114/><V30/><F119/><W71/><G130/><N who="2" m="49705" /><F121/><W107/><G123/><T70/><D70/><U0/><E61/><V134/><F81/><N who="3" m="31307" /><G25/><T64/><D64/><U21/><REACH who="1" step="1"/><E21/><REACH who="1" ten="250,240,250,250" step="2"/><V4/><F134/><W20/><G63/><T120/><D132/><U122/><E122/><V43/><F4/><AGARI ba="0,1" hai="0,4,8,39,41,44,47,50,52,74,75,98,100,106" machi="4" ten="40,8000,1" yaku="1,1,52,1,54,1,53,2" doraHai="34" doraHaiUra="105" who="1" fromWho="2" sc="250,0,240,90,250,-80,250,0" />
</Scene>
<Scene>
<INIT seed="1,0,0,0,0,48" ten="250,330,170,250" oya="1" hai0="61,12,24,50,124,129,46,107,26,8,116,117,105" hai1="32,80,25,35,85,131,90,99,9,111,110,60,93" hai2="84,79,114,7,16,86,34,64,28,88,0,119,95" hai3="109,47,134,22,41,78,126,6,5,13,44,98,40"/><U31/><E131/><V82/><F119/><W132/><G109/><N who="1" m="41482" /><E9/><V96/><F114/><W76/><G126/><T19/><D124/><U57/><E25/><V68/><F34/><W97/><G22/><T125/><D125/><U66/><E31/><V118/><F28/><W36/><G13/><T1/><D1/><U115/><E115/><V65/><F118/><W104/><G36/><T135/><D129/><U89/><AGARI ba="0,0" hai="32,35,57,60,66,80,85,89,90,93,99" m="41482" machi="89" ten="30,3000,0" yaku="14,1,10,1" doraHai="48" who="1" fromWho="1" sc="250,-10,330,30,170,-10,250,-10" />
</Scene>
<Scene>
<INIT seed="1,1,0,5,4,69" ten="240,360,160,240" oya="1" hai0="59,134,36,124,133,11,82,21,90,25,76,31,41" hai1="1,104,97,65,130,34,107,120,72,81,8,23,17" hai2="118,100,96,101,117,9,27,64,33,70,19,68,106" hai3="114,110,40,127,29,20,30,121,99,105,35,113,108"/><U16/><E120/><V111/><F101/><N who="3" m="62655" /><G121/><T2/><D90/><U44/><E34/><V46/><F70/><W67/><G67/><T42/><D59/><U92/><E130/><V85/><F111/><N who="3" m="42539" /><G35/><T53/><D53/><U119/><E65/><V115/><F115/><N who="3" m="44043" /><G127/><T95/><D124/><U79/><E119/><V71/><F71/><W47/><G20/><T28/><D28/><U45/><E44/><V62/><F85/><W43/><G43/><T94/><D42/><U131/><E45/><V3/><F46/><W66/><G66/><T12/><D2/><U89/><E131/><V98/><F98/><W103/><G103/><T7/><D41/><U39/><E39/><AGARI ba="1,0" hai="29,30,39,40,47" m="44043,42539,62655" machi="39" ten="30,2000,0" yaku="14,1,52,1" doraHai="69" who="3" fromWho="1" sc="240,0,360,-23,160,0,240,23" />
</Scene>
<Scene>
<INIT seed="2,0,0,4,1,66" ten="240,337,160,263" oya="2" hai0="12,76,75,7,69,99,65,132,57,56,105,114,116" hai1="106,59,11,78,35,91,51,121,14,134,3,48,86" hai2="64,25,63,100,72,112,54,26,9,52,15,95,49" hai3="31,125,73,10,104,102,19,61,82,92,97,70,36"/><V60/><F72/><W53/><G36/><T81/><D114/><U113/><E106/><V47/><F112/><W38/><G38/><T122/><D122/><U16/><E113/><V29/><F54/><W4/><G125/><T71/><D116/><U74/><E121/><V83/><F83/><W27/><G19/><T68/><D132/><U0/><E35/><V46/><F46/><W133/><G133/><T107/><D65/><U62/><E134/><V30/><F100/><W118/><G118/><T43/><D43/><U115/><E115/><V34/><F95/><W23/><G73/><T22/><D99/><U90/><E0/><V24/><F30/><W32/><G82/><T119/><D119/><U120/><E3/><V37/><F37/><W111/><G111/><T8/><REACH who="0" step="1"/><D22/><REACH who="0" ten="230,337,160,263" step="2"/><U128/><E120/><V67/><F67/><N who="3" m="41327" /><G23/><T130/><D130/><U101/><E128/><V85/><F85/><W108/><G108/><T20/><D20/><U124/><E86/><V135/><F135/><W131/><G131/><T41/><D41/><U117/><E74/><V39/><F39/><W98/><G53/><T127/><D127/><U84/><E124/><V55/><F55/><W40/><G40/><T77/><D77/><U13/><E84/><V88/><F64/><W89/><G97/><T79/><D79/><U110/><E117/><V126/><F126/><W33/><G32/><T58/><AGARI ba="0,1" hai="7,8,12,56,57,58,68,69,71,75,76,81,105,107" machi="58" ten="40,8000,1" yaku="1,1,0,1,52,3,53,0" doraHai="66" doraHaiUra="87" who="0" fromWho="0" sc="230,90,337,-20,160,-40,263,-20" />
</Scene>
<Scene>
<INIT seed="3,0,0,0,0,107" ten="320,317,120,243" oya="3" hai0="24,124,99,54,128,133,72,101,21,56,84,82,63" hai1="1,31,59,46,70,80,127,75,121,110,58,125,12" hai2="86,26,57,13,64,9,3,17,83,6,91,61,69" hai3="7,100,34,67,119,60,25,118,93,18,92,134,47"/><W90/><G134/><T97/><D133/><U87/><E1/><V40/><F40/><W76/><G7/><T43/><D124/><N who="1" m="47691" /><E121/><V41/><F41/><W30/><G100/><T11/><D128/><U104/><E104/><V71/><REACH who="2" step="1"/><F26/><REACH who="2" ten="320,317,110,243" step="2"/><W48/><G118/><T33/><D43/><U103/><E110/><V120/><F120/><W14/><G119/><T96/><D24/><U98/><E58/><V39/><F39/><W122/><G122/><T52/><D56/><U66/><E59/><V10/><AGARI ba="0,1" hai="3,6,9,10,13,17,57,61,64,69,71,83,86,91" machi="10" ten="20,2700,0" yaku="1,1,0,1,7,1,53,0" doraHai="107" doraHaiUra="123" who="2" fromWho="2" sc="320,-7,317,-7,110,37,243,-13" />
</Scene>
<Scene>
<INIT seed="4,0,0,2,4,58" ten="313,310,147,230" oya="0" hai0="64,66,133,9,96,24,135,48,68,60,129,106,93" hai1="28,100,53,70,5,55,19,56,101,1,89,73,10" hai2="36,103,33,38,62,74,69,120,37,124,67,108,77" hai3="117,109,51,16,61,50,23,47,123,119,80,122,91"/><T65/><D106/><U128/><E70/><V0/><F120/><N who="3" m="46123" /><G109/><T84/><D129/><U134/><E73/><V25/><F108/><W7/><G7/><T118/><D118/><N who="3" m="45065" /><G91/><T113/><D113/><U98/><E134/><N who="0" m="51209" /><D84/><U59/><E128/><V83/><F103/><W22/><G80/><T99/><D9/><U44/><E28/><N who="2" m="19599" /><F124/><W95/><G95/><T82/><D82/><U79/><E79/><V130/><F130/><W125/><G23/><T115/><D115/><U76/><E76/><V35/><F35/><W110/><G125/><T49/><D24/><U30/><E30/><V8/><F8/><W3/><G3/><AGARI ba="0,0" hai="0,3,36,37,38,62,67,69,74,77,83" m="19599" machi="3" ten="30,3900,0" yaku="33,2,52,1" doraHai="58" who="2" fromWho="3" sc="313,0,310,0,147,39,230,-39" />
</Scene>
<Scene>
<INIT seed="5,0,0,3,2,100" ten="313,310,186,191" oya="1" hai0="64,107,102,104,15,41,117,97,33,128,132,119,91" hai1="59,73,116,24,27,115,20,53,80,5,67,46,108" hai2="44,12,88,28,63,70,30,93,42,87,79,131,68" hai3="22,126,127,130,0,98,40,90,14,76,4,103,86"/><U11/><E116/><V111/><F111/><W19/><G130/><T58/><D33/><U114/><E108/><V45/><F45/><W2/><G76/><T16/><D128/><U135/><E135/><V121/><F121/><W84/><G40/><T56/><D132/><U54/><E67/><V92/><F131/><W7/><G7/><T95/><D41/><U3/><E46/><V124/><F124/><N who="3" m="47659" /><G4/><T106/><D102/><U112/><E20/><V52/><F79/><W109/><G109/><T134/><D134/><U60/><E54/><V9/><F93/><N who="3" m="54487" /><G84/><T72/><D72/><U1/><E1/><V6/><F70/><W96/><G96/><T89/><D89/><U129/><E129/><V81/><F92/><AGARI ba="0,0" hai="0,2,14,19,22,92,98,103" m="54487,47659" machi="92" ten="30,1000,0" yaku="18,1" doraHai="100" who="3" fromWho="2" sc="313,0,310,0,186,-10,191,10" />
</Scene>
<Scene>
<INIT seed="6,0,0,4,4,82" ten="313,310,176,201" oya="2" hai0="41,38,112,30,42,77,134,101,70,33,111,93,75" hai1="123,57,96,126,105,110,37,40,0,12,20,39,7" hai2="27,9,72,108,83,14,128,117,11,21,133,52,129" hai3="132,55,90,67,104,3,71,122,36,85,89,43,86"/><V84/><F117/><W118/><G122/><T80/><D111/><U22/><E110/><V79/><F108/><W109/><G109/><T53/><D70/><U56/><E126/><V31/><F133/><W98/><G118/><T34/><D134/><U62/><E123/><V44/><F72/><W116/><G116/><T66/><D66/><U91/><E0/><V92/><F92/><W59/><G3/><T6/><D6/><U74/><E74/><V50/><REACH who="2" step="1"/><F9/><REACH who="2" ten="313,310,166,201" step="2"/><W99/><G132/><T61/><D93/><U120/><E120/><V125/><F125/><W103/><G104/><T68/><D75/><U32/><E105/><V97/><F97/><W46/><G99/><T115/><D80/><U23/><E96/><V54/><F54/><W49/><G98/><T16/><D53/><U78/><E40/><V45/><F45/><W58/><G103/><T119/><D42/><U130/><E130/><V10/><F10/><W88/><G58/><T29/><D41/><U51/><E57/><V131/><F131/><W135/><G135/><T24/><D101/><U35/><E56/><V64/><F64/><W1/><G1/><T48/><D119/><U4/><E23/><V95/><F95/><W76/><G76/><T87/><D77/><U124/><E78/><V18/><AGARI ba="0,1" hai="11,14,18,21,27,31,44,50,52,79,83,84,128,129" machi="18" ten="30,11700,0" yaku="1,1,0,1,52,1,54,1,53,0" doraHai="82" doraHaiUra="114" who="2" fromWho="2" sc="313,-39,310,-39,166,127,201,-39" />
</Scene>
<Scene>
<INIT seed="6,1,0,0,3,81" ten="274,271,293,162" oya="2" hai0="25,88,66,80,20,104,53,27,72,71,69,68,17" hai1="50,135,62,47,125,46,121,58,120,85,112,75,78" hai2="83,122,124,77,9,19,39,7,48,98,10,116,41" hai3="57,100,37,14,44,4,2,22,129,42,101,95,134"/><V99/><F116/><W84/><G129/><T96/><D53/><U15/><E75/><V128/><F122/><N who="1" m="47209" /><E112/><V5/><F19/><W94/><G134/><T123/><D123/><U90/><E135/><V45/><F128/><W12/><G2/><T60/><D27/><U119/><E119/><V118/><F118/><W32/><G32/><T52/><D52/><N who="1" m="34119" /><E125/><V33/><F33/><W131/><G131/><T3/><D3/><U1/><E1/><V36/><F36/><W132/><G132/><T114/><D114/><U127/><E127/><V89/><F89/><W38/><G57/><T54/><D54/><N who="1" m="30039" /><E15/><N who="2" m="5551" /><F124/><W18/><G37/><T97/><D104/><U28/><E28/><V67/><F39/><W11/><REACH who="3" step="1"/><G95/><REACH who="3" ten="274,271,293,152" step="2"/><T109/><D109/><U31/><E47/><V130/><F130/><W16/><G16/><T74/><D71/><U49/><E31/><V51/><F45/><W43/><G43/><T91/><D69/><U0/><E0/><V76/><F41/><W79/><G79/><T64/><D68/><U105/><E105/><V26/><F77/><W59/><G59/><T61/><D17/><U34/><E34/><V107/><F76/><W93/><G93/><T21/><D25/><U30/><E30/><V126/><F26/><W35/><G35/><T73/><D73/><U87/><E78/><V117/><F126/><W23/><G23/><T6/><D6/><U55/><E90/><AGARI ba="1,1" hai="4,11,12,14,18,22,38,42,44,84,90,94,100,101" machi="90" ten="40,5200,0" yaku="1,1,52,1,53,1" doraHai="81" doraHaiUra="82" who="3" fromWho="1" sc="274,0,271,-55,293,0,152,65" />
</Scene>
<Scene>
<INIT seed="7,0,0,0,2,110" ten="274,216,293,217" oya="3" hai0="111,83,12,99,63,36,108,32,115,18,51,53,126" hai1="73,44,35,104,42,9,34,93,27,121,125,45,81" hai2="6,124,106,85,107,133,0,71,119,101,38,70,37" hai3="40,123,4,3,96,131,7,59,24,113,117,135,49"/><W130/><G117/><T95/><D36/><U118/><E104/><V41/><F85/><W31/><G123/><T72/><D32/><U47/><E121/><V65/><F119/><W82/><G135/><T89/><D126/><U56/><E125/><V92/><F92/><W132/><G132/><T97/><D63/><U46/><E118/><V75/><F133/><W25/><G3/><T79/><D97/><U91/><E9/><N who="2" m="2247" /><F124/><W100/><G113/><T16/><D115/><U28/><E56/><V66/><F66/><W57/><G82/><T98/><D98/><U112/><E112/><V15/><F15/><W102/><G96/><T103/><D103/><U17/><E17/><V74/><F101/><N who="3" m="39019" /><G40/><T22/><REACH who="0" step="1"/><D18/><REACH who="0" ten="264,216,293,217" step="2"/><U52/><E42/><V84/><F41/><W122/><G122/><T134/><D134/><U19/><E19/><V78/><F37/><W90/><G49/><T128/><D128/><N who="3" m="49193" /><G90/><T67/><D67/><U109/><E91/><V26/><F65/><W23/><G25/><T127/><D127/><U129/><E27/><V114/><F38/><W120/><G120/><T86/><D86/><U33/><E129/><V39/><F39/><W8/><G8/><T2/><D2/><U62/><E62/><V20/><F26/><W61/><G61/><T64/><D64/><U21/><E35/><V10/><F10/><W87/><G87/><T69/><D69/><U68/><E68/><V88/><F70/><W30/><G30/><T29/><D29/><U116/><E28/><V105/><F71/><W76/><G76/><T55/><D55/><U94/><E52/><RYUUKYOKU ba="0,1" sc="264,15,216,-15,293,-15,217,15" hai0="12,16,22,51,53,72,79,83,89,95,99,108,111" hai3="4,7,23,24,31,57,59" />
</Scene>
<Scene>
<INIT seed="7,1,1,1,5,85" ten="279,201,278,232" oya="3" hai0="42,21,9,94,29,84,60,66,57,100,92,67,1" hai1="109,91,122,69,74,79,80,51,95,62,83,135,98" hai2="121,77,8,89,23,108,87,123,124,18,86,16,34" hai3="15,61,11,7,13,25,125,130,36,10,110,31,3"/><W44/><G130/><T65/><D42/><U104/><E122/><N who="2" m="46603" /><F34/><W32/><G125/><T19/><D1/><U17/><E109/><V81/><F108/><W126/><G126/><T5/><D29/><U64/><E135/><V90/><F124/><W68/><G110/><T59/><D9/><U6/><E6/><V4/><F86/><W50/><G36/><T103/><D5/><U58/><E80/><V53/><F53/><W0/><G68/><T56/><D60/><U129/><E129/><V33/><F33/><W49/><G61/><T46/><D46/><U88/><E104/><V71/><F71/><W113/><G113/><T39/><D39/><U40/><E17/><N who="2" m="6763" /><F23/><W101/><G101/><N who="0" m="38987" /><D84/><U82/><E82/><V55/><F55/><W111/><G111/><T120/><D120/><U112/><E112/><V35/><F35/><W105/><G105/><T52/><D52/><U96/><E69/><V70/><F70/><W133/><G32/><T28/><D28/><U38/><E38/><V20/><F20/><W45/><G31/><T118/><D118/><U131/><E131/><V107/><F107/><W63/><G63/><T43/><D43/><U116/><E116/><V73/><F73/><W78/><G11/><T97/><D97/><U12/><E12/><AGARI ba="1,1" hai="4,8,12,77,81,87,89,90" m="6763,46603" machi="12" ten="30,7700,0" yaku="13,1,52,2,54,1" doraHai="85" who="2" fromWho="1" sc="279,0,201,-80,278,90,232,0" /><AGARI ba="1,0" hai="12,19,21,56,57,59,65,66,67,92,94" m="38987" machi="12" ten="30,1000,0" yaku="8,1" doraHai="85" who="0" fromWho="1" sc="279,10,121,-10,368,0,232,0" owari="289,9.0,111,-39.0,368,47.0,232,-17.0" />
</Scene>
</mjloggm>