<mjloggm ver="2.3"><GO type="169" lobby="0"/><UN n0="%41%53%41%50%49%4E" n1="%E6%82%A0%E9%9B%85" n2="%E3%83%9A%E3%83%81%E3%83%A7%E3%83%BC%E3%83%AA%E3%83%B3" n3="%E5%A4%A7%E6%AD%A3%E9%BA%BB%E9%9B%80%E5%A8%98%E3%80%82" dan="19,16,17,17" rate="2268.01,2038.30,2185.48,2173.37" sx="M,M,M,F"/><TAIKYOKU oya="0"/>

<Scene>
<INIT seed="0,0,0,0,0,22" ten="250,250,250,250" oya="0" hai0="115,90,66,43,57,120,126,52,125,47,133,129,50" hai1="75,68,73,132,59,37,24,8,65,117,109,98,11" hai2="87,77,4,1,108,12,127,49,44,45,61,10,134" hai3="42,40,53,91,58,17,135,51,78,114,76,16,34"/><T89/><D89/><U88/><E117/><V14/><F108/><W112/><G135/><T116/><D90/><U3/><E37/><V70/><F134/><W25/><G112/><T71/><D133/><U124/><E109/><V20/><F127/><N who="0" m="48650" /><D116/><U103/><E124/><V107/><F107/><W32/><G91/><T100/><D100/><U74/><E132/><V84/><F1/><W55/><G114/><T26/><D115/><U46/><E3/><V9/><F70/><W33/><G78/><T6/><D6/><U48/><E68/><V30/><F61/><W101/><G76/><T110/><D110/><U96/><E96/><V29/><F77/><W111/><G101/><T13/><D13/><U28/><E88/><V92/><F92/><W7/><G7/><T23/><D120/><U38/><E38/><V31/><F20/><W69/><G111/><T35/><D35/><U60/><E98/><V95/><F95/><W104/><G104/><T80/><D80/><U122/><E103/><V130/><F12/><W113/><G113/><T19/><D71/><U39/><E39/><V18/><F14/><W54/><G69/><T56/><D129/><U93/><E93/><V82/><F82/><W15/><G15/><T2/><D2/><U106/><E106/><V0/><F0/><W128/><G128/><T119/><D119/><U5/><E5/><V81/><F81/><W121/><G34/><T94/><D94/><U105/><E105/><V36/><F4/><W131/><G33/><T41/><D66/><U97/><E122/><V83/><F130/><W64/><G131/><RYUUKYOKU ba="0,0" sc="250,30,250,-10,250,-10,250,-10" hai0="19,23,26,41,43,47,50,52,56,57" />
</Scene>
<Scene>
<INIT seed="0,1,0,0,0,31" ten="280,240,240,240" oya="0" hai0="24,82,51,9,4,125,105,85,100,50,107,47,120" hai1="132,16,104,53,134,61,6,83,3,30,122,1,133" hai2="97,101,75,2,27,39,59,5,96,87,110,26,68" hai3="91,37,63,20,73,112,115,19,0,76,17,123,35"/><T116/><D120/><U15/><E122/><V103/><F75/><W77/><G123/><T119/><D125/><U42/><E104/><V106/><F68/><W38/><G0/><T40/><D100/><U109/><E42/><V71/><F71/><W79/><G73/><T128/><D128/><U65/><E6/><V99/><F39/><W10/><G35/><T118/><D51/><U62/><E62/><V41/><F41/><W95/><G10/><T90/><REACH who="0" step="1"/><D24/><REACH who="0" ten="270,240,240,240" step="2"/><U29/><E133/><V18/><F26/><W124/><G124/><T81/><D81/><U33/><E83/><V13/><F27/><W92/><G38/><T130/><D130/><U69/><E134/><V44/><F101/><W12/><G37/><T55/><D55/><U21/><E132/><V72/><F103/><W49/><G49/><T111/><D111/><U46/><E109/><V114/><F110/><W25/><G115/><T64/><D64/><U57/><E53/><V36/><F114/><W45/><G112/><T58/><D58/><U80/><E80/><V117/><F59/><W113/><G113/><T131/><D131/><U84/><E69/><V108/><F36/><W32/><G45/><T135/><D135/><U8/><E46/><V102/><F44/><W98/><G95/><T66/><D66/><U43/><E65/><V14/><F102/><W74/><G25/><T67/><D67/><U11/><E57/><V7/><F108/><W34/><G92/><T54/><D54/><U88/><E43/><V48/><F48/><W94/><G94/><T121/><D121/><U70/><E70/><RYUUKYOKU ba="1,1" sc="270,30,240,-10,240,-10,240,-10" hai0="4,9,40,47,50,82,85,90,105,107,116,118,119" />
</Scene>
<Scene>
<INIT seed="0,2,1,0,2,3" ten="300,230,230,230" oya="0" hai0="68,62,44,6,46,98,35,47,88,84,58,42,19" hai1="78,127,104,112,74,25,29,48,22,106,118,53,75" hai2="26,124,4,63,125,76,105,64,107,110,55,38,34" hai3="102,21,93,73,20,0,24,101,89,129,134,9,95"/><T15/><D35/><U54/><E118/><V96/><F38/><W77/><G129/><T5/><D68/><U31/><E112/><V52/><F76/><W69/><G69/><T60/><D98/><U113/><E113/><V14/><F110/><W80/><G134/><T36/><D36/><U43/><E127/><N who="2" m="48715" /><F26/><W132/><G132/><T11/><D42/><U8/><E43/><V117/><F34/><W103/><G21/><T111/><D111/><U65/><E65/><V119/><F64/><W45/><G45/><T87/><D87/><U128/><E128/><V30/><F30/><W85/><G9/><T17/><D17/><U131/><E131/><V123/><F123/><W122/><G0/><T120/><D120/><U133/><E133/><V116/><F63/><N who="0" m="24106" /><D58/><U67/><E67/><V92/><F105/><W121/><REACH who="3" step="1"/><G95/><AGARI ba="2,1" hai="5,6,11,15,19,44,46,47,84,88,95" m="24106" machi="95" ten="30,11600,0" yaku="8,1,52,2,54,1" doraHai="3" who="0" fromWho="3" sc="300,132,230,0,230,0,230,-122" />
</Scene>
<Scene>
<INIT seed="0,3,0,0,1,77" ten="432,230,230,108" oya="0" hai0="24,106,48,51,130,30,114,98,122,90,126,78,88" hai1="119,68,59,128,53,94,42,84,76,80,8,70,101" hai2="52,22,26,55,61,74,28,72,9,118,81,23,100" hai3="86,11,132,12,63,21,121,82,14,89,75,17,127"/><T35/><D114/><U19/><E119/><V15/><F118/><W60/><G127/><T54/><D122/><U45/><E128/><V36/><F36/><W33/><G33/><T6/><D126/><U96/><E8/><V99/><F23/><W40/><G132/><T66/><D130/><U97/><E19/><V29/><F29/><W13/><G121/><T104/><D6/><U93/><E42/><V44/><F61/><W5/><G40/><T46/><D66/><U20/><E20/><V41/><F41/><W49/><G49/><T79/><D51/><U62/><REACH who="1" step="1"/><E45/><REACH who="1" ten="432,220,230,108" step="2"/><V31/><F31/><W87/><G75/><T131/><D131/><U110/><E110/><V34/><F22/><W27/><G14/><T57/><D46/><U2/><E2/><V18/><F44/><W129/><G13/><T1/><D1/><U25/><E25/><V67/><F74/><W116/><G116/><T7/><D24/><U47/><E47/><V3/><F3/><W102/><G129/><T37/><D30/><U69/><E69/><V108/><F108/><W71/><G71/><T117/><D117/><U105/><E105/><V10/><F10/><W111/><G111/><T124/><D104/><U32/><E32/><V0/><F0/><W113/><G113/><T56/><D35/><U50/><E50/><V85/><F72/><W115/><G115/><T107/><D48/><U123/><E123/><V135/><F26/><W4/><G4/><T43/><D7/><U73/><E73/><V125/><F34/><W95/><G5/><T16/><D43/><U83/><E83/><RYUUKYOKU ba="3,1" sc="432,-10,220,30,230,-10,108,-10" hai1="53,59,62,68,70,76,80,84,93,94,96,97,101" />
</Scene>
<Scene>
<INIT seed="1,4,1,2,0,40" ten="422,250,220,98" oya="1" hai0="126,10,69,73,2,43,133,70,38,88,46,124,130" hai1="114,95,104,59,107,121,28,105,76,62,34,60,100" hai2="71,79,21,16,58,119,50,26,7,27,83,85,44" hai3="117,111,25,108,106,13,112,110,20,5,39,103,37"/><U11/><E121/><V42/><F71/><W0/><G112/><T96/><D73/><U93/><E114/><V49/><F119/><W101/><G0/><T56/><D130/><U1/><E76/><V30/><F7/><W31/><G117/><T4/><D133/><U122/><E122/><V72/><F72/><W14/><G106/><T47/><D56/><U8/><E100/><N who="3" m="38474" /><G5/><T19/><D19/><U48/><E1/><V80/><F80/><W17/><G14/><T77/><D77/><U132/><E132/><V127/><F127/><N who="0" m="48682" /><D47/><U120/><E120/><V97/><F97/><W12/><G12/><T68/><D68/><U75/><E75/><V109/><F109/><N who="3" m="27907" /><W123/><DORA hai="94" /><G123/><T23/><D23/><AGARI ba="4,1" hai="13,17,20,23,25,31,37,39" m="27907,38474" machi="23" ten="40,1300,0" yaku="14,1" doraHai="40,94" who="3" fromWho="0" sc="422,-25,250,0,220,0,98,35" />
</Scene>
<Scene>
<INIT seed="2,0,0,3,1,37" ten="397,250,220,133" oya="2" hai0="70,89,99,56,41,116,98,82,90,0,121,78,100" hai1="73,48,72,60,129,81,124,49,132,29,115,76,22" hai2="107,38,54,109,50,23,52,65,51,24,111,4,26" hai3="101,11,96,19,112,133,119,105,135,25,9,6,15"/><V47/><F107/><W31/><G119/><T122/><D70/><U13/><E115/><V67/><F4/><W14/><REACH who="3" step="1"/><G112/><REACH who="3" ten="397,250,220,123" step="2"/><T55/><D116/><U86/><E124/><V3/><F3/><W123/><G123/><T127/><D0/><U120/><E120/><V21/><F38/><W84/><G84/><T12/><D127/><U42/><E72/><V18/><F47/><W20/><AGARI ba="0,1" hai="6,9,11,14,15,19,20,25,31,96,101,105,133,135" machi="20" ten="30,2000,0" yaku="1,1,0,1,53,0" doraHai="37" doraHaiUra="106" who="3" fromWho="3" sc="397,-5,250,-5,220,-10,123,30" />
</Scene>
<Scene>
<INIT seed="3,0,0,3,2,37" ten="392,245,210,153" oya="3" hai0="74,43,125,42,11,25,100,118,86,9,98,30,124" hai1="48,13,54,81,21,109,41,53,85,22,73,65,39" hai2="4,89,44,122,5,59,38,120,58,104,23,56,62" hai3="1,52,34,107,55,106,51,60,95,69,17,61,3"/><W63/><G34/><T132/><D118/><U68/><E73/><V26/><F104/><W31/><G31/><T67/><D74/><U24/><E109/><V32/><F32/><W88/><G69/><T15/><D132/><U94/><E39/><V66/><F89/><W135/><G135/><T115/><D67/><U110/><E110/><V91/><F91/><W80/><G80/><T27/><D115/><U129/><E129/><V92/><F92/><W84/><G17/><T96/><D86/><U8/><E68/><N who="2" m="42071" /><F44/><W126/><G55/><T16/><D11/><U93/><E65/><V99/><F99/><N who="0" m="37930" /><D100/><U18/><E22/><V33/><F38/><W121/><G121/><N who="2" m="46697" /><F33/><W19/><G126/><N who="0" m="48747" /><D27/><U119/><E119/><V47/><F47/><W101/><G19/><AGARI ba="0,0" hai="4,5,19,23,26,56,58,59" m="46697,42071" machi="19" ten="30,1000,0" yaku="13,1" doraHai="37" who="2" fromWho="3" sc="392,0,245,0,210,10,153,-10" />
</Scene>
<Scene>
<INIT seed="4,0,0,4,5,63" ten="392,245,220,143" oya="0" hai0="92,51,114,13,73,23,77,2,27,108,121,113,110" hai1="61,38,28,130,3,30,78,53,84,48,70,69,33" hai2="103,56,96,102,29,36,112,67,101,125,65,39,19" hai3="11,131,4,54,66,82,111,1,132,85,37,21,120"/><T43/><D2/><U45/><E3/><V94/><F125/><W133/><G111/><N who="0" m="42539" /><D121/><U6/><E6/><V49/><F112/><N who="0" m="43114" /><D13/><U123/><E123/><V76/><F76/><W25/><G120/><T135/><D135/><N who="3" m="51785" /><G37/><T107/><D107/><U83/><E38/><V26/><F39/><W118/><G118/><T44/><D92/><U128/><E33/><V86/><F36/><W74/><G74/><T52/><D77/><U95/><E95/><V106/><F86/><W5/><G5/><T117/><D73/><U31/><REACH who="1" step="1"/><E61/><REACH who="1" ten="392,235,220,143" step="2"/><V109/><F109/><W97/><G1/><T46/><D117/><U50/><E50/><V124/><F124/><W32/><G4/><T100/><D100/><U16/><E16/><V42/><F19/><W7/><G7/><T115/><D115/><U64/><E64/><N who="2" m="24651" /><F106/><W99/><G66/><T12/><D12/><U60/><E60/><V59/><F49/><W17/><G17/><N who="0" m="12783" /><D44/><U80/><E80/><V62/><F62/><W57/><G82/><T68/><D68/><AGARI ba="0,1" hai="28,30,31,45,48,53,68,69,70,78,83,84,128,130" machi="68" ten="40,1300,0" yaku="1,1,53,0" doraHai="63" doraHaiUra="90" who="1" fromWho="0" sc="392,-13,235,23,220,0,143,0" />
</Scene>
<Scene>
<INIT seed="5,0,0,1,2,2" ten="379,258,220,143" oya="1" hai0="38,13,85,24,87,55,91,121,74,126,76,53,52" hai1="90,135,48,4,19,84,56,12,122,94,29,86,115" hai2="88,22,131,58,114,133,70,69,107,108,118,80,77" hai3="37,20,119,106,30,0,23,79,128,96,78,40,16"/><U67/><E122/><V111/><F118/><W59/><G128/><T42/><D121/><U109/><E109/><V27/><F107/><W57/><G119/><T75/><D126/><U15/><E135/><V11/><F133/><W95/><G106/><T44/><D76/><U7/><E115/><V97/><F131/><W51/><G37/><T112/><D112/><U110/><E110/><V60/><F114/><W113/><G113/><T10/><D24/><U62/><E29/><V89/><F70/><W1/><G1/><T18/><REACH who="0" step="1"/><D87/><REACH who="0" ten="369,258,220,143" step="2"/><U8/><E84/><V72/><F108/><W65/><G79/><T81/><AGARI ba="0,1" hai="10,13,18,38,42,44,52,53,55,74,75,81,85,91" machi="81" ten="30,8000,1" yaku="1,1,2,1,0,1,54,1,53,1" doraHai="2" doraHaiUra="82" who="0" fromWho="0" sc="369,90,258,-40,220,-20,143,-20" />
</Scene>
<Scene>
<INIT seed="6,0,0,1,2,121" ten="459,218,200,123" oya="2" hai0="1,69,25,45,20,16,40,27,78,30,77,51,18" hai1="84,116,8,129,42,86,110,125,108,13,72,48,35" hai2="19,126,21,34,29,73,24,44,101,32,63,124,66" hai3="2,96,109,31,5,0,94,117,82,52,131,57,106"/><V4/><F73/><W58/><G117/><T15/><D69/><U65/><E116/><V90/><F101/><W79/><G106/><T92/><D1/><U134/><E72/><V115/><F115/><W41/><G131/><T22/><D92/><U135/><E35/><AGARI ba="0,0" hai="15,16,18,20,22,25,27,30,35,40,45,51,77,78" machi="35" ten="30,2000,0" yaku="7,1,54,1" doraHai="121" who="0" fromWho="1" sc="459,20,218,-20,200,0,123,0" />
</Scene>
<Scene>
<INIT seed="7,0,0,0,1,99" ten="479,198,200,123" oya="3" hai0="60,43,93,62,71,4,54,82,38,103,7,123,35" hai1="92,48,76,124,129,47,64,95,17,50,5,126,57" hai2="116,51,104,3,28,33,61,110,117,80,26,133,128" hai3="15,68,84,24,21,39,0,44,118,113,25,111,16"/><W52/><G0/><T40/><D123/><U78/><E5/><V69/><F110/><W49/><G118/><T12/><D35/><U77/><E129/><V63/><F3/><W36/><G111/><T83/><D38/><U109/><E109/><V19/><F104/><W98/><G68/><T23/><D71/><U91/><E17/><V58/><F128/><W94/><G113/><T127/><D127/><N who="1" m="48683" /><E47/><V6/><F6/><W2/><G2/><T112/><D23/><U108/><E108/><V1/><F19/><W67/><G67/><T88/><D93/><N who="1" m="35915" /><E91/><V9/><F1/><W120/><G120/><T86/><D60/><AGARI ba="0,0" hai="48,50,57,60,64,76,77,78" m="35915,48683" machi="60" ten="40,1300,0" yaku="18,1" doraHai="99" who="1" fromWho="0" sc="479,-13,198,13,200,0,123,0" owari="466,57.0,211,1.0,200,-20.0,123,-38.0" />
</Scene>
</mjloggm>