<mjloggm ver="2.3"><GO type="169"/><UN n0="%41%53%41%50%49%4E" n1="%E3%82%86%E3%81%8D%E3%81%93%E3%81%AB%E3%82%83%E3%82%93" n2="%E5%A4%BE%2E" n3="%E7%A5%9E%E7%AE%97%E9%AC%BC%E8%AC%80%E3%81%AE%E6%A5%B5%E3%81%BF" dan="18,16,16,16" rate="2236,2025,2064,2096" sx="M,F,M,M"/><TAIKYOKU oya="0"/>

<Scene>
<INIT seed="0,0,0,1,0,35" ten="250,250,250,250" oya="0" hai0="72,73,18,29,115,42,22,102,122,106,123,55,60" hai1="120,65,25,130,98,99,50,58,33,52,57,21,129" hai2="131,2,110,17,95,81,86,34,48,87,70,46,108" hai3="32,79,71,133,39,10,14,15,43,56,128,5,23"/><T11/><D115/><U67/><E33/><V36/><F70/><W100/><G71/><T116/><D116/><U91/><E120/><V107/><F107/><W114/><G114/><T62/><D29/><U16/><E91/><N who="2" m="53759" /><F34/><W132/><G32/><T112/><D112/><U19/><E19/><V37/><F17/><W78/><G100/><T92/><D106/><U84/><E84/><V68/><F68/><W105/><G105/><T76/><D11/><U96/><REACH who="1" step="1"/><E58/><REACH who="1" ten="250,240,250,250" step="2"/><V13/><F86/><W109/><G56/><N who="0" m="34847" /><D123/><U30/><E30/><V38/><F110/><W49/><G5/><T28/><D28/><U66/><AGARI ba="0,1" hai="16,21,25,50,52,57,65,66,67,96,98,99,129,130" machi="66" ten="40,8000,1" yaku="1,1,0,1,54,2,53,0" doraHai="35" doraHaiUra="77" who="1" fromWho="1" sc="250,-40,240,90,250,-20,250,-20" />
</Scene>
<Scene>
<INIT seed="1,0,0,5,3,128" ten="210,330,230,230" oya="1" hai0="111,121,9,105,15,0,113,18,112,131,80,70,37" hai1="93,89,114,43,133,10,63,81,124,88,39,40,29" hai2="116,85,75,120,86,82,34,50,24,125,79,90,31" hai3="26,135,47,38,95,115,118,12,42,56,20,7,71"/><U107/><E114/><V110/><F120/><W36/><G115/><T5/><D105/><U60/><E107/><V48/><F116/><W3/><G3/><T106/><D106/><U104/><E104/><V59/><F110/><W1/><G1/><T119/><D70/><U11/><E81/><V99/><F125/><W33/><G33/><T94/><D37/><U17/><E29/><V130/><F130/><W4/><G71/><T100/><D111/><U27/><E124/><V87/><REACH who="2" step="1"/><F59/><REACH who="2" ten="210,330,220,230" step="2"/><W91/><G56/><T49/><D119/><U66/><E66/><V61/><F61/><W62/><G62/><T117/><D131/><U16/><E60/><V21/><F21/><W103/><G118/><T13/><D117/><U83/><E63/><V127/><F127/><W67/><G67/><T22/><D121/><U123/><E123/><V108/><F108/><W132/><G20/><T129/><D129/><U98/><E39/><V45/><F45/><W92/><G36/><T14/><D113/><U64/><E64/><V74/><F74/><W96/><G26/><T65/><D112/><U72/><E27/><V19/><F19/><W97/><REACH who="3" step="1"/><G12/><REACH who="3" ten="210,330,220,220" step="2"/><T52/><D14/><U23/><E23/><V6/><F6/><AGARI ba="0,2" hai="4,6,7,38,42,47,91,92,95,96,97,103,132,135" machi="6" ten="40,8000,1" yaku="1,1,2,1,52,2,53,1" doraHai="128" doraHaiUra="68" who="3" fromWho="2" sc="210,0,330,0,220,-80,220,100" />
</Scene>
<Scene>
<INIT seed="2,0,0,1,5,64" ten="210,330,140,320" oya="2" hai0="47,2,101,132,106,54,11,133,48,63,131,104,32" hai1="14,43,52,56,65,121,18,126,98,76,59,116,88" hai2="35,123,87,74,77,50,84,42,78,41,99,80,108" hai3="28,96,49,94,7,57,27,71,37,25,124,90,12"/><V19/><F123/><W22/><G37/><T83/><D32/><U39/><E121/><V125/><F125/><W9/><G124/><T5/><D131/><U92/><E126/><V55/><F35/><W114/><G114/><T127/><D127/><U60/><E116/><V72/><F108/><W97/><G71/><T111/><D111/><U21/><E76/><V4/><F4/><W46/><G57/><T0/><D0/><U120/><E120/><V20/><F99/><W40/><REACH who="3" step="1"/><G27/><REACH who="3" ten="210,330,140,310" step="2"/><T51/><D132/><U110/><E110/><V122/><F122/><W85/><AGARI ba="0,1" hai="7,9,12,22,25,28,40,46,49,85,90,94,96,97" machi="85" ten="20,12000,2" yaku="1,1,2,1,0,1,7,1,8,1,53,1" doraHai="64" doraHaiUra="26" who="3" fromWho="3" sc="210,-30,330,-30,140,-60,310,130" />
</Scene>
<Scene>
<INIT seed="3,0,0,0,4,96" ten="180,300,80,440" oya="3" hai0="76,14,93,57,125,100,85,80,9,62,123,90,16" hai1="26,0,12,34,111,22,104,58,99,122,86,15,54" hai2="10,77,28,114,43,41,89,56,20,49,35,133,68" hai3="64,3,25,107,36,81,126,70,37,27,18,78,106"/><W117/><G3/><T51/><D125/><U73/><E73/><V79/><F68/><W98/><G117/><T82/><D123/><U8/><E122/><V53/><F35/><W102/><G107/><T69/><D69/><U87/><E34/><V131/><F114/><W47/><G126/><T92/><D51/><U42/><E42/><V129/><F10/><W94/><G106/><T19/><D19/><U30/><E111/><V11/><F11/><W23/><G27/><T4/><D4/><U55/><E0/><V67/><F89/><W132/><G132/><T118/><D118/><U71/><E71/><V45/><F67/><W7/><G7/><T33/><D33/><U128/><E128/><N who="2" m="49227" /><F133/><W135/><G135/><T105/><D105/><U116/><E116/><V38/><F41/><W44/><G64/><T32/><D32/><U5/><E15/><V101/><F101/><W50/><G70/><T60/><D60/><U119/><E119/><V63/><F38/><W66/><G66/><N who="0" m="39247" /><D76/><U83/><E55/><V6/><F6/><W127/><G127/><T72/><D72/><U40/><E40/><V46/><F46/><W95/><G47/><T110/><D110/><U13/><E13/><V52/><F43/><N who="3" m="24863" /><G36/><T124/><D124/><U48/><REACH who="1" step="1"/><E83/><REACH who="1" ten="180,290,80,440" step="2"/><V103/><F53/><W108/><G108/><T88/><D82/><U39/><E39/><V109/><F109/><W121/><G37/><T113/><D80/><U24/><E24/><V29/><F52/><W120/><G120/><T75/><D14/><U1/><E1/><V112/><F112/><W65/><G121/><RYUUKYOKU ba="0,1" sc="180,-10,290,30,80,-10,440,-10" hai1="5,8,12,22,26,30,48,54,58,86,87,99,104" />
</Scene>
<Scene>
<INIT seed="4,1,1,4,3,56" ten="170,320,70,430" oya="0" hai0="81,0,46,19,10,134,96,67,112,61,43,37,36" hai1="100,105,116,131,87,52,4,115,31,89,101,63,126" hai2="34,98,8,38,72,117,133,103,77,2,3,62,66" hai3="44,132,97,104,73,99,55,41,107,30,58,79,51"/><T68/><D112/><U121/><E116/><V7/><F117/><W90/><G132/><T6/><D134/><U111/><E111/><V17/><F133/><W35/><G30/><T76/><D19/><U22/><E121/><V11/><F17/><W54/><G35/><T74/><D96/><U109/><E109/><V16/><F16/><W48/><G41/><T91/><D91/><U32/><E32/><V23/><F23/><W108/><G108/><T95/><D95/><U119/><E119/><V127/><F127/><W83/><REACH who="3" step="1"/><G90/><REACH who="3" ten="170,320,70,420" step="2"/><T33/><D33/><U118/><E118/><V5/><F34/><W71/><G71/><T60/><D60/><U45/><E63/><V69/><F38/><AGARI ba="1,2" hai="0,6,10,36,37,38,43,46,61,67,68,74,76,81" machi="38" ten="30,18000,2" yaku="7,1,25,2,33,3,52,1" doraHai="56" who="0" fromWho="2" sc="170,203,320,0,70,-183,420,0" owari="373,17.0,320,-8.0,-113,-61.0,420,52.0" />
</Scene>
</mjloggm>