<mjloggm ver="2.3"><GO type="169" lobby="0"/><UN n0="%41%53%41%50%49%4E" n1="%79%69%6E%6E%65%72%30%36" n2="%E5%9F%BA%E7%A4%8E%E8%AB%96" n3="%E2%84%83%2D%75%74%65" dan="18,16,17,16" rate="2217,2085,2101,2067" sx="M,M,M,M"/><TAIKYOKU oya="0"/>

<Scene>
<INIT seed="0,0,0,0,1,28" ten="250,250,250,250" oya="0" hai0="0,125,117,111,135,132,50,74,87,38,13,60,101" hai1="84,62,12,56,91,19,48,51,86,97,59,23,66" hai2="65,24,18,103,114,9,40,34,78,68,58,104,47" hai3="95,128,109,6,96,41,120,102,53,71,124,100,4"/><T133/><D117/><U29/><E29/><V122/><F122/><W79/><G71/><T20/><D0/><U134/><E134/><V115/><F78/><W49/><G41/><T26/><D74/><U129/><E129/><V94/><F94/><W43/><G43/><T32/><D38/><U99/><E86/><V33/><F58/><W2/><G79/><T112/><D112/><U36/><E36/><N who="2" m="21895" /><F18/><W110/><G128/><T27/><D125/><U16/><E19/><V22/><F9/><W54/><G124/><T44/><D111/><U126/><E126/><V98/><F22/><W15/><G2/><T45/><D60/><U14/><E14/><V121/><F121/><W83/><G83/><T80/><D101/><U11/><E11/><V113/><F24/><N who="0" m="9258" /><D20/><U46/><E59/><V42/><F42/><W73/><G73/><T8/><D50/><N who="1" m="18987" /><E46/><N who="0" m="18025" /><D13/><U76/><E76/><V3/><F3/><W116/><G15/><T119/><D8/><U93/><AGARI ba="0,0" hai="12,16,23,56,62,66,84,91,93,97,99" m="18987" machi="93" ten="30,2000,0" yaku="8,1,54,1" doraHai="28" who="1" fromWho="1" sc="250,-10,250,20,250,-5,250,-5" />
</Scene>
<Scene>
<INIT seed="1,0,0,2,1,127" ten="240,270,245,245" oya="1" hai0="78,105,24,124,54,18,94,98,117,87,15,49,27" hai1="134,20,48,63,17,130,19,16,131,90,77,14,95" hai2="92,10,113,3,97,43,12,109,35,122,72,45,57" hai3="104,106,56,88,119,59,11,7,102,40,25,46,114"/><U23/><E77/><V28/><F122/><W91/><G114/><T68/><D68/><U126/><E126/><V50/><F113/><W103/><G25/><T58/><D124/><U67/><E134/><V62/><F109/><W118/><G46/><T53/><D105/><U73/><E73/><V135/><F135/><W120/><G7/><T30/><D117/><U69/><E48/><V71/><F3/><W36/><G120/><T123/><D123/><U125/><E125/><V42/><F71/><W55/><G55/><T121/><D121/><U86/><REACH who="1" step="1"/><E17/><REACH who="1" ten="240,260,245,245" step="2"/><V115/><F72/><W116/><G116/><T112/><D112/><U76/><E76/><V100/><F115/><W0/><G36/><T101/><D78/><U107/><E107/><V9/><F50/><W83/><G106/><T84/><D49/><U47/><E47/><V85/><F45/><W44/><G44/><T37/><D18/><U132/><E132/><V8/><F43/><W81/><G104/><T108/><D37/><U93/><E93/><V1/><F42/><W4/><G40/><T70/><D94/><U34/><E34/><V61/><F92/><W39/><G39/><T111/><D108/><U2/><E2/><V38/><F1/><W60/><G0/><T99/><D111/><U29/><E29/><V52/><F28/><W51/><G51/><T31/><D30/><U75/><E75/><V6/><F35/><W79/><G79/><T66/><D31/><U26/><AGARI ba="0,1" hai="14,16,19,20,23,26,63,67,69,86,90,95,130,131" machi="26" ten="30,12000,1" yaku="1,1,0,1,52,2,54,1,53,0" doraHai="127" doraHaiUra="128" who="1" fromWho="1" sc="240,-40,260,130,245,-40,245,-40" />
</Scene>
<Scene>
<INIT seed="1,1,0,2,3,87" ten="200,390,205,205" oya="1" hai0="19,89,13,114,112,103,58,82,110,127,51,104,39" hai1="65,50,10,42,41,1,11,52,5,27,35,135,22" hai2="67,9,80,130,68,118,77,98,125,0,81,15,4" hai3="131,113,64,45,33,20,119,7,124,8,95,84,31"/><U120/><E120/><V43/><F118/><W18/><G113/><T3/><D3/><U115/><E115/><V96/><F130/><W71/><G131/><T74/><D39/><U48/><E35/><V133/><F133/><W78/><G124/><T16/><D127/><U83/><E65/><V34/><F125/><W91/><G78/><T97/><D110/><U100/><E100/><V90/><F34/><W70/><G119/><T38/><D38/><U47/><E135/><V55/><F43/><W75/><G75/><T60/><D19/><U88/><E11/><V72/><F55/><W44/><G31/><T63/><D63/><U66/><E66/><V69/><F0/><W46/><G33/><T111/><D51/><U36/><E36/><V56/><F56/><W24/><REACH who="3" step="1"/><G64/><REACH who="3" ten="200,390,205,195" step="2"/><T12/><D112/><U29/><E48/><V53/><F67/><W121/><G121/><T25/><D74/><U32/><E32/><V76/><F76/><W59/><G59/><T54/><D114/><U107/><E107/><V94/><F77/><W101/><G101/><T37/><D111/><U79/><E79/><V40/><F72/><W23/><G23/><T129/><D129/><U85/><AGARI ba="1,1" hai="1,5,10,22,27,29,41,42,47,50,52,83,85,88" machi="85" ten="30,11700,0" yaku="0,1,52,1,54,2" doraHai="87" who="1" fromWho="1" sc="200,-40,390,130,205,-40,195,-40" />
</Scene>
<Scene>
<INIT seed="1,2,0,3,2,9" ten="160,520,165,155" oya="1" hai0="135,10,46,11,111,97,69,30,84,65,117,103,41" hai1="1,100,104,102,39,24,68,106,20,81,83,45,43" hai2="55,71,93,94,133,90,38,67,110,85,114,5,132" hai3="15,108,101,128,26,7,127,129,36,57,98,42,76"/><U118/><E1/><V17/><F5/><W0/><G76/><T58/><D117/><U21/><E68/><V95/><F38/><W6/><G0/><T64/><D69/><U82/><E118/><V53/><F110/><W116/><G116/><T3/><D111/><U134/><E134/><N who="2" m="51819" /><F114/><W77/><G77/><T72/><D72/><U62/><E62/><N who="2" m="40439" /><F17/><W113/><G113/><T2/><D135/><U74/><E74/><V35/><F35/><W51/><G108/><T54/><D30/><U88/><E88/><V119/><F119/><W34/><G36/><T33/><D33/><U16/><REACH who="1" step="1"/><E21/><REACH who="1" ten="160,510,165,155" step="2"/><V28/><F90/><W79/><G34/><T124/><D3/><U89/><E89/><V122/><F85/><W66/><G79/><T19/><D84/><U99/><E99/><V27/><F122/><W23/><G98/><T125/><D2/><U87/><E87/><V14/><F14/><W63/><G15/><T109/><D109/><U61/><E61/><V37/><F37/><W75/><G75/><T49/><D97/><U32/><E32/><V105/><F105/><AGARI ba="2,1" hai="16,20,24,39,43,45,81,82,83,100,102,104,105,106" machi="105" ten="40,3900,0" yaku="1,1,54,1,53,0" doraHai="9" doraHaiUra="25" who="1" fromWho="2" sc="160,0,510,55,165,-45,155,0" />
</Scene>
<Scene>
<INIT seed="1,3,0,3,5,74" ten="160,565,120,155" oya="1" hai0="55,116,54,64,110,98,84,43,0,75,78,48,71" hai1="21,4,20,117,79,35,133,24,31,108,106,12,128" hai2="80,119,124,85,59,2,53,127,104,73,95,129,60" hai3="8,120,69,36,135,44,68,16,76,100,22,3,70"/><U134/><E117/><V37/><F119/><W17/><G120/><T122/><D116/><U125/><E106/><V29/><F104/><W91/><G100/><T50/><D75/><U109/><E125/><V113/><F2/><W82/><G91/><T58/><D0/><U42/><E42/><V65/><F37/><W39/><G135/><N who="1" m="51722" /><E128/><V123/><F129/><W92/><G92/><T115/><D110/><N who="1" m="42603" /><E79/><V13/><F123/><W112/><G112/><T30/><D115/><U19/><E4/><V96/><F113/><W103/><G103/><T49/><D43/><U66/><E66/><V97/><F65/><W38/><G44/><T83/><D122/><U25/><E25/><V56/><F124/><W46/><G46/><T62/><D55/><U28/><E28/><V67/><F53/><W45/><G45/><T118/><D118/><U9/><AGARI ba="3,0" hai="9,12,19,20,21,24,31,35" m="42603,51722" machi="9" ten="30,12000,1" yaku="20,1,14,1,10,1,34,2" doraHai="74" who="1" fromWho="1" sc="160,-43,565,129,120,-43,155,-43" />
</Scene>
<Scene>
<INIT seed="1,4,0,3,2,78" ten="117,694,77,112" oya="1" hai0="89,99,33,79,71,88,95,15,110,45,52,5,14" hai1="113,82,31,40,128,121,25,17,69,132,21,27,37" hai2="24,76,30,108,53,65,70,91,48,98,61,127,7" hai3="64,56,46,42,36,87,63,77,60,8,51,92,117"/><U124/><E121/><V116/><F116/><W115/><G115/><T26/><D71/><U43/><E113/><V122/><F122/><W47/><G117/><T112/><D112/><U107/><E107/><V10/><F108/><W62/><G8/><N who="0" m="4367" /><D33/><U114/><E114/><V74/><F127/><W12/><G12/><T80/><D110/><U39/><E69/><V86/><F74/><W19/><G19/><T55/><D79/><U101/><E101/><V13/><F76/><W4/><G4/><T84/><D26/><U0/><E0/><V68/><F98/><W75/><G75/><T93/><D45/><U119/><E119/><V57/><F68/><W20/><G20/><T18/><D95/><U97/><E97/><V83/><F24/><W49/><G92/><T72/><D72/><U109/><E109/><V3/><REACH who="2" step="1"/><F30/><REACH who="2" ten="117,694,67,112" step="2"/><W34/><G77/><T105/><D105/><U134/><E124/><V104/><F104/><W129/><G87/><T102/><D102/><U96/><E96/><V120/><F120/><W28/><G28/><T123/><D123/><U133/><E128/><V59/><F59/><N who="3" m="36991" /><G129/><T11/><AGARI ba="4,1" hai="11,15,18,52,55,80,84,88,89,93,99" m="4367" machi="11" ten="30,7900,0" yaku="8,1,52,1,54,2" doraHai="78" who="0" fromWho="0" sc="117,101,694,-43,67,-24,112,-24" />
</Scene>
<Scene>
<INIT seed="2,0,0,2,0,5" ten="218,651,43,88" oya="2" hai0="130,62,97,25,48,77,30,89,119,52,58,31,37" hai1="114,35,39,115,69,67,112,32,38,71,125,135,63" hai2="26,2,118,96,66,107,14,61,123,60,121,78,117" hai3="21,4,73,82,98,87,17,133,131,49,42,122,90"/><V76/><F2/><W45/><G122/><N who="2" m="46601" /><F26/><W19/><G73/><T64/><D130/><U23/><E23/><V75/><F14/><W6/><G131/><T81/><D37/><N who="1" m="13835" /><E125/><V83/><F66/><W33/><G133/><T105/><D119/><N who="2" m="45578" /><F61/><W86/><G33/><N who="1" m="12874" /><E71/><V22/><F22/><W65/><G65/><T132/><D132/><AGARI ba="0,0" hai="63,67,69,112,114,115,132,135" m="12874,13835" machi="132" ten="40,1300,0" yaku="23,1" doraHai="5" who="1" fromWho="0" sc="218,-13,651,13,43,0,88,0" />
</Scene>
<Scene>
<INIT seed="3,0,0,5,4,21" ten="205,664,43,88" oya="3" hai0="46,31,55,129,97,79,100,34,6,88,32,69,52" hai1="105,99,82,5,9,89,121,125,109,63,59,54,74" hai2="53,131,72,24,73,124,26,86,38,113,15,85,115" hai3="62,94,30,87,47,92,1,42,106,101,2,119,96"/><W67/><G119/><T126/><D69/><U49/><E109/><V29/><F38/><W56/><G30/><T44/><D79/><U102/><E121/><V118/><F118/><W95/><REACH who="3" step="1"/><G87/><REACH who="3" ten="205,664,43,78" step="2"/><T12/><D31/><U22/><E125/><V16/><F124/><W135/><G135/><T40/><D126/><U80/><E74/><V7/><F73/><W58/><G58/><T93/><D44/><U104/><E59/><V123/><F72/><W36/><AGARI ba="0,1" hai="1,2,36,42,47,56,62,67,92,94,95,96,101,106" machi="36" ten="30,3000,0" yaku="1,1,0,1,53,0" doraHai="21" doraHaiUra="66" who="3" fromWho="3" sc="205,-10,664,-10,43,-10,78,40" />
</Scene>
<Scene>
<INIT seed="3,1,0,3,2,37" ten="195,654,33,118" oya="3" hai0="38,95,117,2,97,103,93,120,64,121,77,54,20" hai1="78,111,63,70,92,62,18,112,57,100,19,16,133" hai2="123,15,24,39,3,53,60,27,35,29,1,76,51" hai3="5,94,72,126,59,122,71,30,107,40,113,9,17"/><W52/><G122/><T7/><D117/><U131/><E112/><V32/><F123/><W6/><G107/><T31/><D38/><U115/><E115/><V22/><F39/><W98/><G71/><T68/><D77/><U87/><E131/><V80/><F60/><W10/><G72/><T102/><D54/><U134/><E111/><V73/><F15/><W119/><G30/><T28/><D64/><U58/><E70/><V46/><REACH who="2" step="1"/><F35/><REACH who="2" ten="195,654,23,118" step="2"/><W8/><G113/><T128/><D120/><U82/><E62/><V26/><F26/><W25/><G119/><T12/><D121/><U61/><E61/><V75/><F75/><W0/><G25/><T45/><D12/><U50/><E63/><V135/><F135/><N who="1" m="51721" /><E50/><V55/><F55/><W99/><G52/><T118/><D128/><U42/><E42/><V84/><F84/><W14/><G40/><T110/><D118/><U43/><E43/><V33/><F33/><W11/><G14/><T85/><D110/><U106/><E106/><V79/><F79/><W21/><G6/><T23/><D7/><U89/><E100/><V101/><F101/><W86/><G5/><T36/><D102/><U13/><E13/><V81/><F81/><W125/><G86/><AGARI ba="1,1" hai="16,18,19,57,58,78,82,86,87,89,92" m="51721" machi="86" ten="30,2000,0" yaku="20,1,54,1" doraHai="37" who="1" fromWho="3" sc="195,0,654,33,23,0,118,-23" />
</Scene>
<Scene>
<INIT seed="4,0,0,0,3,96" ten="195,687,23,95" oya="0" hai0="63,84,127,113,24,87,48,11,69,35,51,75,85" hai1="62,71,22,103,90,50,67,116,38,73,2,110,135" hai2="121,118,56,20,94,133,117,25,14,128,104,36,79" hai3="131,16,89,57,80,42,107,98,72,129,92,4,123"/><T64/><D75/><U61/><E38/><V101/><F121/><W3/><G123/><T70/><D113/><U46/><E2/><V86/><F36/><W27/><G42/><T9/><D127/><U125/><E125/><V81/><F128/><N who="3" m="49227" /><G107/><T37/><D37/><U93/><E73/><N who="2" m="43247" /><F14/><W120/><G120/><T132/><D132/><U29/><E110/><V99/><F56/><W55/><G4/><T34/><D24/><U119/><E62/><V68/><F68/><W26/><G3/><T100/><D84/><U95/><E29/><N who="2" m="17575" /><F133/><W6/><G6/><T13/><D63/><U32/><E22/><V77/><F77/><N who="3" m="44071" /><G16/><T91/><D13/><U115/><E32/><V54/><F54/><W7/><G7/><T43/><D43/><U112/><E135/><V19/><F19/><W83/><G83/><T44/><D35/><U122/><E122/><V31/><F31/><W30/><G30/><T108/><D34/><U49/><E49/><AGARI ba="0,0" hai="26,27,49,55,57,89,92,98" m="44071,49227" machi="49" ten="30,1000,0" yaku="19,1" doraHai="96" who="3" fromWho="1" sc="195,0,687,-10,23,0,95,10" />
</Scene>
<Scene>
<INIT seed="5,0,0,0,0,24" ten="195,677,23,105" oya="1" hai0="71,129,103,20,8,88,45,128,32,49,25,124,84" hai1="2,63,77,90,48,31,104,89,16,65,72,42,127" hai2="30,40,35,15,75,115,14,68,67,113,125,66,135" hai3="37,62,69,0,61,133,110,58,134,85,7,23,50"/><U99/><E2/><V120/><F120/><W114/><G110/><T27/><D71/><U98/><E127/><V60/><F125/><W121/><G121/><T57/><D124/><U33/><E77/><V82/><F135/><W26/><G37/><T122/><D122/><U97/><E72/><V54/><F67/><W6/><G114/><N who="2" m="43529" /><F40/><W87/><G69/><T59/><D103/><U5/><E5/><N who="3" m="1546" /><G0/><T132/><D8/><U78/><E78/><N who="2" m="44383" /><F54/><N who="3" m="32087" /><G134/><T123/><D32/><U47/><E104/><V92/><F92/><W126/><G126/><T100/><D132/><U118/><E118/><V3/><F3/><W108/><G108/><T106/><D123/><U91/><E16/><V119/><F119/><W17/><G133/><T55/><D106/><U38/><E38/><V18/><F18/><W51/><G51/><T117/><D49/><U12/><E12/><N who="2" m="4651" /><F35/><W130/><G130/><T1/><D55/><U53/><E33/><V109/><F109/><W28/><G17/><T107/><D1/><U22/><E42/><V13/><N who="2" m="4659" /><V94/><DORA hai="112" /><F94/><W52/><G52/><T21/><D117/><U70/><E22/><V96/><F96/><W9/><G9/><T64/><D21/><U56/><E70/><V111/><F111/><W10/><G10/><T39/><D20/><U101/><E101/><V80/><F80/><W29/><G29/><AGARI ba="0,0" hai="29,31,47,48,53,56,63,65,89,90,91,97,98,99" machi="29" ten="40,7700,0" yaku="8,1,52,2" doraHai="24,112" who="1" fromWho="3" sc="195,0,677,77,23,0,105,-77" /><AGARI ba="0,0" hai="29,30,60,66,68" m="4659,44383,43529" machi="29" ten="40,8000,1" yaku="15,1,11,1,52,2" doraHai="24,112" who="2" fromWho="3" sc="195,0,754,0,23,80,28,-80" owari="195,0.0,754,85.0,103,-30.0,-52,-55.0" />
</Scene>
</mjloggm>