<mjloggm ver="2.3"><GO type="169"/><UN n0="%E3%81%91%E3%82%93%31%39%37%30" n1="%E4%BD%90%E5%80%89%E7%B4%97%E7%B9%94" n2="%45%53%54%69" n3="%41%53%41%50%49%4E" dan="16,16,17,18" rate="2097,2061,2149,2230" sx="M,F,M,M"/><TAIKYOKU oya="0"/>

<Scene>
<INIT seed="0,0,0,1,2,129" ten="250,250,250,250" oya="0" hai0="36,46,28,110,119,38,111,80,25,109,17,73,47" hai1="88,55,56,15,70,7,30,53,82,123,84,22,106" hai2="127,0,32,116,64,21,14,65,113,35,96,29,13" hai3="130,10,68,6,42,11,134,4,115,74,103,77,128"/><T90/><D119/><U39/><E123/><V19/><F113/><W95/><G115/><T34/><D17/><U54/><E70/><V118/><F96/><N who="3" m="59807" /><G68/><T57/><D57/><U117/><E39/><V81/><F81/><N who="3" m="45239" /><G42/><T33/><D33/><N who="2" m="12874" /><F65/><W122/><G122/><T108/><N who="0" m="27648" /><DORA hai="87" /><T62/><D62/><U51/><E106/><V121/><F64/><W132/><G10/><T133/><D38/><U72/><E117/><N who="2" m="45163" /><F121/><W100/><G100/><T59/><D59/><U49/><E72/><V26/><F127/><W18/><G18/><T66/><D73/><U67/><E67/><V92/><F92/><W9/><G9/><T76/><D66/><U97/><E56/><V104/><F104/><W131/><G6/><T20/><D36/><U52/><E97/><V1/><F13/><AGARI ba="0,0" hai="4,11,13,128,130,131,132,134" m="45239,59807" machi="13" ten="30,3900,0" yaku="19,1,52,2" doraHai="129,87" who="3" fromWho="2" sc="250,0,250,0,250,-39,250,39" />
</Scene>
<Scene>
<INIT seed="1,0,0,1,4,94" ten="250,250,211,289" oya="1" hai0="4,83,64,29,66,42,35,72,132,15,60,47,52" hai1="3,63,58,18,115,111,128,92,104,69,12,34,16" hai2="129,41,121,78,119,124,67,54,26,85,96,32,99" hai3="112,38,122,116,80,133,21,87,71,103,88,51,9"/><U90/><E104/><V11/><F119/><W65/><G122/><T74/><D35/><U62/><E34/><V37/><F121/><W22/><G38/><T25/><D66/><U56/><E115/><V105/><F105/><W77/><G112/><T10/><D132/><U81/><E3/><V75/><F75/><W113/><G113/><T1/><D64/><U89/><E69/><V6/><F67/><W8/><G133/><T101/><D101/><U82/><E128/><V44/><F129/><W55/><G116/><T59/><D83/><N who="1" m="31755" /><E111/><V7/><F78/><W127/><G127/><T27/><D1/><U39/><E39/><V53/><F85/><W84/><G103/><T109/><D109/><U118/><E118/><V107/><F107/><W123/><G123/><T57/><D57/><N who="1" m="22123" /><E18/><V36/><F37/><W31/><G65/><T79/><D79/><U76/><E76/><V106/><F106/><W49/><G71/><T61/><D61/><N who="1" m="23051" /><E92/><V30/><F124/><W100/><G77/><T24/><D29/><U23/><AGARI ba="0,0" hai="12,16,23,89,90" m="23051,22123,31755" machi="23" ten="30,3000,0" yaku="8,1,54,1" doraHai="94" who="1" fromWho="1" sc="250,-10,250,30,211,-10,289,-10" />
</Scene>
<Scene>
<INIT seed="1,1,0,3,4,16" ten="240,280,201,279" oya="1" hai0="117,129,9,113,64,7,17,125,60,8,111,70,33" hai1="75,127,110,15,115,23,40,46,108,49,96,25,118" hai2="116,20,62,107,99,81,92,134,87,54,0,133,67" hai3="109,84,73,131,61,31,86,79,121,95,89,28,106"/><U85/><E118/><V74/><F0/><W26/><G121/><T97/><D113/><U132/><E75/><V45/><F116/><W53/><G109/><N who="1" m="42090" /><E115/><V128/><F74/><W130/><G106/><T103/><D117/><U126/><E132/><V13/><F107/><W24/><G73/><T101/><D111/><U18/><E85/><V124/><F124/><N who="1" m="47657" /><E96/><V77/><F128/><N who="3" m="49195" /><G53/><T38/><D129/><U3/><E3/><V37/><F54/><W123/><G61/><T44/><D125/><U98/><E98/><V47/><F134/><W93/><G123/><T22/><D97/><U30/><E30/><N who="3" m="11306" /><G79/><T42/><D33/><U43/><E43/><V135/><F133/><W56/><G86/><T83/><D83/><U94/><E94/><V29/><F135/><W65/><G95/><T32/><D32/><U41/><E41/><V114/><F114/><W5/><G84/><T58/><D42/><U66/><E66/><V88/><F37/><W119/><G93/><T50/><D38/><U90/><E90/><V80/><F80/><W76/><G89/><T21/><D64/><U105/><E105/><V12/><F67/><W120/><G65/><T63/><D70/><U10/><E10/><V82/><F81/><W122/><G119/><T52/><D9/><U102/><E102/><V55/><F55/><W104/><G104/><T112/><D103/><U71/><E71/><V1/><F82/><W39/><G122/><T11/><D101/><U59/><E59/><V2/><F87/><W91/><G120/><T48/><D112/><U72/><E72/><V6/><F92/><RYUUKYOKU ba="1,0" sc="240,-10,280,30,201,-10,279,-10" hai1="15,18,23,25,40,46,49" />
</Scene>
<Scene>
<INIT seed="1,2,0,2,1,9" ten="230,310,191,269" oya="1" hai0="15,47,53,46,74,24,112,37,11,16,27,133,34" hai1="117,7,114,77,1,102,99,67,54,113,97,18,66" hai2="93,81,122,104,0,2,135,13,105,68,10,88,79" hai3="87,98,50,94,39,129,118,78,76,42,82,43,59"/><U51/><E117/><V92/><F122/><W124/><G39/><T32/><D112/><U6/><E77/><V101/><F68/><W56/><G118/><T61/><D74/><U25/><E1/><V70/><F70/><W89/><G129/><T62/><D133/><U72/><E72/><N who="2" m="43239" /><F93/><W19/><G124/><T30/><D37/><U100/><E25/><V126/><F126/><W8/><G78/><T127/><D127/><U84/><E51/><V69/><F69/><W60/><G50/><T96/><D96/><U85/><E18/><N who="2" m="8503" /><F105/><W86/><G98/><T20/><D34/><U107/><E54/><V22/><F22/><W106/><G106/><AGARI ba="2,0" hai="6,7,66,67,84,85,97,99,100,102,106,107,113,114" machi="106" ten="25,2400,0" yaku="22,2" doraHai="9" who="1" fromWho="3" sc="230,0,310,30,191,0,269,-30" />
</Scene>
<Scene>
<INIT seed="1,3,0,4,0,125" ten="230,340,191,239" oya="1" hai0="16,44,76,131,34,135,8,132,60,43,70,6,4" hai1="68,107,51,128,123,67,29,21,41,88,108,72,120" hai2="64,36,9,18,75,12,87,94,10,86,118,33,66" hai3="77,96,119,103,42,99,11,27,62,85,24,71,101"/><U35/><E21/><V83/><F118/><W115/><G115/><T111/><D34/><U127/><E88/><V52/><F33/><W113/><G113/><T112/><D112/><U91/><E91/><N who="2" m="53631" /><F36/><W7/><G119/><T95/><D76/><U61/><E51/><V129/><F75/><W2/><G42/><T54/><D95/><U133/><E41/><V39/><F39/><W100/><G71/><T30/><D54/><U109/><E127/><V56/><F129/><W126/><G126/><T98/><D30/><U5/><E5/><V26/><F26/><W38/><G38/><T23/><D6/><U81/><E133/><V46/><F46/><W80/><REACH who="3" step="1"/><G62/><REACH who="3" ten="230,340,191,229" step="2"/><T19/><D60/><U79/><E128/><V53/><F9/><W59/><G59/><T32/><D8/><U31/><E31/><V84/><F56/><W114/><G114/><T78/><D131/><U50/><E50/><V69/><F69/><W65/><G65/><N who="2" m="25193" /><F86/><W37/><G37/><T73/><D70/><U93/><E93/><V13/><F13/><W124/><G124/><T117/><D117/><U22/><E107/><V97/><F97/><AGARI ba="3,1" hai="2,7,11,24,27,77,80,85,96,97,99,100,101,103" machi="97" ten="40,8000,1" yaku="1,1,53,3" doraHai="125" doraHaiUra="92" who="3" fromWho="2" sc="230,0,340,0,191,-89,229,99" />
</Scene>
<Scene>
<INIT seed="2,0,0,0,5,51" ten="230,340,102,328" oya="2" hai0="109,10,81,101,7,24,132,74,84,117,96,29,57" hai1="107,125,124,42,0,53,49,1,40,11,111,56,135" hai2="75,116,122,67,85,54,89,16,76,121,92,47,33" hai3="86,5,91,128,60,130,26,115,120,3,61,65,99"/><V8/><F116/><W64/><G120/><T110/><D117/><U123/><E123/><V113/><F113/><W23/><G115/><T31/><D74/><U37/><E107/><V106/><F33/><W58/><G99/><T134/><D57/><U103/><E103/><V88/><F106/><W118/><G118/><T126/><D84/><U95/><E95/><V112/><F112/><W133/><G133/><T14/><D81/><U72/><E135/><N who="0" m="51753" /><D96/><U100/><E100/><V66/><F122/><W87/><G5/><T35/><D31/><U131/><E72/><V36/><F121/><W9/><G9/><T18/><D101/><U43/><E37/><V104/><F104/><W94/><G3/><N who="0" m="383" /><D126/><U45/><E56/><V28/><F28/><N who="3" m="17503" /><G87/><T34/><D34/><U38/><E125/><V59/><F75/><W80/><G80/><T27/><D27/><U46/><E124/><V32/><F32/><W15/><G58/><T41/><D41/><U97/><E43/><V55/><F36/><W83/><G83/><T30/><D30/><U119/><E38/><V39/><F39/><W69/><G64/><N who="2" m="24617" /><F76/><W82/><G65/><T50/><D50/><U108/><E49/><N who="2" m="28991" /><F89/><W13/><G91/><T77/><D77/><U52/><E119/><V21/><F8/><AGARI ba="0,0" hai="8,14,18,24,29,35,109,110" m="383,51753" machi="8" ten="30,3900,0" yaku="20,1,34,2" doraHai="51" who="0" fromWho="2" sc="230,39,340,0,102,-39,328,0" />
</Scene>
<Scene>
<INIT seed="3,0,0,2,0,107" ten="269,340,63,328" oya="3" hai0="86,115,66,122,48,38,61,34,79,29,67,77,129" hai1="45,91,42,98,63,132,126,57,28,53,131,0,32" hai2="133,81,104,47,103,99,116,37,97,43,93,19,71" hai3="22,110,105,121,33,5,27,50,123,128,55,62,101"/><W65/><G33/><T35/><D38/><U17/><E0/><V23/><F71/><W106/><G128/><T2/><D2/><U76/><E131/><V8/><F116/><W16/><G110/><T41/><D129/><U118/><E76/><V88/><F133/><W14/><G105/><T13/><D122/><U15/><E132/><V11/><REACH who="2" step="1"/><F81/><REACH who="2" ten="269,340,53,328" step="2"/><W80/><G80/><T36/><D115/><U113/><E113/><V134/><F134/><W108/><G121/><T85/><D36/><U119/><E118/><V96/><F96/><W12/><G123/><T3/><D3/><U127/><E98/><V1/><F1/><W9/><G108/><T125/><D125/><U46/><E119/><V87/><F87/><W59/><G106/><T68/><D68/><U49/><E127/><V24/><AGARI ba="0,1" hai="8,11,19,23,24,37,43,47,88,93,97,99,103,104" machi="24" ten="20,8000,1" yaku="1,1,0,1,7,1,54,1,53,1" doraHai="107" doraHaiUra="89" who="2" fromWho="2" sc="269,-20,340,-20,53,90,328,-40" />
</Scene>
<Scene>
<INIT seed="4,0,0,4,0,91" ten="249,320,143,288" oya="0" hai0="46,10,81,21,17,52,74,55,27,26,3,106,88" hai1="109,90,73,11,56,95,83,41,70,135,100,111,132" hai2="124,107,2,82,102,54,48,6,92,7,120,35,61" hai3="98,47,68,16,134,122,36,94,75,64,110,20,8"/><T58/><D106/><U86/><E56/><V97/><F120/><W93/><G110/><N who="1" m="41994" /><E41/><V118/><F35/><W85/><G75/><T9/><D74/><U0/><E11/><V45/><F124/><W131/><G131/><T114/><D3/><U130/><E70/><V108/><F108/><W24/><G134/><N who="1" m="51242" /><E0/><V115/><F115/><W103/><G122/><T65/><D114/><U30/><E30/><V78/><F118/><W40/><G68/><T96/><D27/><U87/><E73/><V72/><F61/><W126/><G126/><T71/><D71/><U53/><E53/><N who="0" m="20553" /><D46/><U80/><E130/><V38/><F38/><W4/><G85/><N who="1" m="32266" /><E100/><V50/><F2/><W49/><G64/><T76/><D65/><U1/><E1/><V59/><REACH who="2" step="1"/><F107/><REACH who="2" ten="249,320,133,288" step="2"/><W127/><G127/><T104/><D104/><U69/><E69/><V133/><F133/><W22/><G36/><T33/><D33/><U67/><E67/><V128/><F128/><W105/><G22/><T113/><D113/><U77/><E77/><V119/><F119/><W42/><G42/><AGARI ba="0,1" hai="6,7,42,45,48,50,54,59,72,78,82,92,97,102" machi="42" ten="30,3900,0" yaku="1,1,7,1,52,1,53,0" doraHai="91" doraHaiUra="13" who="2" fromWho="3" sc="249,0,320,0,133,49,288,-39" />
</Scene>
<Scene>
<INIT seed="5,0,0,2,5,41" ten="249,320,182,249" oya="1" hai0="76,80,111,104,11,75,2,26,92,37,55,27,1" hai1="57,21,119,94,29,74,20,112,70,77,110,69,59" hai2="50,85,35,9,72,109,36,121,5,16,13,105,88" hai3="8,31,24,56,71,44,84,123,47,49,66,6,135"/><U108/><E94/><V114/><F36/><W10/><G123/><T86/><D111/><N who="1" m="42539" /><E29/><V117/><F109/><W65/><G71/><N who="1" m="27146" /><E74/><V89/><F121/><W53/><G135/><T62/><D104/><U99/><E77/><V3/><F117/><W63/><G84/><T83/><D92/><U96/><E119/><V132/><F132/><W91/><G91/><T42/><D2/><U113/><E57/><V118/><F118/><W124/><G124/><T90/><D1/><U51/><E51/><V78/><F105/><W46/><G49/><T115/><D11/><N who="3" m="4137" /><G6/><T34/><D34/><U93/><E93/><V131/><F35/><W133/><G133/><T39/><D26/><U32/><E32/><V38/><F50/><W100/><G100/><T116/><D27/><U127/><E127/><V107/><F5/><W7/><G7/><T54/><D116/><U101/><E101/><V0/><F72/><W98/><G98/><N who="1" m="37418" /><E59/><V97/><F0/><W22/><AGARI ba="0,0" hai="22,24,31,44,46,47,53,56,63,65,66" m="4137" machi="22" ten="30,7900,0" yaku="8,1,52,3" doraHai="41" who="3" fromWho="3" sc="249,-20,320,-39,182,-20,249,79" />
</Scene>
<Scene>
<INIT seed="6,0,0,1,1,46" ten="229,281,162,328" oya="2" hai0="43,108,97,70,0,94,55,87,22,78,5,131,125" hai1="90,85,27,24,120,56,17,68,123,118,19,29,73" hai2="110,2,99,77,89,59,6,64,63,26,95,48,79" hai3="51,40,103,41,67,81,98,104,96,31,7,106,18"/><V121/><F121/><N who="1" m="46665" /><E68/><V115/><F110/><W126/><G126/><T128/><D108/><U34/><E73/><V69/><F115/><W20/><G31/><T119/><D70/><U109/><E56/><V44/><F69/><W101/><G67/><T52/><D43/><U25/><E90/><V100/><F26/><N who="1" m="10345" /><E85/><V130/><F130/><W80/><G7/><T116/><D87/><U92/><E92/><V124/><F124/><W4/><G4/><T82/><D125/><U114/><E109/><V54/><REACH who="2" step="1"/><F89/><REACH who="2" ten="229,281,152,328" step="2"/><W14/><G103/><T10/><D131/><U42/><E114/><V53/><F53/><W49/><G101/><T133/><D128/><U88/><E88/><V32/><F32/><W112/><G112/><T111/><D111/><U13/><E42/><V117/><F117/><W71/><G71/><T36/><D119/><U122/><N who="1" m="46673" /><U35/><DORA hai="132" /><E118/><V58/><F58/><W76/><G40/><T105/><D116/><U113/><E113/><V135/><F135/><W12/><G41/><T47/><D133/><U72/><E35/><V28/><F28/><W107/><G80/><T38/><D82/><U60/><E27/><V86/><F86/><W11/><G81/><T66/><D55/><U21/><E29/><V74/><F74/><W91/><G91/><T61/><D52/><U50/><E34/><V16/><F16/><W83/><G83/><T23/><D5/><U102/><E72/><V30/><F30/><W9/><G18/><T1/><D97/><U39/><E19/><V62/><F62/><W15/><G96/><T57/><D61/><RYUUKYOKU ba="0,1" sc="229,-10,281,-10,152,30,328,-10" hai2="2,6,44,48,54,59,63,64,77,79,95,99,100" />
</Scene>
<Scene>
<INIT seed="6,1,1,4,4,78" ten="219,271,182,318" oya="2" hai0="35,63,22,103,92,62,2,5,14,21,94,107,38" hai1="93,51,72,6,135,87,53,125,44,70,12,109,65" hai2="105,104,102,129,54,127,88,50,108,123,100,75,41" hai3="23,77,81,24,61,113,91,106,86,84,46,27,31"/><V10/><F123/><W11/><G106/><T124/><D35/><U120/><E72/><V131/><F75/><W42/><G113/><T28/><D38/><U67/><E120/><V7/><F41/><W97/><G97/><T48/><D107/><N who="2" m="41034" /><F127/><W66/><G11/><T57/><D2/><U30/><E125/><V116/><F116/><W85/><G27/><T80/><D124/><U17/><E6/><V133/><F133/><W56/><G77/><T29/><D48/><AGARI ba="1,1" hai="23,24,31,42,46,48,56,61,66,81,84,85,86,91" machi="48" ten="30,3900,0" yaku="7,1,8,1,52,1" doraHai="78" who="3" fromWho="0" sc="219,-42,271,0,182,0,318,52" />
</Scene>
<Scene>
<INIT seed="7,0,0,3,4,68" ten="177,271,182,370" oya="3" hai0="125,108,78,76,51,114,52,71,54,122,58,123,49" hai1="84,121,18,126,70,15,67,5,93,62,119,73,44" hai2="40,118,127,27,25,53,42,46,98,115,86,31,55" hai3="80,111,83,85,14,47,112,11,9,41,103,48,24"/><W131/><G112/><T106/><D106/><U19/><E121/><V16/><F118/><W129/><G111/><T50/><D108/><U81/><E119/><V96/><F127/><W39/><G103/><T72/><D72/><U105/><E126/><V64/><F64/><W82/><G24/><N who="2" m="9289" /><F31/><W65/><G65/><T113/><D125/><U94/><E73/><V4/><F4/><N who="3" m="3367" /><G11/><T90/><D90/><U7/><E105/><V74/><F74/><W29/><G29/><T87/><D87/><U17/><E15/><V77/><F16/><W102/><G102/><T60/><D71/><U37/><E5/><V101/><F101/><W33/><G33/><T116/><D116/><U45/><E7/><V34/><F34/><W22/><G22/><T88/><D88/><U43/><REACH who="1" step="1"/><E45/><REACH who="1" ten="177,261,182,370" step="2"/><V107/><F46/><N who="3" m="23871" /><G131/><T117/><D117/><U8/><E8/><V38/><F107/><W92/><G129/><T12/><D12/><U132/><E132/><V95/><F115/><N who="0" m="44042" /><D78/><U57/><E57/><V75/><F77/><W26/><G47/><N who="0" m="27775" /><D76/><U69/><E69/><V128/><F128/><W110/><G110/><T130/><D130/><U104/><E104/><V0/><F75/><W30/><G26/><T56/><D56/><U133/><E133/><V124/><F124/><W10/><G30/><T1/><D1/><U63/><E63/><V3/><F0/><W99/><G10/><T79/><D79/><U21/><E21/><V109/><F3/><W89/><G89/><T91/><D91/><U28/><E28/><V59/><F109/><W66/><G85/><T120/><AGARI ba="0,1" hai="49,50,54,58,60,120,122,123" m="27775,44042" machi="120" ten="40,12000,2" yaku="5,1,15,1,11,1,34,2,54,1" doraHai="68" who="0" fromWho="0" sc="177,130,261,-30,182,-30,370,-60" owari="307,11.0,231,-17.0,152,-35.0,310,41.0" />
</Scene>
</mjloggm>