<mjloggm ver="2.3"><GO type="169"/><UN n0="%E7%88%B6%E3%81%A1%E3%82%83%E3%82%93%E8%A6%8B%E3%81%A6%E3%82%8B%EF%BC%9F" n1="%41%53%41%50%49%4E" n2="%6B%6F%67%65%70%61%6E" n3="%E7%81%BC%E7%9C%BC%E3%81%AE%E3%82%B7%E3%83%A3%E3%83%8A%E3%82%BF%E3%83%B3" dan="16,19,17,16" rate="2027,2204,2190,2156" sx="M,M,M,F"/><TAIKYOKU oya="0"/>

<Scene>
<INIT seed="0,0,0,2,3,131" ten="250,250,250,250" oya="0" hai0="1,73,95,111,81,12,77,133,52,87,79,121,9" hai1="17,128,23,130,41,89,103,93,96,122,32,78,67" hai2="134,19,132,37,48,80,125,38,124,108,102,101,63" hai3="60,127,7,94,119,110,117,76,71,33,28,100,49"/><T27/><D121/><U51/><E32/><V109/><F48/><W114/><G7/><T85/><D1/><U36/><E122/><V86/><F19/><W62/><G76/><T34/><D111/><N who="2" m="42570" /><F63/><W105/><G49/><T54/><D133/><N who="2" m="51306" /><F101/><W113/><G100/><T53/><D79/><U3/><E78/><N who="2" m="46359" /><F102/><W126/><G62/><T57/><D57/><U13/><E51/><V15/><F15/><W0/><G60/><T20/><D34/><U97/><E13/><V44/><F44/><W18/><G18/><T112/><D112/><U58/><E17/><V4/><F4/><W16/><G114/><T66/><D66/><U120/><E67/><V46/><F46/><W88/><G113/><T55/><N who="0" m="13312" /><DORA hai="43" /><T59/><D59/><U92/><E58/><V129/><F129/><W75/><G16/><T50/><D50/><U118/><E128/><V26/><F26/><W68/><G126/><AGARI ba="0,0" hai="37,38,124,125,126" m="46359,51306,42570" machi="126" ten="40,12000,2" yaku="18,1,14,1,20,1,52,3" doraHai="131,43" who="2" fromWho="3" sc="250,0,250,0,250,120,250,-120" />
</Scene>
<Scene>
<INIT seed="1,0,0,3,0,72" ten="250,250,370,130" oya="1" hai0="26,123,64,47,88,101,109,23,84,133,18,116,94" hai1="127,79,106,6,60,102,50,122,9,2,27,118,51" hai2="24,80,129,68,43,107,59,124,42,36,53,17,33" hai3="74,11,112,22,128,32,39,90,125,73,66,4,25"/><U134/><E118/><V57/><F107/><W130/><G112/><T69/><D116/><U16/><E122/><V10/><F68/><W34/><G39/><T14/><D133/><U29/><E134/><V100/><F100/><W89/><G66/><T99/><D109/><U105/><E127/><V7/><F124/><W97/><G125/><T21/><D123/><U75/><E60/><V45/><F129/><W40/><G40/><T61/><D47/><U55/><E102/><V120/><F120/><W81/><G97/><T30/><REACH who="0" step="1"/><D101/><REACH who="0" ten="240,250,370,130" step="2"/><U3/><E105/><V1/><F45/><W41/><G128/><T54/><D54/><U126/><E106/><V76/><F53/><W0/><G130/><T28/><D28/><U37/><E29/><V78/><F42/><W119/><G41/><T63/><D63/><U70/><E55/><V56/><F43/><W62/><G62/><T44/><D44/><U71/><E126/><V135/><F36/><W82/><G119/><T67/><D67/><U114/><E37/><V85/><F135/><W92/><G34/><T91/><D91/><U38/><E38/><V49/><F49/><W103/><G32/><T111/><D111/><U98/><E51/><V113/><F33/><W121/><G121/><T58/><D58/><U31/><E50/><V5/><F57/><W86/><G103/><T13/><D13/><U19/><E70/><V131/><F59/><W46/><G46/><T48/><D48/><U35/><E71/><V104/><F56/><W83/><G90/><T110/><D110/><U108/><E35/><V52/><F131/><RYUUKYOKU ba="0,1" sc="240,15,250,-15,370,-15,130,15" hai0="14,18,21,23,26,30,61,64,69,84,88,94,99" hai3="0,4,11,22,25,73,74,81,82,83,86,89,92" />
</Scene>
<Scene>
<INIT seed="2,1,1,2,4,83" ten="255,235,355,145" oya="2" hai0="115,124,14,89,12,18,112,32,94,1,16,122,24" hai1="29,17,63,70,68,81,101,58,53,126,95,113,98" hai2="64,118,35,67,41,36,110,114,84,125,117,28,10" hai3="128,80,85,45,60,69,116,66,19,22,108,11,51"/><V133/><F114/><W82/><G108/><T44/><D122/><U79/><E113/><V134/><F110/><W59/><G128/><T6/><D124/><U38/><E38/><V106/><F106/><W135/><G135/><N who="2" m="51721" /><F125/><W46/><G116/><T30/><D1/><U120/><E120/><V109/><F109/><W20/><G11/><T65/><D6/><U47/><E126/><V3/><F41/><W21/><G82/><T23/><D65/><N who="2" m="25162" /><F36/><W73/><G73/><T87/><REACH who="0" step="1"/><D44/><REACH who="0" ten="245,235,355,145" step="2"/><U96/><E47/><V61/><F3/><W104/><G46/><T131/><D131/><U100/><E68/><V52/><F118/><W55/><G104/><T27/><D27/><U132/><E70/><V91/><F117/><W33/><G33/><T77/><D77/><U105/><E79/><V50/><F35/><W48/><G69/><T7/><D7/><U121/><E105/><V78/><F78/><W93/><G45/><T88/><D88/><U62/><E132/><V86/><F91/><W76/><G76/><T111/><D111/><U25/><E25/><V15/><F28/><W8/><G59/><T4/><D4/><U103/><E58/><N who="2" m="33047" /><F61/><W99/><G60/><T0/><D0/><U72/><E63/><V56/><F56/><W42/><G42/><T2/><D2/><U102/><E62/><V92/><F92/><W37/><G93/><T107/><D107/><U13/><E95/><V97/><F97/><W90/><G99/><T54/><D54/><U71/><E98/><V119/><F119/><W31/><G55/><T5/><D5/><AGARI ba="1,2" hai="5,10,15,84,86" m="33047,25162,51721" machi="5" ten="30,11600,0" yaku="20,1,52,2,54,1" doraHai="83" who="2" fromWho="0" sc="245,-119,235,0,355,139,145,0" />
</Scene>
<Scene>
<INIT seed="2,2,0,3,5,41" ten="126,235,494,145" oya="2" hai0="62,109,105,130,37,120,54,24,124,132,38,78,36" hai1="94,89,83,7,51,15,10,110,76,68,112,26,107" hai2="114,64,121,53,63,90,9,59,50,86,29,72,47" hai3="73,46,25,128,20,111,22,57,35,125,88,135,84"/><V39/><F72/><W119/><G119/><T27/><D78/><U134/><E112/><V126/><F114/><W1/><G111/><T96/><D109/><U65/><E110/><V12/><F126/><W103/><G125/><T52/><D120/><U93/><E107/><V44/><F29/><W85/><G73/><T34/><D124/><U115/><E115/><V30/><F30/><W23/><G35/><T117/><D132/><U60/><E134/><V91/><F121/><W75/><G75/><T16/><D130/><U100/><E100/><V49/><F39/><W55/><G1/><T58/><D117/><U87/><E26/><V133/><F133/><W61/><G128/><T40/><D34/><U21/><E21/><V45/><F50/><N who="3" m="29143" /><G103/><T127/><D127/><U77/><E77/><V2/><F2/><W66/><G135/><T82/><D82/><U79/><E79/><V102/><F102/><W11/><G11/><T101/><D54/><U6/><E89/><N who="2" m="33803" /><F86/><N who="3" m="33387" /><G88/><T8/><REACH who="0" step="1"/><D40/><REACH who="0" ten="116,235,494,145" step="2"/><U67/><E76/><V122/><F122/><W106/><G106/><T19/><D19/><AGARI ba="2,1" hai="9,12,19,44,45,47,49,53,59,63,64" m="33803" machi="19" ten="30,11600,0" yaku="8,1,52,3" doraHai="41" who="2" fromWho="0" sc="116,-122,235,0,494,132,145,0" /><AGARI ba="2,0" hai="19,20,22,23,25,57,61,66" m="33387,29143" machi="19" ten="30,2000,0" yaku="8,1,52,1" doraHai="41" who="3" fromWho="0" sc="-6,-20,235,0,626,0,145,20" owari="-26,-53.0,235,4.0,626,72.0,165,-23.0" />
</Scene>
</mjloggm>