<mjloggm ver="2.3"><GO type="169"/><UN n0="%6E%69%6A%69" n1="%43%4F%52%41%4C" n2="%41%53%41%50%49%4E" n3="%41%70%70%6C%65%2A" dan="17,16,18,16" rate="2120,2065,2210,2057" sx="M,M,M,M"/><TAIKYOKU oya="0"/>

<Scene>
<INIT seed="0,0,0,4,1,23" ten="250,250,250,250" oya="0" hai0="44,97,11,104,129,119,28,37,101,116,130,29,132" hai1="16,42,25,124,62,122,99,60,8,102,38,82,15" hai2="13,91,56,1,10,86,90,7,41,106,18,52,50" hai3="39,75,84,109,32,107,2,35,57,36,30,0,98"/><T34/><D11/><U127/><E122/><V88/><F106/><W55/><G75/><T64/><D64/><U33/><E42/><V67/><F41/><W105/><G84/><T115/><D115/><U51/><E38/><V89/><F67/><W63/><G35/><T65/><D65/><U26/><E51/><V135/><F135/><W43/><G107/><T31/><D132/><U20/><E82/><V72/><F72/><W94/><G105/><T92/><D37/><U108/><E108/><V68/><F68/><W112/><G109/><T87/><D44/><U5/><E99/><V128/><F128/><N who="0" m="49258" /><D34/><U134/><E102/><V77/><F77/><W100/><G112/><T95/><D87/><U17/><E134/><V85/><REACH who="2" step="1"/><F91/><REACH who="2" ten="250,250,240,250" step="2"/><W121/><G121/><T6/><D119/><U48/><E48/><V66/><F66/><W54/><G55/><T53/><D116/><U78/><E78/><V9/><AGARI ba="0,1" hai="1,7,9,10,13,18,50,52,56,85,86,88,89,90" machi="9" ten="30,8000,1" yaku="1,1,0,1,54,2,53,1" doraHai="23" doraHaiUra="3" who="2" fromWho="2" sc="250,-40,250,-20,240,90,250,-20" />
</Scene>
<Scene>
<INIT seed="1,0,0,4,1,38" ten="210,230,330,230" oya="1" hai0="69,31,33,102,121,116,35,118,45,36,7,87,91" hai1="92,133,113,126,14,114,93,67,103,10,28,80,53" hai2="82,42,73,112,57,47,128,58,22,132,115,9,30" hai3="125,61,50,39,70,6,130,59,83,68,85,5,76"/><U88/><E28/><V74/><F128/><W90/><G39/><T0/><D69/><U19/><E133/><V54/><F132/><W17/><G130/><T109/><D121/><U3/><E3/><V123/><F123/><W51/><G125/><T111/><D102/><U27/><E126/><V20/><F9/><W4/><G68/><T52/><D7/><U44/><E27/><N who="2" m="16743" /><F22/><W34/><G34/><T105/><D0/><U56/><E113/><N who="2" m="43595" /><F82/><W21/><G70/><T25/><D105/><U71/><E114/><V134/><F134/><W120/><G120/><T65/><D33/><U43/><E103/><V129/><F129/><W95/><G21/><T64/><D118/><U11/><E71/><V66/><F66/><N who="3" m="39231" /><G17/><T46/><D116/><U108/><E67/><V110/><F110/><N who="0" m="41994" /><D36/><U8/><E108/><V100/><F100/><W104/><G104/><T40/><D64/><U119/><E119/><V94/><F94/><W49/><G95/><N who="0" m="54783" /><D65/><U101/><E101/><V86/><F86/><W81/><G83/><T29/><D29/><U84/><E93/><V135/><F135/><W96/><G96/><T99/><D99/><U127/><E127/><V106/><F106/><W60/><G76/><T23/><D23/><U97/><E97/><V37/><F58/><W15/><G15/><T13/><D13/><U1/><E92/><V18/><F18/><W89/><G89/><T55/><D46/><U62/><E1/><V41/><F47/><W48/><N who="3" m="12288" /><DORA hai="75" /><W2/><G2/><T77/><D77/><U124/><E124/><V72/><F37/><AGARI ba="0,0" hai="8,10,11,14,19,37,43,44,53,56,62,80,84,88" machi="37" ten="30,5800,0" yaku="7,1,52,1,54,1" doraHai="38,75" who="1" fromWho="2" sc="210,0,230,58,330,-58,230,0" />
</Scene>
<Scene>
<INIT seed="1,1,0,4,5,43" ten="210,288,272,230" oya="1" hai0="5,66,119,17,113,48,15,55,105,133,47,107,92" hai1="127,69,21,25,114,90,74,52,59,76,65,35,118" hai2="82,106,67,46,81,109,34,31,128,71,54,77,68" hai3="99,63,4,80,10,51,70,9,23,94,56,2,117"/><U135/><E118/><V121/><F121/><W134/><G134/><T41/><D119/><U19/><E114/><V0/><F106/><W131/><G131/><T100/><D113/><U91/><E135/><V115/><F115/><W37/><G37/><T16/><D66/><U88/><E35/><V116/><F116/><W112/><G112/><T40/><D133/><U61/><E127/><V72/><F0/><W126/><G126/><T49/><D40/><U53/><REACH who="1" step="1"/><E69/><REACH who="1" ten="210,278,272,230" step="2"/><V42/><F68/><W87/><G70/><T45/><D107/><U57/><E57/><V32/><F71/><W96/><G56/><T86/><D105/><U28/><E28/><V103/><F31/><W102/><G117/><T97/><D86/><U33/><E33/><V60/><F32/><W120/><G87/><T64/><D64/><U39/><E39/><V104/><F34/><W6/><G120/><T89/><D100/><U98/><E98/><V26/><F103/><W108/><G99/><T129/><D129/><U132/><E132/><V122/><F104/><W14/><G96/><T36/><D36/><U73/><E73/><V30/><F72/><W101/><G102/><T50/><D50/><U84/><E84/><V123/><F128/><W22/><G101/><T83/><D83/><AGARI ba="1,1" hai="19,21,25,52,53,59,61,65,74,76,83,88,90,91" machi="83" ten="40,18000,2" yaku="1,1,54,2,53,3" doraHai="43" doraHaiUra="85" who="1" fromWho="0" sc="210,-183,278,193,272,0,230,0" />
</Scene>
<Scene>
<INIT seed="1,2,0,5,1,61" ten="27,471,272,230" oya="1" hai0="54,76,33,94,65,35,14,39,119,63,105,60,23" hai1="21,28,32,99,2,132,55,3,74,123,91,12,62" hai2="4,120,57,89,41,87,11,96,125,36,44,47,81" hai3="134,67,84,25,17,29,69,101,116,104,16,13,75"/><U9/><E74/><V27/><F120/><W15/><G75/><T71/><D105/><U95/><E123/><V90/><F125/><W45/><G84/><T129/><D39/><U127/><E32/><V31/><F47/><W98/><G45/><T88/><D129/><U92/><E127/><V111/><F111/><W0/><G134/><T80/><D119/><U7/><E132/><V113/><F57/><W85/><G85/><T83/><D83/><U40/><E40/><V46/><F113/><W118/><G0/><T68/><D14/><U93/><E3/><V6/><F44/><W64/><G15/><T26/><D54/><U135/><E135/><V106/><F11/><W86/><G86/><T37/><D37/><U52/><E2/><V122/><F122/><W109/><G109/><T8/><D8/><U22/><E55/><V130/><F130/><W100/><G100/><T82/><D76/><U1/><E1/><V10/><F10/><N who="3" m="6199" /><G17/><T77/><D77/><U103/><E28/><V59/><F59/><W50/><G50/><T73/><D73/><U133/><E133/><V110/><F110/><W108/><G108/><T19/><D35/><U114/><E114/><V20/><REACH who="2" step="1"/><F106/><REACH who="2" ten="27,471,262,230" step="2"/><W42/><G42/><T126/><D126/><U48/><E9/><V72/><F72/><W117/><G69/><T24/><D71/><U49/><E103/><V34/><F34/><AGARI ba="2,1" hai="25,29,34,64,67,98,101,104,116,117,118" m="6199" machi="34" ten="30,7700,0" yaku="12,1,52,2,54,1" doraHai="61" who="3" fromWho="2" sc="27,0,471,0,262,-83,230,93" />
</Scene>
<Scene>
<INIT seed="2,0,0,0,0,109" ten="27,471,179,323" oya="2" hai0="107,54,0,4,58,1,110,2,102,43,8,90,41" hai1="119,33,45,35,98,14,125,61,93,120,17,99,108" hai2="135,16,20,106,74,92,15,87,130,100,68,115,114" hai3="101,112,94,97,28,122,127,46,40,63,104,70,89"/><V88/><F68/><W86/><G122/><T3/><D110/><U65/><E119/><V49/><F74/><W38/><G28/><T84/><D102/><U123/><E108/><V36/><F36/><W71/><G127/><T129/><D107/><U126/><E45/><V82/><F130/><W30/><G30/><T7/><D129/><U12/><E61/><V85/><F135/><W53/><G53/><T66/><D66/><U69/><E65/><V80/><F106/><W105/><G105/><T26/><D26/><U23/><E69/><V24/><F100/><W77/><G63/><T31/><D31/><U103/><E99/><V10/><F49/><W5/><G5/><T48/><REACH who="0" step="1"/><D7/><REACH who="0" ten="17,471,179,323" step="2"/><U132/><E103/><V64/><F64/><W95/><G104/><T52/><D52/><U6/><E123/><V118/><F118/><W57/><G101/><T37/><D37/><U116/><E120/><V50/><F50/><W79/><G70/><T131/><D131/><U51/><E51/><V47/><F47/><W44/><G44/><T67/><D67/><U59/><E116/><V32/><F32/><W34/><G34/><T128/><D128/><U96/><E35/><V39/><F39/><W121/><G71/><T72/><D72/><U18/><E33/><V73/><F73/><W117/><G121/><T76/><D76/><U83/><E126/><V21/><F24/><W111/><G117/><T75/><D75/><U134/><E125/><V9/><F88/><W133/><G38/><T55/><D55/><U60/><E6/><V62/><F62/><W81/><G46/><RYUUKYOKU ba="0,1" sc="17,30,471,-10,179,-10,323,-10" hai0="0,1,2,3,4,8,41,43,48,54,58,84,90" />
</Scene>
<Scene>
<INIT seed="3,1,1,0,2,87" ten="47,461,169,313" oya="3" hai0="104,49,113,105,126,81,110,22,29,31,3,88,43" hai1="79,25,28,89,114,0,46,7,51,80,47,38,41" hai2="68,60,65,27,92,91,50,96,128,53,59,9,37" hai3="21,32,122,124,130,109,71,66,19,12,125,78,90"/><W4/><G122/><T16/><D3/><U33/><E114/><V108/><F108/><W70/><G32/><T58/><D110/><U83/><E7/><V119/><F119/><W73/><G109/><T115/><D126/><N who="3" m="48745" /><G130/><T45/><D58/><U39/><E0/><V72/><F72/><W63/><G4/><T131/><D131/><U40/><E83/><V97/><F128/><W1/><G1/><T134/><D134/><U2/><E2/><V127/><F127/><W52/><G78/><T121/><D121/><U94/><E79/><V18/><F37/><W11/><G11/><T103/><D29/><U13/><E80/><V34/><F34/><W129/><G73/><T123/><D31/><U118/><E118/><V117/><F117/><W99/><G129/><T112/><D103/><U26/><E26/><V100/><F27/><W15/><G12/><N who="0" m="9479" /><D123/><U10/><E13/><V82/><F18/><W93/><G66/><T14/><D14/><U30/><E10/><V56/><F9/><W75/><G75/><T116/><D116/><U42/><E30/><V69/><REACH who="2" step="1"/><F82/><REACH who="2" ten="47,461,159,313" step="2"/><W84/><G99/><T57/><D57/><AGARI ba="1,2" hai="15,19,21,52,57,63,70,71,84,90,93" m="48745" machi="57" ten="30,5800,0" yaku="18,1,52,1,54,1" doraHai="87" who="3" fromWho="0" sc="47,-61,461,0,159,0,313,81" owari="-14,-51.0,461,56.0,159,-24.0,394,19.0" />
</Scene>
</mjloggm>