<mjloggm ver="2.3"><GO type="169"/><UN n0="%41%53%41%50%49%4E" n1="%73%61%77%6C%79" n2="%6D%69%6E%32%30%30%32" n3="%E3%81%91%E3%82%93%31%39%37%30" dan="19,17,16,16" rate="2197,2149,2096,2122" sx="M,M,F,M"/><TAIKYOKU oya="0"/>

<Scene>
<INIT seed="0,0,0,5,3,47" ten="250,250,250,250" oya="0" hai0="61,19,89,115,22,127,109,5,72,131,8,132,117" hai1="121,40,66,120,135,129,122,48,78,90,99,14,79" hai2="58,98,84,26,123,4,107,31,92,97,54,51,0" hai3="49,76,63,128,100,71,43,96,12,18,67,6,34"/><T101/><D115/><U119/><E135/><V103/><F123/><W28/><G76/><T57/><D117/><U126/><E126/><V32/><F84/><W105/><G6/><T69/><D72/><U87/><E129/><V15/><F0/><W94/><G94/><T74/><D74/><U55/><E119/><V42/><F42/><W45/><G128/><T118/><D131/><U62/><E40/><V111/><F111/><W81/><G81/><T73/><D73/><U16/><E99/><V102/><F4/><W116/><G116/><T44/><D69/><U25/><E25/><V106/><F15/><W110/><G110/><T2/><D109/><U20/><E66/><V13/><F13/><W68/><G68/><T33/><D33/><U52/><E62/><V41/><F41/><W37/><G12/><T29/><D2/><U50/><E55/><V108/><REACH who="2" step="1"/><F108/><REACH who="2" ten="250,250,240,250" step="2"/><W53/><G18/><T114/><D118/><U95/><REACH who="1" step="1"/><E50/><REACH who="1" ten="250,240,240,250" step="2"/><V64/><F64/><W70/><G70/><T60/><D127/><U39/><E39/><V46/><F46/><AGARI ba="0,2" hai="14,16,20,46,48,52,78,79,87,90,95,120,121,122" machi="46" ten="40,8000,1" yaku="1,1,52,1,54,2,53,0" doraHai="47" doraHaiUra="3" who="1" fromWho="2" sc="250,0,240,100,240,-80,250,0" />
</Scene>
<Scene>
<INIT seed="1,0,0,5,5,11" ten="250,340,160,250" oya="1" hai0="53,104,125,41,103,67,65,78,102,36,14,113,77" hai1="29,101,95,15,72,50,121,13,120,10,40,126,106" hai2="59,97,71,131,81,74,96,5,32,42,89,18,12" hai3="109,38,25,127,62,69,49,98,122,110,111,91,20"/><U16/><E106/><V93/><F71/><W129/><G38/><T39/><D104/><U0/><E72/><V30/><F131/><W63/><G122/><T9/><D53/><U2/><E0/><V61/><F5/><W37/><G37/><T75/><D9/><U21/><E2/><V100/><F42/><W55/><G129/><T64/><D64/><U105/><E105/><V119/><F119/><W85/><G98/><T124/><D75/><U117/><E117/><V44/><F44/><W57/><G69/><T134/><D41/><U84/><E126/><V58/><F32/><W48/><G48/><T52/><D52/><U99/><E29/><V107/><F30/><W56/><G56/><T22/><D22/><U47/><E84/><V132/><F132/><W123/><G127/><T8/><D8/><U43/><E43/><V114/><F114/><W26/><G26/><T1/><D1/><U90/><E101/><V92/><F61/><W7/><G7/><AGARI ba="0,0" hai="7,10,13,15,16,21,40,47,50,90,95,99,120,121" machi="7" ten="30,11600,0" yaku="7,1,52,2,54,1" doraHai="11" who="1" fromWho="3" sc="250,0,340,116,160,0,250,-116" />
</Scene>
<Scene>
<INIT seed="1,1,0,5,1,69" ten="250,456,160,134" oya="1" hai0="77,43,107,10,120,47,119,12,56,45,114,65,16" hai1="117,116,105,102,46,68,88,70,17,109,94,54,126" hai2="84,71,18,38,111,33,93,19,25,8,106,48,24" hai3="90,100,29,73,112,99,55,40,36,85,59,5,15"/><U42/><E126/><V103/><F71/><W61/><G112/><T75/><D114/><U44/><E109/><V66/><F106/><W104/><G73/><T34/><D34/><U21/><E70/><V31/><F111/><W79/><G79/><T37/><D119/><U22/><E68/><V125/><F125/><W41/><G29/><T130/><D107/><U30/><E117/><V9/><F66/><W53/><G53/><T35/><D35/><U101/><E116/><V97/><F38/><W134/><G134/><T121/><D130/><U89/><E105/><V72/><F72/><W113/><G113/><T7/><D45/><U81/><E30/><V127/><F127/><W78/><G78/><T62/><D77/><U129/><E129/><V52/><F84/><W131/><G131/><T122/><D75/><U0/><E0/><V118/><F118/><W74/><G74/><T63/><D63/><U82/><E54/><V57/><REACH who="2" step="1"/><F25/><REACH who="2" ten="250,456,150,134" step="2"/><W135/><G36/><T2/><REACH who="0" step="1"/><D121/><REACH who="0" ten="240,456,150,134" step="2"/><U76/><E76/><V98/><F98/><W80/><G135/><T1/><D1/><U49/><E46/><V4/><F4/><W14/><G5/><T108/><D108/><U23/><E44/><V60/><F60/><W67/><G67/><T27/><D27/><U115/><E115/><V86/><F86/><W58/><G85/><T128/><D128/><U20/><E17/><AGARI ba="1,2" hai="8,9,17,18,19,24,31,33,48,52,57,93,97,103" machi="17" ten="40,2600,0" yaku="1,1,54,1,53,0" doraHai="69" doraHaiUra="110" who="2" fromWho="1" sc="240,0,456,-29,150,49,134,0" />
</Scene>
<Scene>
<INIT seed="2,0,0,5,4,81" ten="240,427,199,134" oya="2" hai0="109,79,53,54,42,118,43,24,97,111,86,3,44" hai1="106,11,59,9,2,51,129,128,58,99,30,34,50" hai2="0,101,75,95,94,133,78,55,65,26,39,80,124" hai3="69,90,23,108,131,126,119,121,102,8,49,20,15"/><V32/><F39/><W35/><G69/><T64/><D3/><U25/><E106/><V47/><F0/><W14/><G102/><T56/><D118/><U70/><E70/><V87/><F133/><W68/><G68/><T7/><D7/><U134/><E134/><V10/><F124/><W72/><G72/><T103/><D24/><U104/><E104/><V4/><F65/><W57/><G57/><N who="1" m="21514" /><E99/><V29/><F101/><W135/><G49/><N who="1" m="18442" /><E2/><V1/><F47/><W91/><G135/><T113/><D113/><U93/><E93/><V6/><F6/><W112/><G112/><T52/><D44/><U114/><E114/><V41/><F41/><W125/><G119/><T19/><D19/><U100/><E100/><V107/><F107/><W73/><G73/><T31/><D31/><U77/><E77/><V16/><F55/><W84/><G8/><T130/><D130/><U96/><E96/><V21/><REACH who="2" step="1"/><F75/><REACH who="2" ten="240,427,189,134" step="2"/><W38/><G38/><T85/><D42/><U127/><E127/><V12/><AGARI ba="0,1" hai="1,4,10,12,16,21,26,29,32,78,80,87,94,95" machi="12" ten="20,24000,3" yaku="1,1,2,1,0,1,7,1,24,2,52,1,54,1,53,0" doraHai="81" doraHaiUra="110" who="2" fromWho="2" sc="240,-80,427,-80,189,250,134,-80" />
</Scene>
<Scene>
<INIT seed="2,1,0,4,0,10" ten="160,347,439,54" oya="2" hai0="86,46,100,58,27,116,132,20,56,114,64,125,90" hai1="60,115,109,39,45,41,48,118,47,67,0,94,107" hai2="113,3,127,84,33,77,50,65,87,121,89,44,18" hai3="1,53,5,54,55,35,131,93,37,8,16,52,30"/><V23/><F3/><W40/><G131/><T22/><D114/><U74/><E109/><V88/><F33/><W13/><G37/><T7/><D132/><U104/><E115/><V130/><F121/><W122/><G40/><T72/><D72/><U4/><E118/><V2/><F2/><W79/><G79/><T29/><D125/><U81/><E0/><V19/><F130/><W103/><G122/><T61/><D116/><U80/><E4/><V112/><F127/><W117/><G117/><T92/><D7/><U111/><E111/><V24/><F77/><W96/><G55/><T128/><D128/><U14/><E14/><V101/><F101/><W57/><G30/><T133/><D133/><U119/><E119/><V83/><F65/><W51/><REACH who="3" step="1"/><G35/><REACH who="3" ten="160,347,439,44" step="2"/><T91/><D29/><U82/><E39/><V71/><F113/><W66/><G66/><T120/><D120/><U6/><E41/><V99/><F112/><W28/><G28/><T42/><D42/><U75/><E67/><V62/><F71/><W21/><AGARI ba="1,1" hai="1,5,8,13,16,21,51,52,53,54,57,93,96,103" machi="21" ten="20,12000,2" yaku="1,1,0,1,7,1,52,1,54,2,53,0" doraHai="10" doraHaiUra="134" who="3" fromWho="3" sc="160,-31,347,-31,439,-61,44,133" />
</Scene>
<Scene>
<INIT seed="3,0,0,2,0,97" ten="129,316,378,177" oya="3" hai0="88,107,64,118,34,71,134,13,35,77,114,98,92" hai1="108,56,18,65,110,122,104,129,87,2,130,100,135" hai2="99,113,26,47,32,24,101,29,91,37,94,8,1" hai3="126,70,93,30,28,85,60,9,86,31,103,58,25"/><W44/><G126/><T20/><D118/><U43/><E2/><V132/><F113/><W102/><G70/><T54/><D114/><U73/><E122/><V115/><F115/><W90/><G25/><T3/><D3/><U84/><E73/><V39/><F132/><W27/><G27/><T50/><D134/><U0/><E0/><V72/><F72/><W38/><G9/><T14/><D77/><U82/><E43/><V83/><F26/><W133/><G133/><T123/><D123/><U96/><E18/><V36/><F47/><W68/><G68/><T59/><D107/><U49/><E135/><V112/><F112/><W117/><G117/><T95/><D20/><U52/><E65/><V4/><REACH who="2" step="1"/><F83/><REACH who="2" ten="129,316,368,177" step="2"/><W22/><G22/><T69/><D35/><U125/><E125/><V11/><F11/><W109/><G109/><N who="1" m="42090" /><E82/><V75/><F75/><W7/><G7/><T15/><D34/><U89/><E89/><AGARI ba="0,1" hai="1,4,8,24,29,32,36,37,39,89,91,94,99,101" machi="89" ten="40,2600,0" yaku="1,1,52,1,53,0" doraHai="97" doraHaiUra="55" who="2" fromWho="1" sc="129,0,316,-26,368,36,177,0" />
</Scene>
<Scene>
<INIT seed="4,0,0,2,0,62" ten="129,290,404,177" oya="0" hai0="61,42,51,0,70,80,23,26,84,129,68,6,17" hai1="7,102,20,49,32,38,58,47,16,22,4,105,79" hai2="85,54,5,97,8,44,127,11,114,99,18,117,29" hai3="93,43,113,10,119,66,131,87,120,50,37,67,77"/><T30/><D129/><U33/><E38/><V72/><F72/><W24/><G119/><T40/><D0/><U21/><E79/><V60/><F114/><W74/><G37/><T15/><D6/><U133/><E133/><V128/><F127/><W2/><G74/><T86/><D86/><U122/><E122/><V123/><F29/><W98/><G113/><T13/><D13/><U89/><E89/><V28/><F18/><W1/><G120/><T46/><D42/><U96/><E58/><V52/><F44/><N who="3" m="25887" /><G2/><T9/><REACH who="0" step="1"/><D61/><REACH who="0" ten="119,290,404,177" step="2"/><U12/><E4/><V36/><F60/><W126/><G1/><T111/><D111/><U65/><E7/><V71/><F85/><W35/><G131/><T81/><D81/><U39/><E12/><V92/><F5/><W88/><G126/><T130/><D130/><U110/><E110/><V91/><F128/><W104/><G87/><T109/><D109/><U82/><E82/><V31/><F123/><W41/><G41/><T124/><D124/><U3/><E3/><V69/><F117/><W63/><G63/><T14/><D14/><U135/><E135/><V95/><F71/><W73/><G73/><T121/><D121/><U78/><E78/><AGARI ba="0,1" hai="9,15,17,23,26,30,40,46,51,68,70,78,80,84" machi="78" ten="30,2900,0" yaku="1,1,7,1,53,0" doraHai="62" doraHaiUra="134" who="0" fromWho="1" sc="119,39,290,-29,404,0,177,0" />
</Scene>
<Scene>
<INIT seed="4,1,0,0,1,109" ten="158,261,404,177" oya="0" hai0="83,133,44,41,132,70,112,60,8,0,29,45,103" hai1="28,127,113,66,111,123,102,93,27,104,126,80,30" hai2="72,16,53,108,105,37,14,125,57,73,95,20,84" hai3="100,97,82,122,17,33,35,115,21,87,79,98,106"/><T24/><D103/><U69/><E111/><V26/><F105/><W99/><G122/><T129/><D129/><U121/><E104/><V61/><F37/><W101/><G99/><T62/><D83/><U47/><E69/><V11/><F125/><N who="1" m="47625" /><E66/><V25/><F25/><W116/><G116/><T1/><D70/><U91/><E47/><N who="0" m="17993" /><D41/><U46/><E46/><V134/><F134/><N who="0" m="51818" /><D112/><U32/><E30/><V90/><F108/><W10/><G10/><T58/><D8/><U52/><E102/><V5/><AGARI ba="1,0" hai="5,11,14,16,20,26,53,57,61,72,73,84,90,95" machi="5" ten="20,2700,0" yaku="0,1,7,1,54,1" doraHai="109" who="2" fromWho="2" sc="158,-14,261,-8,404,30,177,-8" />
</Scene>
<Scene>
<INIT seed="5,0,0,2,1,41" ten="144,253,434,169" oya="1" hai0="127,18,26,70,111,103,110,63,88,130,71,50,125" hai1="114,67,1,29,8,62,38,75,40,30,94,78,2" hai2="60,82,34,14,22,73,65,107,45,95,64,31,49" hai3="58,80,133,13,42,55,39,12,68,120,47,69,85"/><U115/><E94/><V66/><F107/><W56/><G120/><T108/><D103/><U102/><E102/><V44/><F34/><W74/><G74/><T93/><D130/><U128/><E128/><V17/><F31/><W28/><G28/><T61/><D50/><U86/><E86/><V11/><F60/><N who="0" m="23114" /><D18/><U116/><E116/><V20/><F73/><W21/><G58/><T87/><D26/><U25/><E29/><V90/><F82/><W81/><G81/><T117/><D117/><U106/><E106/><V54/><F45/><W91/><G133/><T52/><D52/><U92/><E92/><V37/><F37/><W96/><G96/><AGARI ba="0,0" hai="11,14,17,20,22,44,49,54,64,65,66,90,95,96" machi="96" ten="40,2600,0" yaku="8,1,52,1" doraHai="41" who="2" fromWho="3" sc="144,0,253,0,434,26,169,-26" />
</Scene>
<Scene>
<INIT seed="6,0,0,0,4,22" ten="144,253,460,143" oya="2" hai0="109,92,76,70,79,78,116,102,9,134,64,6,115" hai1="124,60,47,81,101,85,23,87,74,130,20,34,82" hai2="73,107,31,126,135,11,39,55,131,50,38,27,86" hai3="94,118,122,30,8,111,28,95,1,35,75,19,123"/><V4/><F73/><W17/><G111/><T62/><D109/><U100/><E130/><V117/><F107/><W67/><G75/><T57/><D115/><U90/><E124/><V113/><F117/><W32/><G8/><T51/><D116/><U42/><E34/><V106/><F106/><W26/><G1/><T104/><D104/><U91/><E74/><V84/><F126/><W120/><G67/><T61/><D134/><U48/><E60/><V36/><F84/><W16/><G118/><T66/><D51/><U44/><E44/><V77/><F86/><W121/><N who="3" m="30720" /><DORA hai="25" /><W98/><G98/><T129/><D129/><U72/><E72/><V14/><F55/><W21/><G21/><AGARI ba="0,0" hai="20,21,23,42,47,48,81,82,85,87,90,91,100,101" machi="21" ten="40,2600,0" yaku="9,1,8,1" doraHai="22,25" who="1" fromWho="3" sc="144,0,253,26,460,0,143,-26" />
</Scene>
<Scene>
<INIT seed="7,0,0,2,1,113" ten="144,279,460,117" oya="3" hai0="126,134,0,66,9,106,28,92,117,118,115,86,65" hai1="79,33,97,52,114,56,108,31,132,85,68,83,17" hai2="11,107,6,49,67,70,98,99,58,39,130,88,59" hai3="5,95,125,105,48,119,94,3,10,121,72,102,20"/><W80/><G121/><T110/><D106/><U42/><E108/><V55/><F39/><W111/><G111/><T76/><D110/><U131/><E114/><V2/><F70/><W133/><G133/><T15/><D0/><U93/><E131/><V69/><F69/><W101/><G125/><T75/><D115/><U123/><E123/><V14/><F2/><W74/><G105/><T61/><D75/><U89/><E132/><V7/><F7/><W103/><G48/><T16/><D134/><U44/><E68/><V109/><F130/><W124/><G124/><T91/><D126/><U21/><E33/><V45/><F109/><W27/><G119/><T63/><D117/><U32/><E32/><V78/><F78/><W82/><G95/><T47/><D118/><U30/><E44/><V62/><F107/><W135/><G94/><T127/><D127/><U25/><REACH who="1" step="1"/><E42/><REACH who="1" ten="144,269,460,117" step="2"/><V116/><F116/><W29/><REACH who="3" step="1"/><G135/><REACH who="3" ten="144,269,460,107" step="2"/><T41/><D41/><U1/><E1/><V34/><F49/><AGARI ba="0,2" hai="17,21,25,30,31,49,52,56,79,83,85,89,93,97" machi="49" ten="30,7700,0" yaku="1,1,7,1,8,1,54,1,53,0" doraHai="113" doraHaiUra="100" who="1" fromWho="2" sc="144,0,269,97,460,-77,107,0" owari="144,-26.0,366,17.0,383,48.0,107,-39.0" />
</Scene>
</mjloggm>