<mjloggm ver="2.3"><GO type="169"/><UN n0="%E7%A9%BA%E5%B1%85" n1="%41%53%41%50%49%4E" n2="%E9%96%A2%E7%99%BD%E5%A4%B1%E8%84%9A" n3="%E3%81%8F%E3%82%8B%E3%82%8B" dan="16,18,16,17" rate="2088,2207,2147,2146" sx="M,M,F,M"/><TAIKYOKU oya="0"/>

<Scene>
<INIT seed="0,0,0,0,4,92" ten="250,250,250,250" oya="0" hai0="117,91,65,135,110,35,130,86,70,32,60,111,31" hai1="79,14,23,22,121,18,128,90,101,107,33,77,50" hai2="105,97,72,45,57,36,30,68,103,99,15,66,44" hai3="122,2,127,67,109,71,53,78,95,51,88,13,61"/><T75/><D75/><U24/><E121/><V132/><F72/><W47/><G2/><T63/><D117/><U82/><E128/><V11/><F132/><W89/><G122/><T124/><D135/><U114/><E114/><V16/><F68/><W46/><G109/><N who="0" m="41483" /><D130/><U55/><E33/><V100/><F30/><W134/><G134/><T54/><D124/><U8/><E23/><V80/><F80/><W41/><G127/><T43/><D43/><U0/><E0/><V34/><F34/><W17/><G78/><T69/><D31/><U12/><E12/><V118/><F36/><W4/><G4/><T9/><D9/><U56/><E101/><V26/><F26/><W113/><G113/><T3/><D3/><U84/><REACH who="1" step="1"/><E107/><REACH who="1" ten="250,240,250,250" step="2"/><V94/><REACH who="2" step="1"/><F118/><REACH who="2" ten="250,240,240,250" step="2"/><W10/><REACH who="3" step="1"/><G95/><REACH who="3" ten="250,240,240,240" step="2"/><T133/><D133/><U104/><E104/><V21/><F21/><W42/><G42/><T28/><D32/><U1/><E1/><V58/><F58/><W76/><G76/><T112/><D35/><U39/><E39/><AGARI ba="0,3" hai="10,13,17,39,41,46,47,51,53,61,67,71,88,89" machi="39" ten="30,3900,0" yaku="1,1,7,1,54,1,53,0" doraHai="92" doraHaiUra="129" who="3" fromWho="1" sc="250,0,240,-39,240,0,240,69" />
</Scene>
<Scene>
<INIT seed="1,0,0,2,1,23" ten="250,201,240,309" oya="1" hai0="54,28,83,114,12,40,46,68,49,42,43,93,58" hai1="55,109,73,26,50,72,131,80,94,91,82,5,70" hai2="125,78,117,121,35,122,64,119,10,89,63,48,69" hai3="56,22,134,11,32,13,18,87,59,95,96,110,92"/><U0/><E70/><V19/><F78/><W33/><G110/><T20/><D68/><U126/><E109/><V88/><F35/><W21/><G134/><T79/><D114/><U75/><E131/><V8/><F125/><W97/><G87/><T3/><D3/><U29/><E126/><V104/><F48/><W41/><G41/><T81/><D93/><N who="3" m="35913" /><G32/><T45/><D81/><U115/><E115/><V67/><F69/><W15/><G33/><T124/><D124/><U16/><E5/><V105/><F63/><W130/><G130/><T101/><D101/><U25/><E0/><V111/><F19/><N who="3" m="10495" /><G11/><T102/><D102/><U120/><E120/><V129/><F129/><W65/><G65/><T51/><D12/><U76/><E29/><V108/><AGARI ba="0,0" hai="8,10,64,67,88,89,104,105,108,111,117,119,121,122" machi="108" ten="25,6400,0" yaku="0,1,22,2,54,1" doraHai="23" who="2" fromWho="2" sc="250,-16,201,-32,240,64,309,-16" />
</Scene>
<Scene>
<INIT seed="2,0,0,0,4,18" ten="234,169,304,293" oya="2" hai0="43,102,17,65,67,16,97,62,88,3,27,50,99" hai1="72,46,71,8,119,26,69,36,101,95,32,60,38" hai2="47,87,134,113,133,63,68,44,111,128,121,70,30" hai3="51,94,122,118,24,129,75,80,61,81,123,42,5"/><V21/><F113/><W90/><G118/><T83/><D3/><U0/><E119/><V96/><F121/><W29/><G5/><T54/><D43/><U135/><E135/><N who="2" m="51723" /><F128/><W37/><G37/><T73/><D73/><U55/><E95/><V31/><F96/><W109/><G109/><T93/><D62/><U105/><E72/><V86/><F111/><W110/><G110/><T34/><D34/><U120/><E55/><V117/><F117/><W77/><G81/><T49/><D49/><U15/><E120/><V22/><F86/><W59/><G129/><T78/><D78/><U11/><E46/><N who="2" m="17451" /><F87/><W10/><G42/><T98/><D83/><U126/><E126/><V56/><F56/><W4/><G51/><T9/><D17/><U25/><E0/><V53/><F53/><W40/><G40/><T112/><D112/><U19/><E60/><V116/><F116/><W41/><G41/><T82/><D82/><U124/><E124/><V35/><F35/><W107/><G123/><T85/><D102/><U79/><E32/><V66/><F70/><W39/><G122/><T84/><D84/><U106/><E101/><V132/><F132/><W100/><G100/><T76/><D76/><U23/><E79/><V48/><F48/><W91/><G77/><T57/><D9/><N who="1" m="3659" /><E71/><V2/><F2/><W89/><G75/><T13/><D13/><U125/><E69/><V64/><F66/><W74/><G74/><T127/><D127/><U104/><E125/><V108/><F108/><W1/><G1/><T20/><AGARI ba="0,0" hai="16,20,27,50,54,57,65,67,85,88,93,97,98,99" machi="20" ten="30,8000,1" yaku="0,1,8,1,52,1,54,2" doraHai="18" who="0" fromWho="0" sc="234,80,169,-20,304,-40,293,-20" />
</Scene>
<Scene>
<INIT seed="3,0,0,0,3,102" ten="314,149,264,273" oya="3" hai0="9,96,132,10,103,45,8,71,125,122,88,1,111" hai1="30,49,70,16,75,68,84,27,58,4,63,7,38" hai2="130,51,110,115,104,87,17,56,12,113,59,129,86" hai3="90,112,39,11,135,62,21,26,123,77,95,82,83"/><W81/><G123/><T114/><D122/><U64/><E75/><V121/><F121/><W57/><G39/><T40/><D114/><U18/><E38/><V24/><F24/><W36/><G36/><T55/><D71/><U78/><E68/><V99/><F110/><W66/><G112/><T43/><D111/><U106/><E4/><V124/><F124/><W133/><G11/><T14/><D1/><U108/><E108/><V128/><F86/><W97/><REACH who="3" step="1"/><G77/><REACH who="3" ten="314,149,264,263" step="2"/><T93/><D125/><U19/><E78/><V46/><F115/><W85/><G85/><T15/><D132/><U37/><E84/><V92/><F87/><W65/><G65/><T13/><D103/><U25/><E37/><V101/><F113/><W41/><G41/><T116/><D116/><U3/><E64/><V0/><F0/><W91/><G91/><T126/><D126/><U22/><E3/><V54/><F92/><W67/><G67/><T69/><D69/><U20/><E70/><V23/><AGARI ba="0,1" hai="12,17,23,46,51,54,56,59,99,101,104,128,129,130" machi="23" ten="30,4000,0" yaku="0,1,19,1,52,1" doraHai="102" who="2" fromWho="2" sc="314,-10,149,-10,264,50,263,-20" />
</Scene>
<Scene>
<INIT seed="4,0,0,5,5,98" ten="304,139,314,243" oya="0" hai0="77,112,3,9,78,74,44,85,31,128,69,72,70" hai1="62,105,133,53,48,59,116,95,4,83,42,41,67" hai2="101,92,15,14,126,107,130,68,91,43,117,27,36" hai3="119,25,64,2,29,63,52,60,5,123,30,8,97"/><T114/><D128/><U47/><E116/><V102/><F130/><W127/><G119/><T76/><D31/><U124/><E105/><V55/><F117/><W96/><G127/><T111/><D85/><U50/><E124/><V104/><F68/><N who="0" m="26218" /><D44/><N who="1" m="25623" /><E95/><V11/><F126/><W65/><G123/><T75/><D9/><U82/><E4/><V81/><F55/><W34/><G30/><T6/><D6/><U33/><E133/><V45/><F27/><W58/><REACH who="3" step="1"/><G65/><REACH who="3" ten="304,139,314,233" step="2"/><T120/><D120/><U89/><E67/><V56/><F11/><W28/><G28/><T38/><D111/><U125/><E125/><V84/><F56/><AGARI ba="0,1" hai="2,5,8,25,29,34,52,56,58,60,63,64,96,97" machi="56" ten="30,3900,0" yaku="1,1,7,1,54,1,53,0" doraHai="98" doraHaiUra="99" who="3" fromWho="2" sc="304,0,139,0,314,-39,233,49" />
</Scene>
<Scene>
<INIT seed="5,0,0,4,2,39" ten="304,139,275,282" oya="1" hai0="86,29,5,21,55,80,53,54,92,12,28,77,43" hai1="81,131,19,74,67,2,82,0,93,24,102,130,36" hai2="73,133,41,22,95,34,121,62,18,45,99,7,135" hai3="31,50,70,8,122,104,25,89,112,79,61,26,100"/><U109/><E109/><V94/><F34/><W88/><G122/><T107/><D107/><U14/><E36/><V17/><F73/><W37/><G37/><T10/><D92/><U40/><E40/><V83/><F83/><N who="1" m="31753" /><E74/><V97/><F7/><W119/><G79/><T106/><D106/><U56/><E24/><V69/><F69/><W87/><G26/><T118/><D118/><U32/><E32/><V103/><F62/><W127/><G119/><T132/><D132/><N who="2" m="50762" /><F22/><W1/><G70/><T108/><D108/><U115/><E115/><V114/><F114/><W75/><G61/><T90/><D90/><U124/><E124/><V128/><F128/><N who="1" m="49193" /><E56/><V11/><F121/><W71/><G75/><T15/><D43/><U105/><E67/><V20/><F11/><W27/><G8/><T6/><D5/><U63/><E63/><V85/><F20/><W96/><G112/><T65/><D65/><U125/><E105/><V16/><F41/><W42/><G42/><T35/><D35/><U101/><E125/><V47/><F85/><W46/><G87/><T51/><D51/><U4/><E4/><V120/><F120/><W58/><G127/><T49/><D49/><U110/><E110/><V38/><F38/><W84/><G27/><T44/><D44/><U13/><E13/><V33/><F33/><W23/><G46/><T116/><D116/><U134/><E134/><V68/><F68/><W59/><G25/><T48/><D48/><U117/><E117/><V123/><F123/><W113/><G50/><T60/><D60/><U30/><E30/><V98/><F98/><RYUUKYOKU ba="0,0" sc="304,15,139,-15,275,15,282,-15" hai0="6,10,12,15,21,28,29,53,54,55,77,80,86" hai2="16,17,18,45,47,94,95,97,99,103" />
</Scene>
<Scene>
<INIT seed="6,1,0,1,2,89" ten="319,124,290,267" oya="2" hai0="75,17,11,25,127,63,95,54,68,16,109,94,5" hai1="102,26,126,4,104,30,45,61,93,56,66,132,113" hai2="10,9,18,115,47,59,60,58,19,78,107,97,100" hai3="118,128,98,3,81,87,43,46,55,62,12,112,24"/><V71/><F115/><W99/><G3/><T22/><D75/><U64/><E113/><V86/><F71/><W27/><G112/><T105/><D105/><U52/><E104/><V6/><F58/><W114/><G118/><T121/><D109/><U122/><E132/><V74/><F74/><W92/><G128/><T41/><D121/><U42/><E122/><V116/><F116/><W65/><G55/><T21/><D41/><U119/><E126/><V77/><F47/><W124/><G124/><T48/><D127/><U111/><E111/><V72/><F72/><W79/><G12/><T80/><D80/><U13/><E119/><V76/><F86/><W88/><G99/><T40/><D40/><U96/><E13/><V32/><F32/><W38/><REACH who="3" step="1"/><G114/><REACH who="3" ten="319,124,290,257" step="2"/><T33/><D54/><U51/><REACH who="1" step="1"/><E4/><REACH who="1" ten="319,114,290,257" step="2"/><V108/><F108/><W1/><G1/><T37/><D5/><U110/><E110/><V28/><F6/><W31/><G31/><T20/><D17/><U120/><E120/><V84/><F28/><W134/><G134/><T129/><D16/><U106/><E106/><V50/><F19/><W69/><AGARI ba="1,2" hai="24,27,38,43,46,62,65,69,79,81,87,88,92,98" machi="69" ten="20,12000,2" yaku="1,1,0,1,7,1,52,1,54,1,53,1" doraHai="89" doraHaiUra="83" who="3" fromWho="3" sc="319,-31,114,-31,290,-61,257,143" />
</Scene>
<Scene>
<INIT seed="7,0,0,0,1,5" ten="288,83,229,400" oya="3" hai0="123,118,78,33,100,98,88,81,101,52,38,57,20" hai1="109,94,21,39,77,103,130,65,29,134,42,31,26" hai2="19,10,53,8,107,119,87,131,62,34,24,16,102" hai3="9,74,56,22,135,2,86,25,85,69,55,108,121"/><W122/><G74/><T45/><D33/><U132/><E42/><V1/><F1/><W72/><G69/><T43/><D123/><U48/><E39/><V90/><F119/><W126/><G72/><T113/><D113/><U3/><E77/><V114/><F114/><W76/><G126/><T46/><D118/><U96/><E48/><V18/><F107/><W32/><G32/><T117/><D117/><U41/><E41/><V111/><F111/><W64/><G64/><T15/><D46/><U13/><E109/><V0/><F0/><W37/><G37/><T71/><D71/><U82/><E3/><V12/><F131/><W6/><G135/><T50/><D78/><U36/><E36/><V4/><F34/><W95/><G108/><T60/><D38/><U129/><E31/><V17/><F102/><W79/><G76/><T66/><D43/><U84/><E13/><N who="2" m="5255" /><F24/><W92/><G79/><T75/><D75/><U120/><E120/><V7/><F7/><W93/><G121/><T127/><D127/><U49/><E49/><V40/><F40/><W116/><G116/><T115/><D115/><U23/><E23/><V68/><F68/><W70/><G70/><T61/><D61/><U35/><E35/><V44/><F44/><W51/><G122/><T63/><D63/><U67/><E84/><V80/><F19/><W124/><G124/><T112/><D112/><U58/><E82/><V106/><F106/><W104/><G104/><T54/><D66/><U97/><E67/><V47/><F47/><W133/><G133/><T30/><D45/><U91/><E65/><RYUUKYOKU ba="0,0" sc="288,-15,83,-15,229,15,400,15" hai2="10,12,16,17,18,53,62,80,87,90" hai3="2,6,9,22,25,51,55,56,85,86,92,93,95" owari="273,7.0,68,-43.0,244,-16.0,415,52.0" />
</Scene>
</mjloggm>