<mjloggm ver="2.3"><GO type="169"/><UN n0="%41%53%41%50%49%4E" n1="%E3%83%9A%E3%83%81%E3%83%A7%E3%83%BC%E3%83%AA%E3%83%B3" n2="%E4%BD%90%E5%80%89%E7%B4%97%E7%B9%94" n3="%E3%81%B4%E3%81%83%E3%81%B4%E3%81%83" dan="18,18,16,17" rate="2243,2184,2046,2076" sx="M,M,F,M"/><TAIKYOKU oya="0"/>

<Scene>
<INIT seed="0,0,0,3,2,73" ten="250,250,250,250" oya="0" hai0="46,54,5,16,52,125,28,105,15,114,23,92,75" hai1="53,101,40,13,103,29,119,36,100,41,44,129,71" hai2="67,88,102,95,99,74,51,98,121,25,87,134,82" hai3="80,45,57,130,78,34,1,116,11,126,123,70,89"/><T115/><D105/><U56/><E119/><V0/><F0/><W27/><G116/><T91/><D75/><U120/><E120/><V132/><F67/><W60/><G70/><T128/><D128/><U9/><E71/><V118/><F51/><W39/><G130/><T104/><D104/><U108/><E129/><V33/><F33/><W42/><G89/><T83/><D83/><U31/><E108/><V79/><F25/><W38/><G38/><T117/><D117/><U37/><E37/><V7/><F7/><W111/><G111/><T62/><D125/><U112/><E112/><V48/><F118/><W50/><G126/><T14/><D28/><N who="1" m="10827" /><E44/><V93/><F48/><W3/><G50/><N who="0" m="28759" /><D115/><U18/><E36/><V81/><F121/><W10/><G123/><T47/><D114/><U20/><E20/><V110/><F110/><W69/><G69/><T49/><D62/><AGARI ba="0,0" hai="9,13,18,40,41,53,56,62,100,101,103" m="10827" machi="62" ten="30,1000,0" yaku="8,1" doraHai="73" who="1" fromWho="0" sc="250,-10,250,10,250,0,250,0" />
</Scene>
<Scene>
<INIT seed="1,0,0,5,5,24" ten="240,260,250,250" oya="1" hai0="45,39,35,15,38,109,21,44,26,34,87,64,66" hai1="122,37,60,62,118,65,31,12,119,100,111,5,29" hai2="8,3,9,132,11,92,51,32,72,27,41,135,50" hai3="7,69,57,0,93,30,126,90,58,103,46,56,114"/><U55/><E122/><V95/><F72/><W77/><G69/><T82/><D109/><U33/><E37/><V102/><F3/><W43/><G114/><T91/><D15/><U117/><E33/><V98/><F95/><W88/><G77/><T81/><D21/><U99/><E111/><V14/><F14/><W10/><G126/><T107/><D26/><U4/><E55/><V112/><F112/><W84/><G103/><T19/><D87/><U73/><E73/><V80/><F80/><W127/><G127/><T76/><D76/><U96/><E118/><V6/><F6/><W17/><G17/><T129/><D91/><U101/><E12/><V83/><F83/><W28/><REACH who="3" step="1"/><G90/><REACH who="3" ten="240,260,250,240" step="2"/><T97/><D19/><U104/><REACH who="1" step="1"/><E65/><REACH who="1" ten="240,250,250,240" step="2"/><V75/><F75/><W36/><AGARI ba="0,2" hai="0,7,10,28,30,36,43,46,56,57,58,84,88,93" machi="36" ten="30,12000,2" yaku="1,1,2,1,0,1,52,2,54,1,53,0" doraHai="24" doraHaiUra="133" who="3" fromWho="3" sc="240,-30,250,-60,250,-30,240,140" />
</Scene>
<Scene>
<INIT seed="2,0,0,1,4,116" ten="210,190,220,380" oya="2" hai0="124,128,56,101,114,34,39,35,0,100,18,29,94" hai1="115,43,118,74,31,82,17,78,93,51,110,45,21" hai2="92,53,72,112,14,55,90,70,25,44,122,2,127" hai3="3,98,71,88,46,106,87,119,66,121,19,73,64"/><V22/><F70/><W69/><G73/><T97/><D114/><U120/><E115/><V113/><F112/><W15/><G3/><T60/><D0/><U47/><E118/><V130/><F113/><W41/><G119/><T99/><D39/><U133/><E110/><V16/><F72/><W109/><G109/><T76/><D128/><U107/><E107/><V9/><F130/><W58/><G66/><T1/><D1/><U135/><E31/><V8/><F127/><W36/><G106/><T125/><D76/><U84/><E47/><V40/><F122/><W86/><G98/><T57/><D18/><U103/><E103/><V131/><F2/><W123/><G58/><T111/><D111/><U37/><E37/><V7/><F9/><W12/><G87/><T23/><D23/><U77/><E120/><V91/><F131/><W50/><G36/><T104/><D56/><U5/><E5/><V28/><F7/><W48/><G48/><T20/><D20/><U6/><E6/><V108/><F108/><W38/><G38/><T126/><REACH who="0" step="1"/><D29/><REACH who="0" ten="200,190,220,380" step="2"/><U65/><E78/><V117/><F117/><W79/><G79/><T81/><D81/><U89/><REACH who="1" step="1"/><E65/><AGARI ba="0,1" hai="34,35,57,60,65,94,97,99,100,101,104,124,125,126" machi="65" ten="40,2600,0" yaku="1,1,18,1,53,0" doraHai="116" doraHaiUra="33" who="0" fromWho="1" sc="200,36,190,-26,220,0,380,0" />
</Scene>
<Scene>
<INIT seed="3,0,0,5,2,123" ten="236,164,220,380" oya="3" hai0="85,22,113,76,24,115,27,117,114,12,3,61,0" hai1="48,1,62,84,63,20,92,19,78,6,38,83,80" hai2="28,104,17,110,99,135,30,45,74,102,23,4,44" hai3="5,54,133,32,101,2,64,134,68,37,70,124,69"/><W56/><G32/><T86/><D61/><U25/><E38/><V95/><F74/><W94/><G5/><T125/><D76/><U131/><E131/><V111/><F4/><W49/><G2/><N who="0" m="555" /><D12/><U97/><E80/><V122/><F104/><W127/><G37/><T126/><D22/><U47/><E6/><V43/><F122/><W98/><REACH who="3" step="1"/><G64/><REACH who="3" ten="236,164,220,370" step="2"/><T96/><D115/><U34/><E34/><V87/><F135/><AGARI ba="0,1" hai="49,54,56,68,69,70,94,98,101,124,127,133,134,135" machi="135" ten="50,9600,0" yaku="1,1,2,1,20,1,53,0" doraHai="123" doraHaiUra="100" who="3" fromWho="2" sc="236,0,164,0,220,-96,370,106" />
</Scene>
<Scene>
<INIT seed="3,1,0,5,3,63" ten="236,164,124,476" oya="3" hai0="57,55,77,68,98,27,2,50,61,32,81,22,113" hai1="117,3,28,67,99,122,39,124,120,0,51,25,20" hai2="60,86,91,80,40,7,92,19,104,135,65,100,133" hai3="109,126,107,130,29,71,95,8,35,23,24,97,41"/><W118/><G118/><T1/><D32/><U89/><E39/><V74/><F7/><W48/><G107/><T82/><D113/><U69/><E51/><V34/><F34/><W87/><G71/><T14/><D14/><U134/><E117/><V73/><F40/><W116/><G116/><T37/><D37/><U26/><E134/><V36/><F36/><W18/><G130/><T112/><D112/><U110/><E110/><V13/><F74/><W88/><G109/><T49/><D98/><U42/><E42/><V21/><F104/><W16/><G8/><T121/><D121/><U76/><E76/><V44/><F44/><W83/><G126/><T52/><D50/><U93/><E124/><V111/><F111/><W43/><G48/><T75/><D81/><U94/><E94/><V96/><REACH who="2" step="1"/><F73/><REACH who="2" ten="236,164,114,476" step="2"/><W31/><G35/><T119/><D119/><U17/><E122/><V12/><F12/><W105/><G105/><T5/><D5/><U30/><E120/><V6/><F6/><W85/><G43/><T123/><D123/><U131/><E131/><V56/><AGARI ba="1,1" hai="13,19,21,56,60,65,80,86,91,92,96,100,133,135" machi="56" ten="30,4000,0" yaku="1,1,0,1,52,1,53,0" doraHai="63" doraHaiUra="33" who="2" fromWho="2" sc="236,-11,164,-11,114,53,476,-21" />
</Scene>
<Scene>
<INIT seed="4,0,0,3,2,95" ten="225,153,167,455" oya="0" hai0="134,39,20,62,120,70,7,104,25,81,126,97,35" hai1="30,124,91,55,114,76,77,58,105,6,79,24,57" hai2="38,60,65,44,56,80,33,74,16,34,107,19,90" hai3="118,47,12,3,84,49,72,67,133,86,59,45,28"/><T51/><D120/><U26/><E105/><V4/><F107/><W83/><G118/><T36/><D35/><U122/><E122/><V110/><F110/><W73/><G3/><T0/><D134/><U112/><E124/><V17/><F4/><W131/><G133/><T130/><D130/><U50/><E6/><V2/><F2/><W21/><G131/><T14/><D0/><U98/><E58/><V5/><F5/><W68/><G68/><T8/><D126/><U89/><E24/><V32/><F74/><W128/><G128/><T11/><D11/><U88/><REACH who="1" step="1"/><E98/><REACH who="1" ten="225,143,167,455" step="2"/><V9/><F44/><W64/><G59/><T129/><D97/><U27/><E27/><V22/><F9/><W123/><G47/><T42/><D104/><U53/><E53/><V69/><F56/><W116/><G45/><N who="0" m="26039" /><D129/><U132/><E132/><V52/><F52/><W94/><G123/><T96/><D8/><U61/><E61/><V117/><F117/><W75/><G116/><T15/><D62/><U29/><E29/><V85/><REACH who="2" step="1"/><F38/><REACH who="2" ten="225,143,157,455" step="2"/><W37/><G37/><T93/><D7/><U71/><E71/><V78/><F78/><W111/><G111/><T109/><D70/><U115/><E115/><V99/><F99/><W135/><G135/><T10/><D10/><U46/><E46/><V125/><F125/><W106/><G106/><T119/><D39/><U66/><E66/><V18/><F18/><W102/><G64/><T101/><D36/><U40/><E40/><V41/><F41/><W13/><G67/><T31/><D109/><U100/><E100/><V113/><F113/><RYUUKYOKU ba="0,2" sc="225,-15,143,15,157,15,455,-15" hai1="26,30,50,55,57,76,77,79,88,89,91,112,114" hai2="16,17,19,22,32,33,34,60,65,69,80,85,90" />
</Scene>
<Scene>
<INIT seed="5,1,2,0,1,11" ten="210,158,172,440" oya="1" hai0="0,75,89,15,1,111,17,58,67,126,113,130,69" hai1="12,135,23,104,134,128,26,9,33,2,62,80,38" hai2="36,56,47,44,125,127,30,42,53,107,85,83,106" hai3="86,5,82,91,40,87,88,101,35,114,121,31,37"/><U24/><E38/><V73/><F73/><W118/><G121/><T77/><D111/><U32/><E104/><V8/><F47/><W34/><G101/><T99/><D69/><U28/><E80/><V65/><F65/><W60/><G5/><T116/><D116/><U81/><E81/><V93/><F93/><W45/><G118/><T20/><D77/><U61/><E62/><N who="2" m="36111" /><F30/><W18/><G31/><T22/><D75/><U63/><E61/><V119/><F8/><W25/><G114/><T13/><D113/><U100/><E63/><V49/><F36/><W98/><G98/><T90/><D58/><U92/><E92/><V70/><F70/><W16/><G60/><T3/><D99/><U133/><E100/><V46/><F46/><W84/><G84/><T96/><D96/><U39/><E39/><V117/><F119/><W41/><G41/><T27/><D67/><U19/><E128/><V122/><F122/><W6/><G6/><T131/><D22/><N who="1" m="15447" /><E2/><V68/><F117/><W48/><G37/><T7/><D130/><U112/><E112/><V21/><F68/><W4/><G86/><T55/><D131/><U108/><E108/><V105/><F83/><W66/><G66/><T29/><D0/><U52/><E52/><V129/><F85/><W43/><G43/><T124/><D55/><U64/><E64/><V94/><F129/><W71/><G71/><T76/><D1/><U51/><E51/><V95/><F95/><W103/><G48/><T120/><D3/><U74/><E74/><V10/><F106/><W115/><G115/><T123/><D120/><RYUUKYOKU ba="1,2" sc="210,-10,158,30,172,-10,440,-10" hai1="9,12,19,23,24,32,33,133,134,135" />
</Scene>
<Scene>
<INIT seed="5,2,2,0,2,76" ten="200,188,162,430" oya="1" hai0="111,108,1,2,53,107,116,35,103,73,42,133,122" hai1="97,4,12,38,91,130,113,37,72,0,124,101,99" hai2="46,67,118,87,6,90,89,45,61,129,54,39,81" hai3="8,93,28,120,121,49,32,62,106,82,43,31,24"/><U15/><E72/><V100/><F118/><W98/><G106/><T112/><RYUUKYOKU type="yao9" ba="2,2" sc="200,0,188,0,162,0,430,0" hai0="1,2,35,42,53,73,103,107,108,111,112,116,122,133" />
</Scene>
<Scene>
<INIT seed="5,3,2,4,5,43" ten="200,188,162,430" oya="1" hai0="66,118,36,0,115,121,74,129,76,123,26,97,24" hai1="85,44,86,78,81,41,31,120,57,23,133,12,89" hai2="130,5,98,27,73,59,42,18,32,4,132,10,108" hai3="110,71,14,113,61,84,69,56,77,63,105,70,116"/><U67/><E120/><N who="0" m="46153" /><D118/><U17/><E133/><V134/><F73/><W15/><G105/><T33/><D0/><U65/><E31/><N who="2" m="19583" /><F59/><W60/><G110/><T45/><D115/><U39/><REACH who="1" step="1"/><E57/><REACH who="1" ten="200,178,162,430" step="2"/><V25/><F132/><W2/><G113/><T22/><D129/><U48/><E48/><V124/><F130/><W8/><G116/><T50/><D50/><U1/><E1/><V7/><F134/><W28/><G56/><T112/><D112/><U111/><E111/><V92/><F108/><W72/><G2/><T94/><D36/><U107/><E107/><V52/><F124/><W117/><G117/><T37/><D37/><U11/><E11/><V114/><F10/><W47/><G8/><T79/><D33/><U6/><E6/><V30/><F4/><W35/><G28/><T95/><D22/><U91/><E91/><V3/><F5/><W49/><G35/><T34/><D34/><U101/><E101/><V53/><F7/><W82/><REACH who="3" step="1"/><G72/><REACH who="3" ten="200,178,162,420" step="2"/><T55/><D74/><U40/><E40/><AGARI ba="3,4" hai="14,15,40,47,49,60,61,63,69,70,71,77,82,84" machi="40" ten="50,6400,0" yaku="1,1,2,1,52,1,53,0" doraHai="43" doraHaiUra="96" who="3" fromWho="1" sc="200,0,178,-73,162,0,420,113" />
</Scene>
<Scene>
<INIT seed="6,0,0,5,1,89" ten="200,105,162,533" oya="2" hai0="6,30,9,1,59,122,70,113,130,90,32,100,12" hai1="3,8,56,128,94,132,116,79,35,84,76,101,61" hai2="63,131,126,65,108,22,104,88,95,91,72,45,134" hai3="15,71,26,74,68,46,105,109,135,83,106,34,112"/><V20/><F104/><W13/><G109/><T5/><D70/><U127/><E116/><V21/><F72/><W115/><G46/><T64/><D122/><U124/><E35/><V87/><F108/><W102/><G135/><T33/><D100/><U36/><E36/><V4/><F134/><W10/><G34/><T49/><D113/><N who="3" m="43593" /><G26/><T118/><D130/><U133/><E128/><V67/><F131/><W78/><G15/><T28/><D12/><U111/><E111/><V53/><F126/><N who="1" m="48169" /><E133/><V69/><F65/><W123/><G123/><T77/><D64/><N who="1" m="38951" /><E132/><V14/><F91/><W47/><G47/><T38/><D90/><N who="1" m="53575" /><E101/><V82/><F45/><W2/><G2/><T81/><D1/><U114/><E114/><V86/><F53/><W99/><G106/><T85/><D33/><U80/><E80/><V92/><REACH who="2" step="1"/><F87/><REACH who="2" ten="200,105,152,533" step="2"/><W125/><G125/><T120/><D85/><U7/><AGARI ba="0,1" hai="3,7,8,76,79" m="53575,38951,48169" machi="7" ten="30,2000,0" yaku="18,1,52,1" doraHai="89" who="1" fromWho="1" sc="200,-5,105,30,152,-10,533,-5" />
</Scene>
<Scene>
<INIT seed="7,0,0,5,3,66" ten="195,135,142,528" oya="3" hai0="73,134,19,6,119,107,79,102,84,104,69,47,48" hai1="24,83,35,3,108,18,116,20,94,33,37,34,28" hai2="112,78,31,27,55,26,14,131,8,121,52,49,5" hai3="126,91,63,70,123,32,59,58,98,85,101,9,23"/><W39/><G39/><T60/><D119/><U88/><E37/><V13/><F121/><W111/><G32/><T77/><D73/><U62/><E108/><V41/><F112/><W11/><G123/><T124/><D6/><U130/><E3/><V122/><F122/><W50/><G70/><T56/><D69/><U117/><E130/><V127/><F131/><W36/><G36/><T93/><D104/><U125/><E83/><V38/><F38/><W64/><G111/><T105/><D107/><U29/><E62/><V46/><F127/><W67/><G126/><T129/><D105/><U17/><E125/><V90/><F78/><W0/><G0/><T21/><D79/><U68/><E68/><V25/><F31/><W109/><G98/><T80/><D77/><U87/><REACH who="1" step="1"/><E18/><REACH who="1" ten="195,125,142,528" step="2"/><V86/><F14/><W92/><G63/><T133/><D60/><U103/><E103/><V2/><F2/><W15/><G101/><T82/><D102/><U110/><E110/><V44/><F46/><W114/><G114/><T65/><D47/><U97/><E97/><V53/><F41/><W75/><G109/><T43/><D43/><U76/><E76/><V40/><F40/><W95/><G15/><T57/><D129/><U42/><E42/><V99/><F99/><W115/><G115/><T61/><D124/><U1/><E1/><V118/><F118/><AGARI ba="0,1" hai="17,20,24,28,29,33,34,35,87,88,94,116,117,118" machi="118" ten="50,6400,0" yaku="1,1,12,1,54,1,53,0" doraHai="66" doraHaiUra="135" who="1" fromWho="2" sc="195,0,125,74,142,-64,528,0" owari="195,-20.0,199,0.0,78,-42.0,528,62.0" />
</Scene>
</mjloggm>