<mjloggm ver="2.3"><GO type="169" lobby="0"/><UN n0="%41%53%41%50%49%4E" n1="%E3%82%B9%E3%83%BC%E3%83%8B" n2="%E3%80%93%E6%9D%BE%E4%BA%95%EF%BC%A3%EF%BC%B3%E3%80%93" n3="%E3%81%A7%E3%81%93%E3%81%98" dan="19,16,18,17" rate="2322.00,2105.03,2200.11,2160.71" sx="M,M,M,M"/><TAIKYOKU oya="0"/>

<Scene>
<INIT seed="0,0,0,1,3,37" ten="250,250,250,250" oya="0" hai0="115,114,119,15,98,128,133,106,97,69,3,47,118" hai1="4,11,46,125,43,113,134,127,14,57,70,33,89" hai2="82,90,17,42,116,93,73,7,10,12,104,54,5" hai3="75,19,6,32,67,21,95,72,100,29,83,86,121"/><T26/><D69/><U129/><E70/><V1/><F104/><W25/><G121/><T48/><D3/><U108/><E33/><V51/><F116/><W96/><G67/><T49/><D128/><U23/><E129/><V22/><F7/><W68/><G6/><T40/><D133/><U92/><E134/><V87/><F73/><W34/><G68/><T132/><D132/><U77/><E77/><V55/><F42/><W56/><G56/><T99/><D106/><U135/><E135/><V122/><F122/><W58/><G58/><T60/><D60/><U131/><E131/><V39/><F39/><W31/><G34/><T103/><D103/><U80/><E80/><V94/><F55/><W53/><G53/><T8/><D26/><U88/><E113/><V91/><F90/><W71/><G71/><T52/><D115/><U105/><E105/><V27/><REACH who="2" step="1"/><F1/><REACH who="2" ten="250,250,240,250" step="2"/><W36/><G36/><T18/><REACH who="0" step="1"/><D114/><REACH who="0" ten="240,250,240,250" step="2"/><U24/><E24/><V35/><F35/><W44/><G32/><T2/><D2/><U41/><E14/><V59/><AGARI ba="0,2" hai="5,10,12,17,22,27,51,54,59,82,87,91,93,94" machi="59" ten="20,5200,0" yaku="1,1,0,1,7,1,8,1,53,0" doraHai="37" doraHaiUra="65" who="2" fromWho="2" sc="240,-26,250,-13,240,72,250,-13" />
</Scene>
<Scene>
<INIT seed="1,0,0,4,0,20" ten="214,237,312,237" oya="1" hai0="57,94,59,109,17,99,77,62,3,36,130,65,123" hai1="75,31,86,55,63,19,127,35,107,12,72,73,11" hai2="46,87,103,134,84,22,121,5,113,110,54,116,33" hai3="45,131,42,38,39,66,80,117,114,90,82,126,25"/><U92/><E107/><V16/><F33/><W0/><G0/><T120/><D3/><U23/><E127/><V95/><F116/><W56/><G114/><T48/><D36/><U21/><E35/><V74/><F74/><W102/><G126/><T106/><D106/><U91/><E31/><V60/><F121/><W30/><G117/><T37/><D37/><U101/><E101/><V67/><F110/><W68/><G131/><T10/><D109/><U43/><E43/><V53/><F134/><W34/><G39/><T81/><D130/><U50/><REACH who="1" step="1"/><E63/><REACH who="1" ten="214,227,312,237" step="2"/><V122/><F103/><W111/><G111/><T1/><D62/><U51/><E51/><V27/><F60/><W58/><G102/><T40/><D48/><U97/><E97/><V133/><F133/><W104/><G104/><T8/><D40/><U112/><E112/><V47/><F113/><W129/><G129/><T9/><D99/><U85/><E85/><V132/><F87/><W78/><G38/><T7/><D120/><U96/><E96/><V24/><F132/><W14/><G42/><T88/><D123/><U28/><E28/><V6/><F122/><W26/><G30/><T2/><D2/><U108/><E108/><V70/><F84/><W18/><G34/><T76/><D1/><U93/><E93/><V44/><F95/><W89/><G80/><T61/><D94/><U118/><E118/><V49/><F49/><W115/><G82/><T124/><D81/><U13/><E13/><V32/><F32/><W79/><G115/><T125/><D124/><U71/><E71/><V69/><F69/><RYUUKYOKU ba="0,1" sc="214,-10,227,30,312,-10,237,-10" hai1="11,12,19,21,23,50,55,72,73,75,86,91,92" />
</Scene>
<Scene>
<INIT seed="1,1,1,3,3,126" ten="204,257,302,227" oya="1" hai0="35,4,132,80,29,5,111,52,82,19,56,76,96" hai1="55,70,95,72,25,23,121,130,13,106,44,131,79" hai2="64,2,21,6,50,8,49,20,31,75,9,62,33" hai3="34,58,91,107,119,109,54,83,135,0,65,118,134"/><U69/><E106/><V81/><F33/><W74/><G34/><T59/><D111/><U87/><E72/><V114/><F114/><W63/><G0/><T127/><D127/><U90/><E79/><V122/><F122/><W68/><G107/><T89/><D132/><N who="3" m="50729" /><G109/><T32/><D59/><U53/><E13/><V88/><F75/><W61/><G74/><T43/><D43/><U51/><E55/><V105/><F105/><W11/><G11/><T26/><D32/><U116/><E121/><V98/><F9/><W84/><AGARI ba="1,1" hai="54,58,61,63,65,68,83,84,91,118,119" m="50729" machi="84" ten="30,1100,0" yaku="20,1" doraHai="126" who="3" fromWho="3" sc="204,-4,257,-6,302,-4,227,24" />
</Scene>
<Scene>
<INIT seed="2,0,0,5,0,80" ten="200,251,298,251" oya="2" hai0="37,89,131,62,110,17,13,69,76,107,106,134,119" hai1="122,78,67,118,46,25,86,121,120,38,52,35,77" hai2="14,91,3,4,70,68,84,103,21,99,116,30,18" hai3="32,90,6,22,45,49,50,15,33,113,24,73,23"/><V20/><F116/><W0/><G73/><T47/><D119/><U63/><E118/><V125/><F125/><W44/><G113/><T8/><D110/><U92/><E38/><V79/><F79/><W97/><G0/><T34/><D34/><U83/><E92/><V94/><F3/><W58/><G58/><T124/><D124/><U100/><E100/><V87/><F4/><W82/><G32/><T71/><D131/><U42/><E42/><V29/><F70/><W112/><G33/><T2/><D134/><U123/><E123/><V53/><F68/><W55/><G112/><T75/><D71/><N who="1" m="42495" /><E35/><V117/><F117/><W135/><G135/><T16/><D2/><U28/><E28/><N who="2" m="10859" /><F53/><N who="3" m="29863" /><G24/><T9/><D107/><U133/><E133/><V40/><F40/><W36/><G36/><T111/><D106/><U101/><E25/><V85/><F21/><W41/><G41/><T132/><D37/><U126/><E126/><V109/><F109/><W93/><G82/><AGARI ba="0,0" hai="14,18,20,82,84,85,87,91,94,99,103" m="10859" machi="82" ten="30,11600,0" yaku="8,1,52,3" doraHai="80" who="2" fromWho="3" sc="200,0,251,0,298,116,251,-116" />
</Scene>
<Scene>
<INIT seed="2,1,0,1,3,132" ten="200,251,414,135" oya="2" hai0="81,31,92,67,120,15,24,107,28,75,124,8,61" hai1="111,53,97,0,82,90,105,7,116,101,121,46,21" hai2="76,9,93,33,126,106,89,62,58,10,114,25,17" hai3="69,102,88,60,131,118,65,13,5,70,59,1,47"/><V57/><F106/><W14/><G118/><T112/><D112/><U135/><E116/><V122/><F122/><W103/><G131/><T29/><D120/><U127/><E121/><V48/><F114/><W49/><G1/><T42/><D107/><U54/><E135/><V55/><F76/><W123/><G123/><T73/><D124/><U27/><E127/><V117/><F126/><W50/><G50/><T11/><D42/><U133/><E133/><V2/><F2/><W72/><G72/><T19/><D24/><U79/><E90/><V113/><F113/><W64/><G69/><T119/><D119/><U86/><E111/><V6/><F6/><W30/><G30/><T56/><D81/><U20/><E20/><N who="2" m="13455" /><F33/><W83/><G70/><T87/><REACH who="0" step="1"/><D8/><REACH who="0" ten="190,251,414,135" step="2"/><U66/><E105/><V43/><F43/><N who="3" m="24831" /><G65/><T16/><D16/><U96/><E66/><N who="2" m="39247" /><F117/><W130/><G130/><T98/><D98/><AGARI ba="1,1" hai="9,10,48,55,58,89,93,98" m="39247,13455" machi="98" ten="30,1500,0" yaku="8,1" doraHai="132" who="2" fromWho="0" sc="190,-18,251,0,414,28,135,0" />
</Scene>
<Scene>
<INIT seed="2,2,0,1,4,14" ten="172,251,442,135" oya="2" hai0="28,65,85,131,75,31,63,113,89,15,57,56,95" hai1="72,59,6,134,125,46,45,61,2,22,83,77,81" hai2="26,128,117,68,105,87,92,91,100,121,93,51,52" hai3="17,33,108,27,11,16,67,107,49,86,66,20,34"/><V7/><F117/><W98/><G108/><T53/><D113/><U30/><E134/><V48/><F121/><W104/><G49/><T133/><D75/><U82/><E125/><V88/><F68/><W25/><G86/><T132/><D131/><U99/><E46/><V102/><F105/><W39/><G39/><T84/><D132/><U55/><E99/><N who="2" m="57735" /><F128/><W96/><G20/><T3/><D3/><U64/><E64/><V111/><F111/><W42/><G42/><T58/><D133/><U69/><E69/><V74/><F74/><W50/><G50/><T41/><D41/><U12/><E45/><N who="2" m="27663" /><F7/><W97/><G96/><T130/><D130/><U79/><E2/><V10/><F10/><AGARI ba="2,0" hai="10,11,16,17,25,27,33,34,66,67,97,98,104,107" machi="10" ten="25,8000,1" yaku="22,2,52,2,54,1" doraHai="14" who="3" fromWho="2" sc="172,0,251,0,442,-86,135,86" />
</Scene>
<Scene>
<INIT seed="3,0,0,1,4,38" ten="172,251,356,221" oya="3" hai0="101,6,127,119,91,131,71,67,77,58,81,65,25" hai1="62,27,1,125,72,48,56,8,79,11,70,102,0" hai2="69,74,122,32,110,106,34,54,5,45,29,4,61" hai3="115,130,126,35,47,22,43,94,134,42,113,112,88"/><W9/><G35/><T89/><D119/><U78/><E102/><V33/><F74/><W26/><G126/><T104/><D71/><U93/><E93/><V37/><F106/><W14/><G130/><T109/><D131/><U15/><E27/><V51/><F110/><W116/><G116/><T135/><D109/><U117/><E117/><V13/><F122/><W129/><G129/><T40/><D127/><U41/><E70/><V68/><F68/><W2/><G2/><T24/><D135/><U118/><E118/><V108/><F108/><W20/><G134/><T86/><D6/><U55/><E125/><V23/><F37/><W123/><G123/><T82/><D104/><U10/><E15/><V76/><F76/><W90/><G47/><T111/><D101/><U3/><REACH who="1" step="1"/><E72/><REACH who="1" ten="172,241,356,221" step="2"/><V60/><F69/><W36/><G26/><T133/><D25/><U107/><E107/><V21/><F34/><W99/><G90/><T114/><D133/><U59/><E59/><V44/><F33/><W63/><G36/><T52/><D111/><U53/><E53/><V12/><F54/><W85/><G99/><T57/><D57/><U17/><E17/><V66/><F32/><W30/><G30/><T28/><D89/><U87/><E87/><V64/><F29/><W96/><G96/><T84/><D24/><U83/><E83/><V19/><F19/><W18/><REACH who="3" step="1"/><G63/><REACH who="3" ten="172,241,356,211" step="2"/><N who="0" m="36295" /><D28/><U46/><AGARI ba="0,2" hai="0,1,3,8,10,11,41,46,48,55,56,62,78,79" machi="46" ten="40,8000,1" yaku="1,1,0,1,52,1,53,1" doraHai="38" doraHaiUra="39" who="1" fromWho="1" sc="172,-20,241,100,356,-20,211,-40" />
</Scene>
<Scene>
<INIT seed="4,0,0,2,2,71" ten="152,341,336,171" oya="0" hai0="96,132,10,131,95,101,9,110,134,75,63,38,105" hai1="12,44,4,50,35,115,125,47,80,108,93,103,22" hai2="36,135,30,33,107,97,126,104,28,15,83,119,82" hai3="102,13,70,11,76,111,16,60,73,0,118,78,90"/><T51/><D75/><U100/><E35/><V46/><F15/><W65/><G111/><T5/><D110/><U92/><E125/><V45/><F126/><W58/><G118/><T56/><D131/><U26/><E80/><V91/><F33/><W40/><G0/><T52/><D38/><U25/><E108/><V64/><F64/><W77/><G73/><T133/><D105/><U85/><E115/><V17/><F17/><W3/><G3/><T19/><D19/><U43/><E47/><V116/><F97/><W124/><G124/><T20/><D20/><U129/><E129/><V114/><F91/><W69/><G102/><N who="1" m="38954" /><E85/><V55/><F55/><W120/><G120/><T94/><D94/><N who="1" m="36459" /><E22/><V81/><F81/><W24/><G40/><T8/><REACH who="0" step="1"/><D63/><REACH who="0" ten="142,341,336,171" step="2"/><U87/><E25/><V54/><F107/><W49/><G24/><T62/><D62/><U53/><E26/><V23/><F104/><W89/><REACH who="3" step="1"/><G49/><REACH who="3" ten="142,341,336,161" step="2"/><T113/><D113/><U88/><E50/><V84/><F114/><W67/><G67/><T59/><D59/><U57/><E57/><V72/><F72/><W41/><G41/><T123/><D123/><U7/><E43/><V2/><F119/><W34/><G34/><T32/><D32/><U39/><E53/><V128/><F116/><W130/><G130/><T1/><AGARI ba="0,2" hai="1,5,8,9,10,51,52,56,95,96,101,132,133,134" machi="1" ten="30,11700,0" yaku="1,1,0,1,20,1,54,1,53,0" doraHai="71" doraHaiUra="14" who="0" fromWho="0" sc="142,137,341,-39,336,-39,161,-39" />
</Scene>
<Scene>
<INIT seed="4,1,0,1,5,35" ten="279,302,297,122" oya="0" hai0="80,131,67,121,23,24,55,53,0,90,51,10,2" hai1="8,74,1,100,92,59,106,128,20,38,7,125,71" hai2="114,73,46,98,109,83,49,126,61,127,65,52,115" hai3="56,22,62,76,119,86,5,120,68,95,3,34,107"/><T48/><D121/><U118/><E71/><N who="2" m="42415" /><F98/><W44/><G119/><T29/><D131/><U36/><E106/><V91/><F91/><W54/><G107/><T60/><D10/><U105/><E105/><V33/><F33/><W14/><G120/><T134/><D134/><U77/><E118/><V11/><F11/><W41/><G34/><T37/><D37/><U17/><E125/><N who="2" m="47627" /><F109/><W6/><G68/><T50/><D90/><U75/><E128/><V113/><F83/><W16/><G3/><T30/><D30/><U70/><E70/><V102/><F73/><W31/><G31/><T21/><D21/><U117/><E117/><V101/><AGARI ba="1,0" hai="46,49,52,101,102,113,114,115" m="47627,42415" machi="101" ten="40,5200,0" yaku="15,1,18,1,54,1" doraHai="35" who="2" fromWho="2" sc="279,-27,302,-14,297,55,122,-14" />
</Scene>
<Scene>
<INIT seed="5,0,0,5,0,70" ten="252,288,352,108" oya="1" hai0="121,0,66,46,105,18,12,126,39,27,98,125,25" hai1="48,71,102,115,92,24,106,88,43,79,4,117,34" hai2="57,108,38,1,23,91,44,73,55,21,114,84,51" hai3="62,107,96,3,30,9,110,113,118,78,26,124,41"/><U83/><E71/><V42/><F73/><W67/><G110/><T40/><D0/><U2/><E117/><V101/><F1/><W122/><G122/><T20/><D121/><U131/><E131/><V130/><F108/><W65/><G118/><T76/><D66/><U14/><E115/><V103/><F130/><W10/><G113/><T97/><D76/><U82/><E2/><V133/><F133/><W17/><G124/><N who="0" m="47723" /><D105/><U15/><E82/><V58/><F114/><W64/><G78/><T112/><D112/><U123/><E4/><V80/><F58/><W49/><G3/><T81/><D81/><U56/><E123/><V13/><F23/><W7/><G7/><T6/><D6/><U35/><E102/><V37/><F37/><W32/><G17/><T29/><D27/><U111/><E106/><V36/><F38/><W47/><REACH who="3" step="1"/><G62/><REACH who="3" ten="252,288,352,98" step="2"/><T128/><D128/><U8/><E111/><V63/><F36/><W119/><G119/><T85/><D85/><U89/><E79/><V50/><F63/><W69/><G69/><T16/><D18/><AGARI ba="0,1" hai="13,18,21,42,44,50,51,55,57,80,84,91,101,103" machi="18" ten="40,1300,0" yaku="8,1" doraHai="70" who="2" fromWho="0" sc="252,-13,288,0,352,23,98,0" />
</Scene>
<Scene>
<INIT seed="6,0,0,1,5,32" ten="239,288,375,98" oya="2" hai0="2,9,3,36,6,125,58,83,28,78,127,115,71" hai1="0,17,19,103,132,29,86,75,5,15,135,54,131" hai2="87,112,88,111,42,12,66,93,134,26,77,64,35" hai3="60,109,100,128,120,110,122,95,41,80,24,37,52"/><V89/><F112/><W114/><G24/><T116/><D71/><U68/><E75/><V34/><F134/><N who="1" m="51241" /><E103/><V85/><F111/><N who="3" m="42507" /><G80/><T61/><D115/><U113/><E113/><V79/><F42/><W20/><G20/><T67/><D36/><U74/><E74/><V14/><F26/><W70/><G95/><AGARI ba="0,0" hai="12,14,34,35,64,66,77,79,85,87,88,89,93,95" machi="95" ten="25,4800,0" yaku="22,2,54,1" doraHai="32" who="2" fromWho="3" sc="239,0,288,0,375,48,98,-48" />
</Scene>
<Scene>
<INIT seed="6,1,0,4,4,4" ten="239,288,423,50" oya="2" hai0="17,117,34,18,108,68,134,110,129,105,87,51,29" hai1="38,52,63,55,135,84,27,72,66,116,23,30,20" hai2="121,2,70,42,73,21,85,124,53,133,86,75,67" hai3="77,111,60,14,39,98,59,130,33,25,46,80,7"/><V19/><F121/><W50/><G111/><T35/><D51/><U113/><E72/><V109/><F2/><W76/><G130/><T99/><D87/><U28/><E38/><V13/><F42/><W83/><G39/><T132/><D99/><U102/><E116/><V0/><F0/><W123/><G123/><T12/><D68/><U61/><E135/><N who="0" m="51753" /><D105/><U125/><E125/><V95/><F124/><W40/><G98/><T56/><D56/><U43/><E43/><V90/><F109/><N who="0" m="42090" /><D129/><U45/><E113/><V118/><F118/><W26/><G77/><T88/><D88/><U57/><E102/><V92/><F133/><W44/><G44/><T89/><D89/><U24/><E45/><V94/><F85/><W11/><G33/><T31/><D117/><U1/><E1/><V54/><F67/><W58/><G80/><T122/><D122/><U119/><E119/><V3/><F70/><W6/><G59/><T100/><D100/><U127/><E127/><V106/><F106/><W96/><G96/><T37/><D37/><U131/><E131/><V36/><F36/><W47/><G47/><T15/><D34/><U107/><E107/><V10/><F75/><W65/><REACH who="3" step="1"/><G6/><REACH who="3" ten="239,288,423,40" step="2"/><T62/><D35/><U112/><E112/><V93/><F73/><AGARI ba="1,1" hai="7,11,14,25,26,40,46,50,58,60,65,73,76,83" machi="73" ten="30,8000,1" yaku="1,1,2,1,7,1,52,1,53,1" doraHai="4" doraHaiUra="74" who="3" fromWho="2" sc="239,0,288,0,423,-83,40,93" />
</Scene>
<Scene>
<INIT seed="7,0,0,3,1,95" ten="239,288,340,133" oya="3" hai0="70,13,61,37,89,17,87,57,11,102,98,130,127" hai1="48,93,135,4,27,59,36,126,68,2,69,47,63" hai2="116,86,65,9,52,0,33,20,81,90,77,117,91" hai3="22,99,103,106,80,129,72,24,100,121,115,114,14"/><W71/><G71/><T40/><D130/><U31/><E36/><V83/><F33/><W6/><G121/><T110/><D127/><U92/><E135/><V28/><F91/><W85/><G72/><T43/><D110/><U122/><E126/><V49/><F65/><W107/><G129/><T3/><D70/><U15/><E2/><V105/><F105/><W75/><G75/><T124/><D124/><U123/><E68/><V44/><F28/><W5/><G14/><T19/><D19/><U18/><E4/><V30/><F9/><W38/><G38/><T109/><D3/><U78/><E78/><V26/><F0/><W16/><G103/><T64/><D109/><U32/><E69/><V66/><F66/><W88/><REACH who="3" step="1"/><G107/><REACH who="3" ten="239,288,340,123" step="2"/><T128/><D128/><U41/><E123/><V120/><F120/><W50/><G50/><T131/><D37/><U23/><E122/><V76/><F76/><W53/><G53/><AGARI ba="0,1" hai="15,18,23,27,31,32,41,47,48,53,59,63,92,93" machi="53" ten="30,1000,0" yaku="7,1" doraHai="95" who="1" fromWho="3" sc="239,0,288,20,340,0,123,-10" owari="239,-16.0,308,11.0,340,44.0,113,-39.0" />
</Scene>
</mjloggm>