<mjloggm ver="2.3"><GO type="169"/><UN n0="%E6%80%96%E3%81%8F%E3%81%AA%E3%81%84%E3%81%8A" n1="%E3%81%AF%E3%82%89%E3%81%BA%E3%81%93%E3%83%AA%E3%82%B0%E3%83%AB" n2="%E5%9F%BA%E7%A4%8E%E8%AB%96" n3="%41%53%41%50%49%4E" dan="17,16,16,18" rate="2176,2076,2030,2165" sx="M,F,M,M"/><TAIKYOKU oya="0"/>

<Scene>
<INIT seed="0,0,0,4,3,127" ten="250,250,250,250" oya="0" hai0="82,130,2,100,86,36,4,26,9,131,132,67,30" hai1="63,58,99,61,109,47,77,117,60,116,50,114,45" hai2="21,125,42,52,104,78,3,112,91,29,65,17,101" hai3="76,74,18,69,37,71,81,0,120,22,59,115,27"/><T89/><D36/><U95/><E77/><V102/><F3/><W8/><G115/><T70/><D100/><U113/><E109/><V55/><F112/><N who="1" m="43113" /><E99/><V44/><F125/><W98/><G120/><T31/><D132/><U121/><E95/><V128/><F78/><W48/><G37/><T38/><D38/><U35/><E35/><V66/><F29/><W6/><REACH who="3" step="1"/><G98/><REACH who="3" ten="250,250,250,240" step="2"/><T11/><D11/><U111/><E121/><V129/><F104/><W119/><G119/><N who="1" m="45642" /><E111/><V94/><F102/><W33/><G33/><T103/><D103/><U43/><E45/><V25/><F101/><W14/><G14/><T1/><D2/><U96/><E96/><V53/><F91/><W108/><G108/><T15/><D1/><U84/><E84/><V49/><REACH who="2" step="1"/><F94/><REACH who="2" ten="250,250,240,240" step="2"/><W10/><G10/><T88/><D89/><U72/><E72/><V80/><F80/><W20/><G20/><T106/><D106/><U23/><E23/><V73/><F73/><W54/><AGARI ba="0,2" hai="0,6,8,18,22,27,48,54,59,69,71,74,76,81" machi="54" ten="30,4000,0" yaku="1,1,0,1,53,1" doraHai="127" doraHaiUra="12" who="3" fromWho="3" sc="250,-20,250,-10,240,-10,240,60" />
</Scene>
<Scene>
<INIT seed="1,0,0,5,0,29" ten="230,240,230,300" oya="1" hai0="47,84,57,5,53,18,25,134,86,81,60,126,122" hai1="42,35,16,80,66,52,114,100,85,63,125,50,65" hai2="55,127,77,109,95,14,20,115,26,120,62,30,6" hai3="119,112,83,51,118,10,8,2,106,130,68,87,94"/><U96/><E114/><V78/><F115/><W19/><G112/><T107/><D107/><U69/><E66/><V123/><F109/><W108/><G106/><T76/><D126/><U38/><E125/><V74/><F127/><W1/><G68/><T49/><D134/><U132/><E132/><V58/><F74/><W70/><G70/><T9/><D122/><U39/><E35/><V3/><F3/><W89/><G108/><T32/><D84/><U121/><E42/><V56/><F120/><W101/><G130/><T135/><D135/><U124/><E124/><V90/><F123/><W93/><G51/><T75/><D75/><U116/><E121/><V72/><F72/><W33/><G33/><T61/><D57/><U71/><E71/><V4/><F58/><W99/><G83/><T111/><D111/><U43/><E43/><V117/><F117/><N who="3" m="44555" /><G19/><T131/><D131/><U88/><E16/><V36/><F36/><W129/><G129/><T97/><D97/><U48/><E116/><V79/><REACH who="2" step="1"/><F14/><REACH who="2" ten="230,240,220,300" step="2"/><W46/><G46/><T28/><REACH who="0" step="1"/><D18/><REACH who="0" ten="220,240,220,300" step="2"/><U45/><REACH who="1" step="1"/><E50/><REACH who="1" ten="220,230,220,300" step="2"/><V102/><F102/><W21/><G101/><T105/><D105/><AGARI ba="0,3" hai="38,39,45,48,52,63,65,69,80,85,88,96,100,105" machi="105" ten="30,12000,1" yaku="1,1,2,1,7,1,54,2,53,0" doraHai="29" doraHaiUra="133" who="1" fromWho="0" sc="220,-120,230,150,220,0,300,0" />
</Scene>
<Scene>
<INIT seed="1,1,0,3,5,27" ten="100,380,220,300" oya="1" hai0="115,102,75,133,38,47,7,114,97,48,131,9,12" hai1="53,122,129,113,101,73,110,21,124,8,56,13,100" hai2="98,69,25,49,121,46,41,64,93,14,65,83,57" hai3="95,94,62,109,60,108,29,20,2,35,5,28,116"/><U36/><E36/><V40/><F121/><W32/><G20/><T130/><D38/><U66/><E73/><V67/><F83/><W71/><G5/><T18/><D75/><U10/><E113/><V87/><F87/><W91/><G2/><T107/><D7/><U123/><E124/><V52/><F25/><W51/><G51/><T126/><D126/><U43/><E43/><N who="2" m="16459" /><F14/><W119/><G91/><T134/><D48/><U30/><E66/><V135/><F93/><W3/><G3/><T39/><D47/><U34/><E34/><V79/><F79/><W96/><G96/><T59/><D59/><U105/><E100/><V50/><F98/><W76/><G76/><T19/><D19/><U22/><E101/><V16/><F16/><W11/><G11/><T127/><D39/><U84/><E105/><V85/><F85/><W99/><G99/><T118/><D118/><U86/><E84/><V117/><F117/><W80/><G71/><T70/><D70/><U104/><E86/><V92/><F92/><W90/><G90/><T82/><D82/><AGARI ba="1,0" hai="28,29,32,35,60,62,80,82,94,95,108,109,116,119" machi="82" ten="25,6400,0" yaku="22,2,52,2" doraHai="27" who="3" fromWho="0" sc="100,-67,380,0,220,0,300,67" />
</Scene>
<Scene>
<INIT seed="2,0,0,2,5,32" ten="33,380,220,367" oya="2" hai0="73,100,28,49,108,68,29,103,79,109,74,8,135" hai1="83,120,3,99,59,93,125,7,12,56,127,4,128" hai2="107,41,90,14,47,110,97,104,84,53,91,63,36" hai3="86,21,48,102,131,16,25,46,23,42,34,67,122"/><V87/><F104/><W33/><G122/><T13/><D68/><U106/><E106/><V113/><F113/><W101/><G131/><T61/><D135/><U70/><E128/><V9/><F110/><N who="0" m="42602" /><D61/><U75/><E70/><V0/><F107/><W58/><G34/><T57/><D57/><U98/><E120/><V6/><F14/><W123/><G33/><T76/><D49/><U117/><E117/><V51/><F63/><N who="3" m="38391" /><G123/><T54/><D54/><U116/><E116/><V130/><F130/><W89/><G23/><T92/><D92/><AGARI ba="0,0" hai="16,21,25,42,46,48,86,89,92,101,102" m="38391" machi="92" ten="30,2000,0" yaku="8,1,54,1" doraHai="32" who="3" fromWho="0" sc="33,-20,380,0,220,0,367,20" />
</Scene>
<Scene>
<INIT seed="3,0,0,2,0,40" ten="13,380,220,387" oya="3" hai0="64,53,4,95,74,115,130,89,48,43,30,7,124" hai1="37,134,73,27,33,46,1,81,6,75,131,49,92" hai2="77,84,60,44,116,14,123,99,87,39,106,5,121" hai3="59,104,57,15,58,12,114,18,25,110,135,120,127"/><W45/><G114/><T38/><D74/><U88/><E134/><V108/><F116/><W2/><G120/><T65/><D130/><U62/><E131/><V54/><F108/><W26/><G2/><T29/><D124/><U22/><E33/><V50/><F39/><W85/><G104/><T118/><D118/><U10/><E37/><V17/><F5/><N who="0" m="2122" /><D43/><U83/><E62/><V119/><F119/><W133/><G127/><T47/><D38/><U132/><E132/><N who="3" m="50762" /><G110/><T96/><D115/><U52/><E73/><V69/><F77/><W113/><G113/><T3/><D3/><U111/><E75/><V21/><F106/><W28/><G85/><T42/><D42/><U94/><E111/><V72/><F72/><W35/><G45/><T67/><AGARI ba="0,0" hai="29,30,47,48,53,64,65,67,89,95,96" m="2122" machi="67" ten="30,2000,0" yaku="8,1,52,1" doraHai="40" who="0" fromWho="0" sc="13,20,380,-5,220,-5,387,-10" />
</Scene>
<Scene>
<INIT seed="4,0,0,5,5,5" ten="33,375,215,377" oya="0" hai0="115,102,130,88,132,12,25,77,45,109,34,133,18" hai1="8,10,41,89,75,56,121,31,17,81,50,107,42" hai2="52,71,22,119,92,63,15,64,39,59,60,131,62" hai3="124,79,53,69,74,116,82,44,87,97,120,33,127"/><T6/><D102/><U112/><E107/><V37/><F92/><W20/><G33/><T21/><D77/><U19/><E121/><V114/><F22/><W117/><G120/><T40/><D130/><U128/><E128/><V135/><F15/><W38/><G69/><T47/><D115/><U100/><E100/><V86/><F86/><W134/><G20/><T29/><D109/><U24/><E112/><V58/><F131/><W28/><G28/><T125/><D125/><N who="3" m="48201" /><G53/><T122/><D122/><U76/><E89/><V3/><F3/><W84/><G44/><T1/><D88/><U99/><E99/><V123/><F123/><W104/><G38/><N who="2" m="14345" /><F135/><N who="0" m="51786" /><D40/><U126/><E42/><V108/><F108/><W83/><G134/><T103/><D103/><U61/><E126/><V78/><F78/><N who="3" m="46583" /><G74/><T0/><D0/><U73/><E75/><V49/><F114/><W110/><G110/><T101/><D101/><AGARI ba="0,0" hai="79,82,84,97,101,104,116,117" m="46583,48201" machi="101" ten="30,3900,0" yaku="18,1,34,2" doraHai="5" who="3" fromWho="0" sc="33,-39,375,0,215,0,377,39" owari="-6,-51.0,375,18.0,215,-18.0,416,51.0" />
</Scene>
</mjloggm>