<mjloggm ver="2.3"><GO type="169"/><UN n0="%41%53%41%50%49%4E" n1="%E3%81%A0%E3%81%84%E3%81%A0%E3%81%84" n2="%E3%83%99%E3%82%BF%E3%82%AA%E3%83%AA%E3%82%B9%E3%82%AF" n3="%E5%9F%BA%E7%A4%8E%E8%AB%96" dan="19,17,16,17" rate="2190,2123,2154,2118" sx="M,M,M,M"/><TAIKYOKU oya="0"/>

<Scene>
<INIT seed="0,0,0,0,1,26" ten="250,250,250,250" oya="0" hai0="32,129,49,119,72,127,14,56,111,102,110,5,28" hai1="52,9,40,45,76,43,88,132,18,39,94,86,69" hai2="33,15,60,20,125,115,54,90,41,83,13,2,131" hai3="92,25,37,99,55,106,35,51,19,23,93,58,47"/><T77/><D119/><U66/><E132/><V21/><F115/><W130/><G130/><T116/><D116/><U42/><E76/><V112/><F112/><W12/><G106/><T67/><D129/><U133/><E133/><V29/><F2/><W0/><G0/><T113/><D113/><U89/><E69/><V123/><F123/><W124/><G124/><T34/><D127/><U108/><E66/><V62/><F125/><W78/><G78/><T134/><D134/><U61/><E108/><N who="0" m="41513" /><D102/><U117/><E117/><V80/><F131/><W53/><G37/><T126/><D126/><U57/><REACH who="1" step="1"/><E89/><REACH who="1" ten="250,240,250,250" step="2"/><V105/><F90/><W75/><G75/><T103/><D67/><U1/><E1/><V96/><F62/><W10/><G35/><T24/><D34/><U97/><E97/><V22/><F96/><W121/><G121/><T8/><D77/><U36/><E36/><V128/><F60/><N who="3" m="35919" /><G99/><T135/><D135/><U118/><E118/><V100/><F128/><W30/><AGARI ba="0,1" hai="10,12,19,23,25,30,47,51,55,92,93" m="35919" machi="30" ten="30,2000,0" yaku="8,1,52,1" doraHai="26" who="3" fromWho="3" sc="250,-10,240,-5,250,-5,250,30" />
</Scene>
<Scene>
<INIT seed="1,0,0,2,4,64" ten="240,235,245,280" oya="1" hai0="103,43,117,65,135,15,0,45,25,121,31,51,10" hai1="95,62,77,69,8,82,74,46,61,79,111,107,13" hai2="14,36,129,96,26,127,3,19,9,123,41,106,42" hai3="63,33,52,50,112,109,22,54,76,97,27,59,110"/><U133/><E107/><V125/><F123/><W80/><G112/><T68/><D117/><U55/><E133/><V60/><F129/><W32/><G97/><T122/><D135/><U53/><E111/><V6/><F26/><W105/><G105/><T1/><D103/><U29/><E29/><V12/><F60/><W81/><G33/><T89/><D89/><U16/><E95/><V131/><F131/><W78/><G32/><N who="0" m="20591" /><D65/><U86/><E55/><V124/><F36/><W24/><G24/><T94/><D94/><U75/><E79/><N who="3" m="30250" /><G110/><T30/><D30/><U102/><E102/><N who="2" m="62791" /><F3/><W17/><G109/><T132/><D68/><U83/><E83/><V28/><F28/><W21/><G21/><AGARI ba="0,0" hai="6,9,12,14,19,21,41,42,124,125,127" m="62791" machi="21" ten="30,1000,0" yaku="18,1" doraHai="64" who="2" fromWho="3" sc="240,0,235,0,245,10,280,-10" />
</Scene>
<Scene>
<INIT seed="2,0,0,3,1,53" ten="240,235,255,270" oya="2" hai0="89,85,69,16,77,35,92,120,59,21,52,81,72" hai1="28,115,78,33,103,63,24,43,48,87,44,14,117" hai2="47,71,39,1,15,91,110,121,80,31,29,73,23" hai3="5,30,109,42,107,0,76,82,88,12,50,79,111"/><V134/><F121/><W101/><G0/><T40/><D120/><U4/><E115/><V34/><F1/><W100/><G30/><T129/><D129/><U41/><E103/><V26/><F71/><W45/><G5/><T32/><D40/><U132/><E132/><V122/><F122/><W113/><G113/><T67/><D67/><U116/><E43/><V114/><F114/><W70/><G70/><T2/><D69/><U18/><E63/><V10/><F134/><W54/><G12/><T3/><D32/><U126/><E126/><V8/><F110/><N who="3" m="41995" /><G42/><T96/><D35/><U99/><E99/><V46/><F31/><W17/><G17/><T98/><D98/><U84/><E4/><V65/><F65/><W125/><G125/><T22/><D22/><U131/><E131/><V86/><F73/><W112/><G112/><T123/><D123/><U127/><E87/><V124/><F124/><W108/><G108/><T105/><D105/><U11/><E127/><V106/><F106/><W66/><G66/><T6/><D6/><U55/><E41/><V56/><F39/><W58/><G45/><T36/><D36/><U68/><E68/><V20/><F10/><W93/><G107/><T95/><D95/><U13/><E11/><V49/><F34/><W133/><G133/><T118/><D72/><U7/><E33/><V62/><F23/><W38/><G38/><T37/><D37/><U74/><E74/><V135/><F135/><W128/><G128/><T97/><D2/><U90/><E44/><V83/><F47/><W19/><G100/><T57/><D3/><RYUUKYOKU ba="0,0" sc="240,0,235,0,255,0,270,0" />
</Scene>
<Scene>
<INIT seed="3,1,0,3,3,42" ten="240,235,255,270" oya="3" hai0="4,100,22,11,81,133,88,104,7,50,64,73,115" hai1="60,79,54,98,112,77,74,29,111,106,49,15,94" hai2="31,21,2,61,62,123,108,110,129,45,86,68,26" hai3="0,55,67,34,95,47,25,38,90,116,20,1,52"/><W80/><G116/><T87/><D133/><U27/><E106/><V101/><F2/><W23/><G67/><T75/><D115/><U19/><E112/><V134/><F134/><W126/><G126/><T59/><D7/><U92/><E60/><V24/><F129/><W70/><G70/><T109/><D109/><N who="2" m="42090" /><F123/><W114/><G114/><T91/><D91/><U82/><E79/><V135/><F135/><W132/><G132/><T13/><D100/><U124/><E124/><V118/><F118/><W41/><G80/><T40/><D104/><U3/><E3/><V18/><F68/><W85/><G1/><T51/><D22/><U48/><E111/><V44/><F101/><W63/><G0/><T113/><D113/><U128/><E128/><V120/><F120/><W37/><G37/><T127/><D127/><U107/><E107/><V125/><F125/><W122/><G122/><T71/><D71/><U97/><E97/><V65/><F86/><W84/><G84/><T57/><D51/><U69/><E49/><V39/><F39/><W76/><G76/><T119/><D119/><U10/><E98/><V53/><F65/><W43/><G43/><T66/><D66/><U78/><E78/><V130/><F130/><W105/><G105/><T56/><REACH who="0" step="1"/><D64/><REACH who="0" ten="230,235,255,270" step="2"/><U58/><E69/><V28/><F21/><AGARI ba="1,1" hai="10,15,19,21,27,29,48,54,58,74,77,82,92,94" machi="21" ten="30,1000,0" yaku="7,1" doraHai="42" who="1" fromWho="2" sc="230,0,235,23,255,-13,270,0" />
</Scene>
<Scene>
<INIT seed="4,0,0,3,4,85" ten="230,258,242,270" oya="0" hai0="116,16,89,54,58,32,114,126,74,83,6,53,70" hai1="98,69,99,123,108,128,94,11,1,107,36,90,95" hai2="50,86,77,67,22,48,44,73,115,129,120,96,93" hai3="106,88,62,8,7,9,31,56,131,0,28,66,14"/><T4/><D116/><U42/><E123/><V27/><F120/><W38/><G131/><T127/><D70/><U82/><E69/><V118/><F73/><W33/><G106/><T87/><D32/><U84/><E107/><V34/><F34/><W130/><G38/><T41/><D74/><U2/><E108/><V19/><F115/><W71/><G71/><T124/><D114/><U100/><E128/><V17/><F129/><W133/><G133/><T111/><D111/><U55/><E36/><V5/><F118/><W52/><G66/><T12/><D41/><U122/><E42/><N who="2" m="24599" /><F5/><N who="0" m="2154" /><D58/><U25/><E11/><AGARI ba="0,0" hai="11,12,16,53,54,83,87,89,124,126,127" m="2154" machi="11" ten="30,5800,0" yaku="18,1,52,1,54,1" doraHai="85" who="0" fromWho="1" sc="230,58,258,-58,242,0,270,0" />
</Scene>
<Scene>
<INIT seed="4,1,0,2,2,83" ten="288,200,242,270" oya="0" hai0="130,82,77,63,118,19,35,28,108,64,94,71,113" hai1="0,46,133,2,54,124,57,76,106,53,45,1,61" hai2="55,123,66,16,23,12,110,58,96,81,11,21,89" hai3="40,72,43,30,128,122,18,24,99,69,13,14,42"/><T120/><D118/><U101/><E124/><V78/><F110/><W119/><G119/><T98/><D120/><U132/><E76/><V126/><F123/><W86/><G72/><T20/><D108/><U32/><E32/><V38/><F38/><W15/><G122/><T50/><D130/><U116/><E116/><V121/><F121/><W49/><G128/><T95/><D113/><U115/><E115/><V87/><F66/><W91/><G69/><T44/><D28/><U33/><E33/><V129/><F126/><W125/><G99/><T73/><D98/><U100/><E106/><V8/><F129/><W105/><G105/><T109/><D35/><U67/><E67/><V3/><F3/><W34/><G125/><T6/><D6/><U104/><E104/><V92/><F11/><W9/><REACH who="3" step="1"/><G49/><AGARI ba="1,0" hai="8,12,16,21,23,49,55,58,78,81,87,89,92,96" machi="49" ten="30,7700,0" yaku="7,1,8,1,52,1,54,1" doraHai="83" who="2" fromWho="3" sc="288,0,200,0,242,80,270,-80" />
</Scene>
<Scene>
<INIT seed="5,0,0,1,3,93" ten="288,200,322,190" oya="1" hai0="14,48,59,37,18,17,33,52,90,111,65,13,78" hai1="80,64,47,68,54,113,106,73,132,116,21,70,75" hai2="99,42,96,38,49,63,105,12,79,84,135,57,82" hai3="101,100,53,28,130,20,92,1,117,46,83,112,108"/><U85/><E116/><V26/><F38/><W98/><G108/><T22/><D111/><U118/><E118/><V11/><F135/><W31/><G117/><T8/><D37/><U72/><E132/><V120/><F120/><W10/><G112/><T71/><D33/><U94/><E106/><V121/><F121/><W4/><G130/><T60/><D78/><U40/><E113/><V0/><F0/><W39/><G100/><T67/><D90/><U123/><E123/><V34/><F105/><W104/><G104/><T126/><D126/><U103/><E54/><N who="2" m="34231" /><F34/><W131/><G131/><T115/><D115/><U125/><E21/><V74/><F74/><W122/><G122/><T3/><D3/><U61/><E125/><V24/><F42/><W107/><G107/><T6/><D67/><U7/><E7/><N who="2" m="3199" /><F49/><W32/><G32/><T128/><D128/><U58/><E70/><V19/><F19/><W43/><G20/><T9/><D22/><U119/><E68/><V109/><F109/><W36/><G36/><T129/><D129/><U95/><E119/><V81/><F82/><W29/><G53/><T91/><D91/><U97/><E40/><V127/><F127/><W50/><G50/><T16/><AGARI ba="0,0" hai="6,8,9,13,14,16,17,18,48,52,59,60,65,71" machi="16" ten="20,5200,0" yaku="0,1,7,1,54,2" doraHai="93" who="0" fromWho="0" sc="288,52,200,-26,322,-13,190,-13" />
</Scene>
<Scene>
<INIT seed="6,0,0,0,3,59" ten="340,174,309,177" oya="2" hai0="119,120,106,68,69,75,11,89,129,9,38,21,127" hai1="104,124,94,8,64,82,32,113,31,61,55,88,28" hai2="2,39,63,103,72,86,76,130,100,74,14,23,67" hai3="84,3,6,93,115,50,12,95,135,117,96,107,4"/><V99/><F2/><W132/><G117/><T97/><D120/><U91/><E104/><V45/><F130/><W24/><G3/><T43/><D75/><U110/><E110/><V17/><F86/><W122/><G122/><T98/><D129/><U78/><E124/><V126/><F126/><W58/><G24/><T65/><D127/><U85/><E113/><V102/><F76/><W60/><G50/><T56/><D119/><U19/><E55/><V83/><F83/><W109/><G109/><T34/><D34/><U49/><E49/><V37/><F99/><W27/><G27/><T125/><D21/><U0/><E32/><V18/><F18/><W33/><G33/><T90/><D56/><U79/><E79/><V52/><F39/><W35/><G35/><T118/><D118/><U36/><E36/><V15/><F15/><W111/><G111/><T134/><D38/><U20/><E8/><V47/><F47/><W114/><G107/><T51/><D51/><U40/><E0/><V92/><F92/><N who="3" m="35403" /><G84/><T128/><D106/><U48/><E48/><V116/><F116/><W7/><G96/><T26/><D125/><U77/><E77/><V10/><F37/><W105/><G12/><T80/><D98/><N who="1" m="57671" /><E78/><V44/><F74/><W16/><G105/><T81/><D97/><U42/><E28/><V30/><F72/><W22/><G132/><T101/><D134/><U46/><E31/><V73/><F73/><W53/><G135/><T71/><D128/><U70/><E46/><V121/><F45/><W1/><G1/><T112/><D69/><U108/><E108/><RYUUKYOKU ba="0,0" sc="340,-15,174,15,309,-15,177,15" hai1="19,20,40,42,61,64,70,82,85,91" hai3="4,6,7,16,22,53,58,60,114,115" />
</Scene>
<Scene>
<INIT seed="7,1,0,3,4,84" ten="325,189,294,192" oya="3" hai0="112,89,113,70,91,119,82,30,21,108,10,92,33" hai1="86,131,46,110,127,35,61,115,19,71,32,80,111" hai2="60,18,25,85,106,121,6,77,104,97,129,2,15" hai3="34,105,64,41,58,45,50,130,126,1,11,114,107"/><W3/><G34/><T100/><D108/><U38/><E131/><V5/><F129/><W117/><G130/><T98/><D119/><U81/><E115/><N who="0" m="44105" /><D70/><U133/><E127/><V128/><F128/><W99/><G114/><T9/><D33/><U109/><E133/><V20/><F121/><W69/><G126/><T44/><D44/><U22/><E46/><V40/><F2/><W95/><G117/><T26/><D82/><U101/><E38/><V83/><F40/><W52/><G69/><T23/><D23/><U48/><E48/><V4/><F60/><W103/><G64/><T42/><D42/><U39/><E39/><V66/><F66/><W90/><G11/><AGARI ba="1,0" hai="9,10,11,21,26,30,89,91,92,98,100" m="44105" machi="11" ten="30,7700,0" yaku="15,1,11,1,52,2" doraHai="84" who="0" fromWho="3" sc="325,80,189,0,294,0,192,-80" owari="405,51.0,189,-21.0,294,9.0,112,-39.0" />
</Scene>
</mjloggm>