<mjloggm ver="2.3"><GO type="169" lobby="0"/><UN n0="%E7%B7%9A%E5%BD%A2%E8%A8%88%E7%94%BB%E6%B3%95" n1="%E3%82%B9%E3%83%91%E3%83%BC%E3%82%AF%E3%82%B9" n2="%41%53%41%50%49%4E" n3="%79%75%6B%69%31%31%32%32" dan="16,17,19,16" rate="2056.52,2128.99,2331.43,2008.63" sx="M,F,M,M"/><TAIKYOKU oya="0"/>

<Scene>
<INIT seed="0,0,0,4,3,106" ten="250,250,250,250" oya="0" hai0="56,27,76,114,50,108,99,4,66,33,89,120,2" hai1="97,115,92,91,48,9,52,53,73,64,6,93,71" hai2="87,83,30,121,60,47,74,23,96,54,11,36,67" hai3="3,25,17,58,122,35,45,65,28,77,10,26,110"/><T59/><D114/><U15/><E115/><V134/><F121/><W90/><G77/><T1/><D120/><U0/><E0/><V109/><F109/><W8/><G45/><T14/><D76/><U39/><E39/><V75/><F134/><W16/><G110/><T24/><D108/><U22/><E73/><V68/><F96/><W123/><G65/><T63/><D27/><U124/><E124/><V49/><F30/><W126/><G58/><T21/><D33/><U100/><E22/><V20/><F20/><W95/><G126/><T31/><D14/><U98/><REACH who="1" step="1"/><E48/><REACH who="1" ten="250,240,250,250" step="2"/><V38/><F23/><W18/><G123/><T116/><D1/><U105/><E105/><V72/><REACH who="2" step="1"/><F11/><REACH who="2" ten="250,240,240,250" step="2"/><W82/><G8/><T102/><D21/><U12/><E12/><V129/><F129/><W7/><G10/><T131/><D2/><U119/><E119/><V40/><F40/><W78/><G122/><T84/><D131/><U113/><E113/><V57/><F57/><W32/><G3/><T69/><D59/><U42/><E42/><V112/><F112/><W51/><G35/><T19/><D56/><U125/><E125/><V128/><F128/><W111/><G32/><T86/><D116/><U44/><E44/><V94/><F94/><W103/><G95/><T117/><D117/><U88/><E88/><AGARI ba="0,2" hai="36,38,47,49,54,60,67,68,72,74,75,83,87,88" machi="88" ten="40,8000,1" yaku="1,1,52,3,54,1,53,0" doraHai="106" doraHaiUra="132" who="2" fromWho="1" sc="250,0,240,-80,240,100,250,0" />
</Scene>
<Scene>
<INIT seed="1,0,0,2,4,109" ten="250,160,340,250" oya="1" hai0="118,36,78,85,29,19,126,124,65,131,94,63,119" hai1="134,28,71,88,108,73,21,39,121,54,33,114,30" hai2="16,66,51,130,102,117,11,23,1,32,125,67,50" hai3="100,77,90,47,87,43,120,82,13,107,8,10,74"/><U135/><E39/><V59/><F117/><W75/><G120/><T17/><D36/><U7/><E73/><V22/><F32/><W91/><G91/><T4/><D131/><U31/><E71/><V14/><F130/><W133/><G133/><N who="1" m="50698" /><E121/><V92/><F125/><N who="0" m="48234" /><D29/><U18/><E54/><N who="2" m="32215" /><F1/><W15/><G100/><T111/><D4/><U103/><E103/><V95/><F51/><W24/><G24/><T69/><D111/><U34/><E108/><V26/><F23/><W110/><G107/><T60/><D60/><U101/><E101/><V72/><F72/><W115/><G15/><T12/><D19/><U45/><E45/><V104/><F104/><W128/><G13/><T62/><D62/><U25/><E114/><V98/><F92/><W96/><G115/><T27/><D27/><U123/><E123/><V44/><F44/><W42/><G47/><T129/><D129/><U2/><E88/><V89/><F102/><W86/><G90/><T6/><D119/><U105/><E105/><V116/><F116/><W37/><G37/><T132/><D132/><U49/><E49/><V70/><F70/><W81/><G110/><T40/><D118/><U58/><E58/><V64/><F64/><W61/><G61/><T106/><D106/><U56/><E56/><V53/><F53/><W9/><G43/><T84/><D40/><U93/><E93/><V127/><F127/><W76/><G42/><T41/><D41/><U46/><E46/><V55/><F55/><W112/><G112/><T99/><D69/><U122/><E122/><V0/><F0/><W79/><G128/><RYUUKYOKU ba="0,0" sc="250,-15,160,15,340,15,250,-15" hai1="2,7,18,21,25,28,30,31,33,34" hai2="11,14,16,22,26,66,67,89,95,98" />
</Scene>
<Scene>
<INIT seed="1,1,0,5,5,133" ten="235,175,355,235" oya="1" hai0="29,10,34,97,82,61,89,109,59,102,78,76,33" hai1="135,87,122,25,98,93,64,18,46,123,119,124,12" hai2="80,32,55,36,88,6,126,105,60,120,106,27,134" hai3="1,92,35,58,9,70,16,3,111,62,19,117,131"/><U2/><E2/><V0/><F120/><W49/><G35/><T94/><D109/><U91/><E119/><V74/><F36/><W107/><G111/><T45/><D45/><U56/><E135/><V26/><F134/><W104/><G70/><T71/><D71/><U66/><E25/><V79/><F126/><W85/><G49/><T41/><D41/><U20/><E124/><V99/><F27/><W96/><G85/><T22/><D10/><U48/><E98/><V73/><F73/><W68/><G68/><T15/><D34/><U31/><E31/><V37/><F37/><W21/><G1/><T118/><D118/><U8/><E8/><V65/><F55/><W128/><G117/><T130/><D130/><U132/><E132/><V42/><F42/><W38/><G38/><T72/><D78/><U7/><E7/><V90/><F6/><W77/><G77/><T54/><D33/><U83/><E83/><V127/><F127/><W14/><G3/><T51/><D29/><U23/><E23/><V116/><F0/><W28/><G28/><T115/><D115/><U30/><E30/><N who="2" m="19543" /><F116/><W13/><G131/><T67/><D22/><U110/><E110/><V81/><F81/><W95/><G95/><T43/><D43/><N who="1" m="24671" /><E66/><V100/><F105/><W4/><G4/><T17/><D67/><U52/><E64/><V121/><F121/><W101/><G128/><T112/><D112/><U84/><E84/><V129/><F129/><W75/><G75/><T125/><D125/><U5/><E5/><V47/><F47/><W39/><G39/><T103/><D51/><AGARI ba="1,0" hai="12,18,20,51,52,56,87,91,93,122,123" m="24671" machi="51" ten="30,5800,0" yaku="6,1,25,1,54,1" doraHai="133" who="1" fromWho="0" sc="235,-61,175,61,355,0,235,0" />
</Scene>
<Scene>
<INIT seed="1,2,0,0,4,84" ten="174,236,355,235" oya="1" hai0="14,35,108,83,111,44,112,101,65,124,21,32,95" hai1="131,132,107,55,9,79,63,128,57,28,81,61,42" hai2="102,41,104,127,91,49,85,73,50,10,114,64,115" hai3="0,98,109,58,36,62,76,130,22,74,86,40,129"/><U89/><E107/><V122/><F122/><W75/><G0/><T72/><D112/><N who="2" m="43050" /><F73/><W51/><G36/><T119/><D119/><U11/><E132/><V31/><F127/><W105/><G40/><T18/><D124/><U29/><E42/><V45/><F31/><N who="1" m="11849" /><E63/><V87/><F87/><W6/><G6/><T66/><D44/><U39/><E39/><N who="2" m="21695" /><F64/><W47/><G47/><T80/><D66/><U117/><E117/><V8/><F102/><W92/><G51/><N who="2" m="19465" /><F104/><W126/><G86/><T37/><D37/><U77/><E128/><V7/><F7/><W93/><G105/><T3/><D65/><U82/><E131/><V67/><F67/><W16/><G75/><T123/><D123/><U60/><E60/><V106/><F106/><W5/><G74/><T33/><D3/><U48/><E61/><V19/><F19/><W13/><G62/><T94/><D72/><U27/><E27/><V88/><F91/><W120/><G120/><T90/><D101/><U12/><E89/><V100/><F100/><W17/><G126/><T69/><D95/><AGARI ba="2,0" hai="8,10,85,88,95" m="19465,21695,43050" machi="95" ten="30,3900,0" yaku="11,1,52,1,54,1" doraHai="84" who="2" fromWho="0" sc="174,-45,236,0,355,45,235,0" />
</Scene>
<Scene>
<INIT seed="2,0,0,2,5,21" ten="129,236,400,235" oya="2" hai0="131,58,62,51,98,129,128,7,75,29,44,16,126" hai1="52,28,12,135,127,40,99,37,22,91,6,114,74" hai2="0,90,49,66,47,108,25,35,117,100,116,101,107" hai3="94,24,92,80,19,132,112,2,50,106,133,77,32"/><V57/><F0/><W54/><G106/><T43/><D75/><U82/><E114/><V79/><F79/><W93/><G2/><T72/><D72/><U41/><E127/><V85/><F108/><W121/><G121/><T67/><D126/><U96/><E135/><V9/><F9/><W20/><G32/><T118/><D118/><U70/><E70/><V53/><F107/><W88/><G112/><T11/><D29/><U105/><E105/><V125/><F125/><W13/><G133/><T65/><D98/><U120/><E37/><V63/><F117/><W87/><G132/><T33/><D33/><U18/><E120/><V115/><F115/><W130/><G130/><T113/><D113/><U48/><E6/><V3/><F3/><W73/><REACH who="3" step="1"/><G13/><REACH who="3" ten="129,236,400,225" step="2"/><N who="0" m="7231" /><D7/><U34/><E34/><V17/><F116/><W15/><G15/><T84/><D84/><N who="1" m="50583" /><E74/><V111/><F111/><W97/><G97/><T124/><D124/><U83/><E99/><V26/><F35/><W119/><G119/><T110/><D110/><U23/><E96/><V46/><F100/><W95/><G95/><T102/><D102/><U31/><E83/><V134/><F101/><W10/><G10/><T89/><D89/><U36/><E22/><V14/><F134/><W4/><G4/><T42/><D42/><N who="1" m="16491" /><E36/><V68/><F90/><W104/><G104/><T69/><D69/><U5/><E5/><V45/><F85/><W61/><G61/><T55/><AGARI ba="0,1" hai="43,44,51,55,58,62,65,67,128,129,131" m="7231" machi="55" ten="30,2000,0" yaku="19,1,54,1" doraHai="21" who="0" fromWho="0" sc="129,30,236,-5,400,-10,225,-5" />
</Scene>
<Scene>
<INIT seed="3,0,0,5,0,121" ten="159,231,390,220" oya="3" hai0="40,65,135,124,79,111,99,31,33,26,75,110,122" hai1="114,86,22,18,44,14,60,120,66,12,50,100,92" hai2="5,126,7,102,73,93,63,107,35,54,82,116,118" hai3="17,80,74,53,10,9,112,76,58,98,29,67,15"/><W3/><G67/><T11/><D122/><U132/><E120/><V45/><F35/><W64/><G64/><T59/><D135/><U68/><E114/><V28/><F107/><W49/><G112/><T108/><D40/><U24/><E132/><V85/><F73/><W46/><G29/><T81/><D124/><U4/><E4/><V94/><F28/><W115/><G115/><T34/><D11/><U1/><E1/><V113/><F113/><W87/><G3/><T117/><D117/><U57/><E68/><V48/><F126/><W41/><G98/><T125/><D125/><U105/><E105/><V0/><F102/><W13/><G74/><T104/><D104/><U119/><E119/><V37/><F37/><W106/><G106/><T69/><D99/><N who="1" m="59495" /><E86/><V84/><F84/><W6/><G58/><T72/><D72/><U51/><E51/><V62/><F94/><W133/><REACH who="3" step="1"/><G133/><REACH who="3" ten="159,231,390,210" step="2"/><T52/><D65/><U90/><E66/><V25/><F0/><W129/><G129/><T128/><D128/><U103/><E57/><V43/><F118/><W36/><G36/><T101/><D69/><U123/><E123/><V127/><F116/><W27/><G27/><T78/><D101/><U88/><E103/><V38/><F25/><W16/><G16/><T55/><D79/><U61/><E24/><V19/><F19/><W39/><G39/><T96/><D96/><U95/><E12/><V89/><F127/><W47/><G47/><T130/><D130/><U23/><E18/><V134/><F134/><W2/><G2/><T32/><D59/><U91/><E14/><RYUUKYOKU ba="0,1" sc="159,15,231,-15,390,-15,210,15" hai0="26,31,32,33,34,52,55,75,78,81,108,110,111" hai3="6,9,10,13,15,17,41,46,49,53,76,80,87" />
</Scene>
<Scene>
<INIT seed="3,1,1,1,5,61" ten="174,216,375,225" oya="3" hai0="55,120,115,86,125,48,109,66,95,105,6,19,8" hai1="39,10,17,70,112,75,134,29,1,68,15,85,11" hai2="21,83,135,12,130,87,106,98,16,5,45,81,118" hai3="9,122,79,65,20,13,103,41,108,69,51,24,127"/><W94/><G122/><T37/><D120/><U52/><E39/><V80/><F118/><W40/><G79/><T114/><D105/><U113/><E75/><V31/><F130/><W32/><G32/><T84/><D37/><U60/><E29/><V38/><F135/><W131/><G131/><T88/><D125/><U30/><E30/><V34/><F5/><W129/><G129/><T22/><D109/><U27/><E27/><V54/><F106/><W111/><G127/><T96/><D115/><U126/><E126/><V59/><F98/><N who="3" m="59863" /><G51/><T93/><D114/><U28/><E28/><V62/><F31/><N who="3" m="17799" /><G69/><T26/><D95/><U53/><E134/><V42/><REACH who="2" step="1"/><F34/><REACH who="2" ten="174,216,365,225" step="2"/><W43/><G111/><T76/><D6/><U50/><E113/><V74/><F74/><W124/><G108/><T2/><D2/><U25/><E112/><V71/><F71/><W123/><G124/><T92/><D96/><U56/><E85/><AGARI ba="1,2" hai="12,16,21,38,42,45,54,59,62,80,81,83,85,87" machi="85" ten="40,2600,0" yaku="1,1,54,1,53,0" doraHai="61" doraHaiUra="107" who="2" fromWho="1" sc="174,0,216,-29,365,49,225,0" />
</Scene>
<Scene>
<INIT seed="4,0,0,0,4,113" ten="174,187,414,225" oya="0" hai0="61,104,77,60,36,12,7,41,23,30,3,49,100" hai1="72,120,55,13,74,67,81,105,115,68,43,91,40" hai2="35,1,0,78,129,89,32,97,26,124,126,82,46" hai3="106,92,25,14,132,130,102,122,8,29,19,27,20"/><T103/><D36/><U53/><E120/><V133/><F129/><W2/><G130/><T117/><D3/><U99/><E105/><V84/><F133/><W58/><G132/><T15/><D77/><U112/><E13/><N who="0" m="5193" /><D117/><U125/><E125/><N who="2" m="48235" /><F46/><W62/><G106/><T18/><D7/><U50/><E67/><V39/><F39/><W75/><G75/><N who="1" m="28714" /><E68/><V44/><F44/><W5/><G122/><T57/><D30/><U128/><E128/><V87/><F97/><W90/><G102/><N who="0" m="38955" /><D104/><U51/><E81/><N who="2" m="47159" /><F26/><W88/><G92/><T94/><D94/><U45/><E99/><V98/><F98/><W134/><G134/><T79/><D79/><U110/><E91/><V64/><F64/><N who="3" m="38999" /><G27/><N who="0" m="14839" /><D41/><U83/><E110/><V38/><F38/><W24/><G24/><T85/><D85/><U54/><E83/><V96/><F96/><W123/><G123/><T31/><D31/><U101/><E101/><V63/><F1/><W116/><G90/><T28/><D28/><U59/><E112/><V109/><F0/><W6/><G88/><T80/><D80/><U48/><E115/><V86/><F86/><W107/><G107/><T22/><D22/><U34/><E34/><N who="2" m="12843" /><F109/><W71/><G71/><T73/><D73/><U37/><E37/><V111/><F111/><W33/><G5/><T114/><D114/><U119/><E119/><AGARI ba="0,0" hai="2,6,8,14,19,20,25,29,33,116,119" m="38999" machi="119" ten="30,3900,0" yaku="24,1,52,2" doraHai="113" who="3" fromWho="1" sc="174,0,187,-39,414,0,225,39" />
</Scene>
<Scene>
<INIT seed="5,0,0,3,4,48" ten="174,148,414,264" oya="1" hai0="37,21,45,106,79,46,8,104,81,55,63,134,124" hai1="72,80,92,30,112,103,70,2,3,14,47,98,42" hai2="41,54,130,9,10,85,94,105,127,123,7,121,107" hai3="83,59,67,11,95,125,33,23,75,29,129,132,28"/><U68/><E112/><V58/><F130/><W87/><G33/><T122/><D134/><U13/><E30/><V120/><F127/><W74/><G132/><T69/><D124/><U57/><E57/><V78/><F41/><W111/><G129/><T24/><D122/><U16/><E14/><V133/><F133/><W5/><G74/><T88/><D8/><U19/><E19/><V27/><F27/><W102/><G75/><T135/><D135/><U61/><E72/><V71/><F71/><W51/><G125/><T53/><D79/><U90/><E80/><V6/><F10/><W93/><G93/><T91/><D69/><U49/><E103/><V86/><F86/><W84/><G23/><T26/><D37/><U66/><REACH who="1" step="1"/><E70/><REACH who="1" ten="174,138,414,264" step="2"/><V108/><F58/><W109/><G29/><T118/><D81/><U15/><E15/><V20/><F121/><W114/><G28/><T38/><D38/><U101/><E101/><V116/><F123/><W100/><G100/><T1/><D21/><AGARI ba="0,1" hai="2,3,13,16,21,42,47,49,61,66,68,90,92,98" machi="21" ten="30,11600,0" yaku="1,1,7,1,54,1,53,1" doraHai="48" doraHaiUra="40" who="1" fromWho="0" sc="174,-116,138,126,414,0,264,0" />
</Scene>
<Scene>
<INIT seed="5,1,0,2,5,63" ten="58,264,414,264" oya="1" hai0="96,79,73,21,11,104,42,25,6,114,26,38,123" hai1="115,53,78,57,99,71,3,76,44,61,24,133,43" hai2="47,56,31,64,19,22,27,119,109,30,55,9,35" hai3="23,69,37,124,14,18,20,75,70,4,95,106,102"/><U103/><E3/><V118/><F109/><W131/><G4/><T54/><D123/><U128/><E115/><V93/><F64/><W98/><G37/><T2/><D114/><U49/><E133/><V82/><F47/><W65/><G75/><T60/><D96/><U36/><E24/><V110/><F110/><W92/><G70/><T13/><D104/><U117/><E117/><V127/><F127/><W17/><G124/><T67/><D54/><U7/><E7/><V81/><F9/><W29/><G29/><T40/><D13/><U84/><E84/><V62/><F31/><W87/><G87/><T86/><D86/><U72/><E72/><V0/><F0/><W39/><G39/><T111/><D111/><U59/><E128/><V50/><F93/><W80/><G80/><T129/><D129/><U77/><E71/><V122/><F122/><W5/><G5/><T12/><D12/><U88/><E88/><V108/><F108/><W132/><G131/><T32/><D32/><U16/><E16/><V51/><F82/><W90/><G132/><T113/><D113/><U100/><REACH who="1" step="1"/><E99/><REACH who="1" ten="58,254,414,264" step="2"/><V130/><F130/><W45/><G90/><T135/><D135/><U68/><E68/><V126/><F126/><W120/><G69/><T33/><D25/><U97/><E97/><V34/><F81/><W1/><G98/><T28/><D73/><U121/><E121/><V48/><F19/><W94/><G18/><T91/><D26/><U83/><E83/><V134/><F134/><W10/><G120/><T15/><D2/><U107/><E107/><V66/><F118/><RYUUKYOKU ba="1,1" sc="58,-10,254,30,414,-10,264,-10" hai1="36,43,44,49,53,57,59,61,76,77,78,100,103" />
</Scene>
<Scene>
<INIT seed="5,2,1,3,4,76" ten="48,284,404,254" oya="1" hai0="74,24,126,100,110,39,48,1,98,120,101,42,47" hai1="20,4,129,0,41,106,2,46,88,123,97,84,19" hai2="105,124,38,51,40,62,8,72,61,65,99,45,22" hai3="25,80,94,27,135,15,117,83,109,77,89,107,113"/><U116/><E116/><V3/><F124/><W82/><G109/><T91/><D110/><U134/><E123/><V54/><F72/><W58/><G107/><T52/><D126/><U17/><E17/><V86/><F105/><W71/><G71/><T36/><D74/><U75/><E75/><V9/><F99/><W63/><G117/><T132/><D1/><U57/><E57/><V103/><F103/><W81/><G135/><T79/><D79/><U49/><E134/><V7/><F65/><N who="3" m="39159" /><G113/><T64/><D64/><U28/><E28/><V125/><F125/><W122/><G122/><T128/><D128/><U133/><E133/><V93/><F93/><W60/><G60/><T44/><D132/><U90/><E4/><V114/><F114/><W95/><G95/><T6/><D6/><U14/><E129/><V16/><F86/><N who="3" m="48399" /><G15/><T119/><D119/><U104/><E104/><V30/><F61/><W78/><G78/><T13/><D120/><U131/><E131/><V66/><F62/><W87/><AGARI ba="2,1" hai="25,27,81,82,83,87,89,94" m="48399,39159" machi="87" ten="30,8000,1" yaku="8,1,52,4" doraHai="76" who="3" fromWho="3" sc="48,-22,284,-42,404,-22,254,96" />
</Scene>
<Scene>
<INIT seed="6,0,0,2,5,109" ten="26,242,382,350" oya="2" hai0="2,81,130,67,102,88,91,89,13,57,40,95,35" hai1="19,92,100,59,70,25,6,72,12,105,123,80,107" hai2="127,118,97,41,7,101,18,47,16,131,117,63,87" hai3="61,15,79,42,64,122,28,119,126,53,85,96,37"/><V39/><F131/><W24/><G126/><T74/><D2/><U26/><E70/><V116/><F127/><W0/><G0/><T83/><D130/><U5/><E123/><V78/><F7/><W68/><G119/><T124/><D35/><U32/><E107/><V82/><REACH who="2" step="1"/><F63/><REACH who="2" ten="26,242,372,350" step="2"/><W45/><G122/><T22/><D124/><U14/><E6/><V135/><F135/><W114/><G61/><T111/><D111/><U76/><E5/><V60/><F60/><W55/><G68/><T17/><D74/><U49/><E72/><V128/><F128/><W58/><G64/><T34/><D34/><U1/><E1/><V98/><F98/><W52/><G96/><T84/><D67/><U10/><E32/><V62/><F62/><W108/><G108/><T90/><D57/><U113/><E59/><V86/><F86/><W11/><G85/><T75/><D75/><U94/><E105/><AGARI ba="0,1" hai="16,18,39,41,47,78,82,87,97,101,105,116,117,118" machi="105" ten="40,3900,0" yaku="1,1,54,1,53,0" doraHai="109" doraHaiUra="46" who="2" fromWho="1" sc="26,0,242,-39,372,49,350,0" />
</Scene>
<Scene>
<INIT seed="6,1,0,5,5,33" ten="26,203,421,350" oya="2" hai0="125,11,93,8,29,109,113,5,59,76,4,25,57" hai1="23,127,107,89,51,15,84,122,92,3,49,34,90" hai2="35,81,103,71,75,96,47,10,91,58,42,18,128" hai3="46,111,68,55,87,2,115,131,101,124,37,36,132"/><V56/><F71/><W102/><G87/><T99/><D113/><U24/><E34/><V16/><F35/><W126/><G55/><T54/><D125/><U83/><E107/><V48/><F128/><W117/><G46/><T118/><D76/><U52/><E127/><V27/><F75/><W38/><G102/><T114/><D114/><U88/><E122/><V7/><F81/><W82/><G101/><T74/><D74/><U28/><E3/><V108/><F91/><W12/><G82/><T0/><D109/><U66/><E66/><V39/><F108/><W106/><G12/><T43/><D43/><U50/><E15/><V17/><F27/><W61/><G61/><T94/><D118/><U80/><REACH who="1" step="1"/><E52/><REACH who="1" ten="26,193,421,350" step="2"/><V19/><F42/><W69/><G2/><T14/><D99/><U134/><E134/><V104/><F96/><W129/><G106/><T20/><REACH who="0" step="1"/><D59/><REACH who="0" ten="16,193,421,350" step="2"/><U64/><E64/><V31/><F56/><W130/><G111/><T60/><AGARI ba="1,2" hai="0,4,5,8,11,14,20,25,29,54,57,60,93,94" machi="60" ten="20,8000,1" yaku="1,1,2,1,0,1,7,1,52,1,53,0" doraHai="33" doraHaiUra="72" who="0" fromWho="0" sc="16,103,193,-21,421,-41,350,-21" />
</Scene>
<Scene>
<INIT seed="7,0,0,2,0,9" ten="119,172,380,329" oya="3" hai0="110,99,128,115,35,31,50,90,86,22,49,47,12" hai1="24,93,109,129,74,27,53,11,113,33,68,4,20" hai2="44,111,78,64,75,97,61,80,96,114,7,130,58" hai3="67,28,132,17,3,103,39,37,43,71,45,122,13"/><W6/><G122/><T107/><D110/><U126/><E74/><V0/><F111/><W102/><G39/><T77/><D35/><U105/><E105/><V135/><F114/><W30/><G30/><T120/><D120/><U40/><E68/><V1/><F130/><W88/><G132/><T83/><D128/><U85/><E40/><V76/><F135/><W46/><G46/><T26/><D115/><U134/><E109/><V32/><F32/><W29/><G29/><T66/><D66/><U98/><E85/><V23/><F78/><W89/><G102/><T116/><D116/><U112/><E134/><V54/><F23/><W55/><G103/><T51/><D107/><U73/><E73/><V95/><F7/><W36/><G36/><T81/><D99/><U16/><E129/><V25/><F25/><W133/><G133/><T21/><D21/><U15/><E126/><V70/><F44/><W72/><G72/><T101/><D101/><N who="1" m="60623" /><E33/><V34/><F34/><W104/><G28/><T91/><D47/><U10/><E112/><V48/><F96/><W82/><G104/><T69/><D69/><U100/><E100/><AGARI ba="0,0" hai="0,1,48,54,58,61,64,70,75,76,80,95,97,100" machi="100" ten="30,1000,0" yaku="7,1" doraHai="9" who="2" fromWho="1" sc="119,0,172,-10,380,10,329,0" owari="119,-38.0,162,-24.0,390,49.0,329,13.0" />
</Scene>
</mjloggm>