<mjloggm ver="2.3"><GO type="169"/><UN n0="%41%53%41%50%49%4E" n1="%E3%81%84%E3%81%AE%E3%81%91%E3%82%93" n2="%E3%83%95%E3%83%AA%E3%83%86%E3%83%B3" n3="%67%6F%6F%64%62%79%65" dan="18,16,16,16" rate="2219,2051,2063,2078" sx="M,F,M,F"/><TAIKYOKU oya="0"/>

<Scene>
<INIT seed="0,0,0,2,4,7" ten="250,250,250,250" oya="0" hai0="125,91,117,105,78,51,127,44,33,121,77,101,6" hai1="122,94,96,69,97,106,39,56,65,35,18,85,59" hai2="128,95,118,14,100,124,58,36,66,20,68,74,23" hai3="75,29,62,47,40,87,130,61,80,133,26,54,15"/><T48/><D121/><U19/><E122/><V57/><F36/><W129/><G75/><T135/><D117/><U1/><E35/><V32/><F32/><W84/><G87/><T55/><D33/><U17/><E39/><V13/><F74/><W5/><G133/><T11/><D135/><U45/><E69/><V119/><F68/><W72/><G72/><T67/><D67/><U60/><E45/><V76/><F76/><N who="3" m="46087" /><G54/><T9/><D91/><U64/><E1/><V53/><F66/><W46/><G26/><T71/><D6/><U126/><E126/><N who="0" m="48137" /><D71/><U22/><E106/><V134/><F124/><W104/><G29/><T30/><D30/><U132/><E132/><V113/><F134/><W112/><G104/><T109/><D109/><U89/><E22/><V79/><F23/><W34/><G34/><T42/><D101/><U93/><E93/><V114/><F100/><W83/><G83/><T99/><D99/><U70/><E70/><V116/><F95/><W92/><G92/><T49/><D105/><U103/><E103/><V21/><F119/><W2/><G2/><T41/><D55/><U110/><E110/><V3/><F53/><W31/><G31/><T27/><D27/><U0/><E0/><V12/><F3/><W115/><G115/><T108/><D108/><U10/><E97/><V63/><F13/><W37/><G112/><T8/><D41/><U52/><E96/><V98/><F98/><W111/><G111/><T131/><D131/><N who="3" m="50185" /><G47/><T88/><D88/><U90/><E89/><V107/><F128/><W24/><G24/><T81/><D81/><RYUUKYOKU ba="0,0" sc="250,15,250,-15,250,-15,250,15" hai0="8,9,11,42,44,48,49,51,77,78" hai3="5,15,37,40,46,61,62" />
</Scene>
<Scene>
<INIT seed="0,1,0,5,0,47" ten="265,235,235,265" oya="0" hai0="82,76,78,3,61,51,17,20,80,92,23,110,74" hai1="106,124,25,135,85,69,77,81,98,14,29,90,37" hai2="122,22,100,9,11,117,66,75,86,33,32,125,73" hai3="10,27,67,121,28,68,5,56,133,55,34,48,104"/><T62/><D3/><U53/><E135/><V84/><F100/><W46/><G104/><T120/><D120/><U102/><E124/><V24/><F66/><W36/><G133/><T60/><D110/><U13/><E69/><V71/><F71/><W26/><G121/><T35/><D35/><U15/><E37/><V57/><F122/><W1/><G27/><T105/><D105/><U93/><E53/><V101/><F101/><W128/><G128/><T116/><D116/><U103/><REACH who="1" step="1"/><E106/><REACH who="1" ten="265,225,235,265" step="2"/><V83/><F125/><W119/><G119/><T94/><D62/><U129/><E129/><V54/><F54/><W21/><G36/><T131/><D131/><U2/><E2/><V95/><F117/><W127/><G127/><T30/><D61/><U109/><E109/><V8/><F95/><W4/><G68/><T72/><D60/><U79/><E79/><V115/><F83/><W7/><G67/><T31/><REACH who="0" step="1"/><D17/><REACH who="0" ten="255,225,235,265" step="2"/><U39/><E39/><V108/><F108/><W96/><G1/><T44/><D44/><U0/><E0/><V107/><F107/><W58/><G46/><T6/><D6/><U91/><E91/><V65/><F57/><W97/><G4/><T87/><D87/><U16/><E16/><V88/><F86/><W43/><G5/><T12/><D12/><U114/><E114/><V112/><F115/><W132/><G7/><T50/><AGARI ba="1,2" hai="20,23,30,31,50,51,72,74,76,78,80,82,92,94" machi="50" ten="25,18000,2" yaku="1,1,0,1,22,2,52,2,53,0" doraHai="47" doraHaiUra="130" who="0" fromWho="0" sc="255,203,225,-61,235,-61,265,-61" />
</Scene>
<Scene>
<INIT seed="0,2,0,5,5,29" ten="458,164,174,204" oya="0" hai0="49,30,95,66,35,112,0,5,71,117,102,110,97" hai1="64,34,60,37,86,67,41,103,16,46,98,115,91" hai2="36,88,27,6,116,31,122,118,43,7,79,84,56" hai3="74,73,130,4,44,92,55,18,63,1,19,81,61"/><T25/><D112/><U76/><E115/><V133/><F79/><W104/><G104/><T99/><D117/><N who="2" m="45162" /><F122/><W26/><G130/><T42/><D110/><U13/><E76/><V108/><F108/><W20/><G1/><T126/><D126/><U3/><E3/><V69/><F69/><W53/><G4/><T132/><D132/><U131/><E131/><V24/><F133/><W68/><G81/><T15/><D0/><U52/><E103/><V72/><F72/><W65/><G74/><T8/><D49/><U134/><E98/><V119/><F27/><W50/><G73/><T2/><D42/><U80/><E134/><V51/><F36/><W59/><REACH who="3" step="1"/><G92/><REACH who="3" ten="458,164,174,194" step="2"/><T113/><D2/><U96/><E96/><V121/><F119/><W12/><G12/><T89/><D113/><U109/><E109/><V100/><F121/><W62/><G62/><T45/><D97/><U28/><E13/><V82/><F84/><W54/><G54/><T75/><D75/><U83/><E83/><V93/><F82/><W57/><G57/><T114/><D114/><U111/><E111/><V87/><F87/><W70/><G70/><T47/><D71/><U14/><E60/><V23/><F93/><W9/><G9/><T120/><D120/><U38/><E52/><V106/><F106/><W101/><G101/><T105/><D66/><U39/><E67/><V10/><F100/><W17/><AGARI ba="2,1" hai="17,18,19,20,26,44,50,53,55,59,61,63,65,68" machi="17" ten="20,8000,1" yaku="1,1,0,1,7,1,53,2" doraHai="29" doraHaiUra="58" who="3" fromWho="3" sc="458,-42,164,-22,174,-22,194,96" />
</Scene>
<Scene>
<INIT seed="1,0,0,0,1,108" ten="416,142,152,290" oya="1" hai0="69,93,126,94,27,57,129,4,30,35,82,76,73" hai1="23,71,12,38,64,80,5,98,11,55,40,87,121" hai2="101,124,53,13,20,65,84,133,63,26,107,33,3" hai3="0,58,118,109,95,103,97,19,42,28,1,48,14"/><U32/><E121/><V10/><F133/><W99/><G109/><T60/><D129/><U39/><E32/><V128/><F124/><W115/><G118/><T91/><D126/><U89/><E64/><V134/><F134/><W113/><G28/><T59/><D4/><U96/><E71/><V61/><F3/><W45/><G58/><T34/><D34/><U24/><E40/><V75/><F75/><W6/><G6/><T2/><D2/><U15/><E15/><V102/><F33/><W36/><G0/><T7/><D7/><U9/><E9/><V105/><F128/><W123/><G1/><T77/><D77/><U44/><E39/><V111/><F111/><W25/><G123/><T21/><D35/><U81/><E38/><V131/><F105/><W29/><G99/><T52/><D93/><U66/><E66/><V74/><F107/><W90/><G36/><T54/><D69/><U47/><E81/><V86/><F65/><W135/><G135/><T8/><D8/><U119/><E119/><V106/><F10/><W117/><G117/><T62/><D94/><U114/><E114/><V92/><F92/><W120/><G120/><T43/><D91/><U104/><E104/><V83/><F83/><W37/><G37/><T100/><D43/><U78/><E78/><V18/><F106/><W88/><G29/><T49/><D49/><N who="1" m="29095" /><E47/><V51/><F131/><W122/><G122/><T130/><D130/><U116/><E116/><V56/><F56/><W125/><G125/><T22/><D22/><U127/><E127/><V79/><F20/><N who="3" m="13471" /><G14/><T46/><D46/><RYUUKYOKU ba="0,0" sc="416,10,142,10,152,-30,290,10" hai0="21,27,30,52,54,57,59,60,62,73,76,82,100" hai1="5,11,12,23,24,80,87,89,96,98" hai3="42,45,48,88,90,95,97,103,113,115" />
</Scene>
<Scene>
<INIT seed="1,1,0,1,5,37" ten="426,152,122,300" oya="1" hai0="111,116,67,127,105,96,79,80,35,46,68,123,14" hai1="30,82,36,118,58,2,17,7,29,48,98,56,5" hai2="122,93,20,31,109,44,16,69,110,18,85,39,65" hai3="74,84,10,76,99,102,108,83,135,34,125,8,53"/><U87/><E118/><V120/><F31/><N who="1" m="11785" /><E36/><V128/><F128/><W4/><G34/><T63/><D116/><U24/><E2/><V19/><F20/><W41/><G108/><N who="2" m="41577" /><F65/><W78/><G135/><T54/><D35/><U134/><E134/><V126/><F69/><W124/><G53/><T38/><D123/><N who="2" m="47146" /><F126/><N who="3" m="48747" /><G4/><N who="1" m="1610" /><E98/><V106/><F106/><N who="3" m="63839" /><G78/><T62/><D79/><N who="1" m="46559" /><E48/><V43/><F85/><W13/><G74/><T23/><D105/><U27/><E27/><V104/><F104/><W101/><G101/><T32/><D111/><U55/><E55/><V89/><F89/><W12/><G12/><T86/><D54/><U51/><E51/><V95/><AGARI ba="1,0" hai="16,18,19,39,43,44,93,95" m="47146,41577" machi="95" ten="40,5200,0" yaku="14,1,52,1,54,1" doraHai="37" who="2" fromWho="2" sc="426,-14,152,-27,122,55,300,-14" />
</Scene>
<Scene>
<INIT seed="2,0,0,5,5,12" ten="412,125,177,286" oya="2" hai0="6,68,71,15,26,21,49,106,67,96,47,85,131" hai1="42,107,98,126,34,122,79,74,0,94,35,93,56" hai2="119,13,92,60,62,40,110,83,11,51,20,135,75" hai3="17,108,116,129,130,112,90,123,91,24,44,84,8"/><V104/><F104/><W25/><G123/><T36/><D131/><N who="3" m="50185" /><G116/><T97/><D36/><U33/><E122/><V37/><F119/><W9/><G108/><T54/><D106/><U88/><E126/><V30/><F37/><W19/><G112/><T63/><D71/><U118/><E118/><V22/><F110/><W124/><G44/><T99/><D85/><U76/><E0/><V89/><F83/><N who="3" m="49439" /><G124/><T113/><D113/><U72/><E107/><V80/><F80/><W52/><G91/><T86/><D86/><U95/><E42/><V133/><F75/><W103/><G103/><T1/><D1/><U134/><E134/><N who="2" m="51211" /><F92/><W38/><G38/><T4/><REACH who="0" step="1"/><D15/><REACH who="0" ten="402,125,177,286" step="2"/><U10/><E74/><V82/><F13/><W64/><G25/><T55/><D55/><U53/><E72/><V70/><F70/><W50/><G24/><T114/><D114/><U3/><E3/><V73/><F73/><W69/><G64/><T105/><D105/><U117/><E117/><V2/><F2/><W101/><G69/><T132/><D132/><U45/><E53/><V102/><F40/><W29/><G101/><T109/><D109/><U41/><E41/><V59/><F102/><W16/><G29/><AGARI ba="0,1" hai="4,6,21,26,29,47,49,54,63,67,68,96,97,99" machi="29" ten="40,1300,0" yaku="1,1,53,0" doraHai="12" doraHaiUra="120" who="0" fromWho="3" sc="402,23,125,0,177,0,286,-13" />
</Scene>
<Scene>
<INIT seed="3,0,0,0,3,108" ten="425,125,177,273" oya="3" hai0="130,31,64,99,105,52,19,102,110,82,53,60,96" hai1="78,135,129,120,47,59,124,57,83,90,0,7,119" hai2="134,113,13,24,65,86,122,21,112,66,26,48,126" hai3="62,32,49,23,9,8,104,18,127,34,54,70,67"/><W46/><G104/><T36/><D36/><U95/><E120/><V20/><F122/><W84/><G127/><T71/><D110/><U88/><E119/><V17/><F126/><W22/><G22/><T5/><D130/><U43/><E129/><V93/><F134/><W91/><G34/><T81/><D5/><U69/><E69/><V44/><F13/><W12/><REACH who="3" step="1"/><G32/><REACH who="3" ten="425,125,177,263" step="2"/><T103/><D31/><U100/><E124/><V30/><F65/><W72/><G72/><T77/><D19/><U39/><E135/><V101/><F66/><W51/><G51/><T109/><D109/><U56/><E7/><V115/><F17/><W79/><G79/><T97/><D105/><U27/><E78/><V107/><F21/><W92/><AGARI ba="0,1" hai="8,9,12,18,23,46,49,54,62,67,70,84,91,92" machi="92" ten="20,12000,1" yaku="1,1,0,1,7,1,53,2" doraHai="108" doraHaiUra="4" who="3" fromWho="3" sc="425,-40,125,-40,177,-40,263,130" />
</Scene>
<Scene>
<INIT seed="3,1,0,2,4,90" ten="385,85,137,393" oya="3" hai0="22,67,125,133,128,40,113,62,129,96,68,24,77" hai1="110,11,16,65,120,5,103,112,18,42,98,121,41" hai2="111,109,25,87,43,70,8,13,119,60,9,84,94" hai3="6,7,31,123,21,17,126,127,91,99,124,2,80"/><W15/><G123/><T100/><D133/><U59/><E112/><V23/><F119/><W27/><G80/><T4/><D113/><U93/><E110/><N who="2" m="41995" /><F43/><N who="1" m="16393" /><E121/><V101/><F70/><W108/><G108/><T46/><D125/><U89/><E120/><V34/><F60/><W97/><G91/><T35/><D4/><N who="3" m="1577" /><G2/><T69/><D77/><U78/><E78/><V47/><F47/><W30/><G30/><T134/><D134/><U51/><E103/><V116/><F34/><AGARI ba="1,0" hai="15,17,21,27,31,34,97,99,124,126,127" m="1577" machi="34" ten="30,1500,0" yaku="18,1" doraHai="90" who="3" fromWho="2" sc="385,0,85,0,137,-18,393,18" />
</Scene>
<Scene>
<INIT seed="3,2,0,2,3,39" ten="385,85,119,411" oya="3" hai0="8,101,90,63,79,23,58,100,59,131,132,74,116" hai1="110,47,127,20,41,40,104,118,49,129,102,108,52" hai2="25,128,85,34,126,61,6,68,119,0,12,28,103" hai3="48,113,125,72,38,94,66,86,88,65,84,32,70"/><W95/><G32/><T56/><D116/><U111/><E118/><V78/><F119/><W27/><G38/><T114/><D131/><U76/><E129/><V87/><F128/><W112/><G72/><T77/><D132/><U5/><E127/><V93/><F126/><W45/><G125/><T50/><D114/><U89/><E76/><N who="0" m="29257" /><D74/><U43/><E5/><V122/><F0/><W4/><G4/><T82/><D8/><U96/><E20/><V75/><F122/><W42/><G27/><T105/><D105/><U69/><E69/><V117/><F117/><W53/><G112/><T29/><D63/><U13/><E13/><V60/><F75/><W64/><G113/><T18/><D29/><U30/><E30/><V10/><F68/><W57/><G70/><T22/><D22/><U134/><E89/><V91/><REACH who="2" step="1"/><F103/><REACH who="2" ten="385,85,109,411" step="2"/><W15/><G66/><T14/><D101/><U17/><E17/><V21/><F21/><W51/><G65/><T46/><D100/><U26/><E26/><V67/><F67/><W54/><G64/><T120/><D120/><U83/><E83/><AGARI ba="2,1" hai="6,10,12,25,28,34,60,61,78,83,85,87,91,93" machi="83" ten="40,1300,0" yaku="1,1,53,0" doraHai="39" doraHaiUra="121" who="2" fromWho="1" sc="385,0,85,-19,109,29,411,0" />
</Scene>
<Scene>
<INIT seed="4,0,0,4,1,69" ten="385,66,138,411" oya="0" hai0="34,107,24,43,42,111,26,82,84,91,93,37,38" hai1="131,85,98,135,73,71,79,33,15,48,66,45,122" hai2="8,63,68,5,100,132,133,10,105,27,31,32,49" hai3="129,108,25,29,109,86,104,101,127,75,61,92,12"/><T81/><D107/><U19/><E122/><V134/><F49/><W96/><G75/><T95/><D34/><U59/><E135/><V102/><F105/><W64/><G129/><T94/><D111/><U106/><E131/><V21/><F32/><W72/><G72/><T70/><D70/><U78/><E73/><V30/><F30/><W17/><G127/><T117/><D117/><U47/><E33/><V55/><F10/><W77/><G77/><T14/><D14/><U118/><E118/><V76/><F76/><W35/><G86/><T123/><D123/><U4/><E4/><V99/><F99/><W115/><G92/><T58/><D58/><U130/><E130/><V67/><REACH who="2" step="1"/><F55/><REACH who="2" ten="385,66,128,411" step="2"/><W124/><G124/><T120/><D120/><U121/><E121/><V0/><AGARI ba="0,1" hai="0,5,8,21,27,31,63,67,68,100,102,132,133,134" machi="0" ten="30,8000,1" yaku="1,1,2,1,0,1,20,1,53,1" doraHai="69" doraHaiUra="56" who="2" fromWho="2" sc="385,-40,66,-20,128,90,411,-20" />
</Scene>
<Scene>
<INIT seed="5,0,0,2,2,127" ten="345,46,218,391" oya="1" hai0="61,54,0,19,1,83,107,110,45,3,99,30,119" hai1="118,29,22,101,123,128,59,9,116,55,122,35,126" hai2="34,109,79,82,87,27,25,106,18,125,85,124,58" hai3="14,78,48,57,26,41,56,33,71,73,129,52,42"/><U115/><E126/><N who="2" m="48747" /><F109/><W86/><G73/><T64/><D110/><U23/><E101/><V117/><F117/><N who="1" m="45161" /><E59/><V111/><F111/><W134/><G71/><T108/><D108/><U104/><E104/><V49/><F106/><W10/><G134/><T68/><D119/><U62/><E55/><N who="2" m="32111" /><F34/><W130/><G57/><T44/><D54/><U28/><E62/><V98/><F98/><W100/><G100/><T70/><D70/><U94/><E94/><V31/><F31/><N who="1" m="11849" /><E35/><V63/><F63/><W93/><G33/><T16/><D30/><U47/><E47/><V96/><F96/><W75/><G75/><T121/><D99/><U113/><E9/><V65/><F65/><W4/><G42/><T50/><D107/><U20/><E128/><N who="3" m="49258" /><G41/><T132/><D132/><U36/><E36/><V89/><F87/><W43/><G43/><T112/><D45/><U90/><E90/><V7/><F89/><N who="3" m="53431" /><G78/><T66/><D44/><U76/><E76/><V103/><F103/><W92/><G92/><T40/><D40/><U120/><AGARI ba="0,0" hai="20,22,23,113,115,120,122,123" m="11849,45161" machi="120" ten="50,12000,1" yaku="28,2,34,2" doraHai="127" who="1" fromWho="1" sc="345,-40,46,120,218,-40,391,-40" />
</Scene>
<Scene>
<INIT seed="5,1,0,3,0,134" ten="305,166,178,351" oya="1" hai0="16,72,124,7,41,39,119,116,49,6,80,108,84" hai1="55,96,121,46,4,118,28,103,25,109,86,50,120" hai2="101,85,36,76,125,3,90,62,111,23,102,112,44" hai3="100,71,33,17,128,127,74,89,37,87,93,68,65"/><U104/><E118/><V122/><F122/><W123/><G123/><T26/><D108/><U135/><E109/><V57/><F111/><W58/><G37/><T2/><D72/><U78/><E135/><V82/><F3/><W64/><G74/><T10/><D39/><U63/><E4/><V19/><F112/><W110/><G33/><T0/><D124/><U30/><E30/><V35/><F35/><W9/><G127/><T73/><D73/><U133/><E133/><V92/><F125/><W13/><G110/><T132/><D132/><U70/><E78/><V40/><F23/><W42/><G128/><T32/><D32/><U130/><E130/><V60/><F19/><W48/><G71/><T107/><D107/><U45/><E86/><V15/><F15/><W94/><G68/><T99/><D99/><U18/><E18/><V105/><F105/><W115/><G115/><T113/><D113/><U83/><E83/><V31/><F62/><W20/><G9/><T117/><D49/><U52/><E45/><V114/><F31/><W61/><G100/><T77/><D41/><U47/><E47/><V59/><F59/><W51/><G94/><T79/><D79/><U21/><REACH who="1" step="1"/><E55/><REACH who="1" ten="305,156,178,351" step="2"/><V67/><F114/><W54/><G65/><AGARI ba="1,1" hai="21,25,28,46,50,52,63,65,70,96,103,104,120,121" machi="65" ten="40,7700,0" yaku="1,1,2,1,54,1,53,0" doraHai="134" doraHaiUra="1" who="1" fromWho="3" sc="305,0,156,90,178,0,351,-80" />
</Scene>
<Scene>
<INIT seed="5,2,0,0,2,48" ten="305,246,178,271" oya="1" hai0="131,28,37,45,134,52,82,29,118,98,59,108,135" hai1="50,125,90,4,41,117,100,68,122,63,46,73,17" hai2="129,105,49,32,5,103,111,47,0,13,102,15,89" hai3="78,30,92,2,27,11,71,120,91,75,38,8,130"/><U93/><E117/><V113/><F111/><W61/><G120/><T1/><D108/><U76/><E122/><V104/><F32/><W33/><G38/><T6/><D118/><U127/><E4/><V123/><F123/><W128/><G78/><T34/><D131/><N who="3" m="50217" /><G75/><T25/><D29/><U80/><E100/><V106/><F129/><W24/><G24/><T121/><D121/><U116/><E116/><V94/><F113/><W95/><G2/><T81/><D98/><U110/><E110/><V66/><F66/><N who="3" m="41423" /><G95/><T19/><D19/><U83/><E83/><V84/><F0/><W10/><G10/><N who="0" m="2383" /><D45/><U40/><E17/><V79/><F79/><W22/><G33/><T20/><D37/><U67/><REACH who="1" step="1"/><E40/><REACH who="1" ten="305,236,178,271" step="2"/><V58/><F102/><W56/><G30/><T109/><D109/><U39/><E39/><V72/><F103/><W88/><G91/><T74/><D74/><U87/><AGARI ba="2,1" hai="41,46,50,63,67,68,73,76,80,87,90,93,125,127" machi="87" ten="30,3000,0" yaku="1,1,0,1,53,0" doraHai="48" doraHaiUra="55" who="1" fromWho="1" sc="305,-12,236,46,178,-12,271,-12" />
</Scene>
<Scene>
<INIT seed="5,3,0,2,4,58" ten="293,282,166,259" oya="1" hai0="44,110,72,89,63,133,17,99,120,116,35,125,13" hai1="68,113,77,42,84,22,15,129,45,0,18,29,106" hai2="1,7,88,67,47,79,52,114,23,131,59,55,31" hai3="57,38,124,127,27,3,11,36,94,135,87,122,74"/><U34/><E113/><V30/><F114/><W20/><G122/><T4/><D110/><U9/><E129/><V111/><F111/><W66/><G74/><T93/><D116/><U123/><E123/><V16/><F131/><W117/><G117/><T50/><D35/><U10/><E106/><V119/><F119/><W33/><G33/><T73/><D133/><U96/><E96/><V12/><F79/><W69/><G69/><T70/><D120/><U8/><E68/><V102/><F102/><W46/><G135/><T108/><D4/><N who="1" m="1031" /><E84/><V81/><F1/><W14/><G3/><T85/><D108/><U5/><E77/><V75/><F7/><W65/><G87/><T25/><D99/><U101/><E101/><V105/><F105/><W26/><G94/><T103/><D103/><U121/><E121/><V32/><F32/><W6/><G46/><T48/><D72/><U41/><E41/><V97/><F75/><W107/><G107/><T80/><D73/><U82/><E82/><V126/><F126/><N who="3" m="48171" /><G27/><T91/><D125/><U92/><E92/><N who="2" m="56455" /><F81/><W51/><G51/><T112/><D80/><U118/><E118/><V134/><F134/><W128/><G128/><T130/><D130/><U109/><E109/><V132/><F132/><W86/><G86/><T76/><D112/><U28/><E5/><V100/><F100/><W19/><G66/><T115/><D115/><U24/><E29/><N who="2" m="10763" /><F47/><W95/><G95/><T83/><D93/><U104/><E104/><V71/><F71/><W37/><G37/><AGARI ba="3,0" hai="9,10,15,18,22,24,28,34,37,42,45" m="1031" machi="37" ten="30,1500,0" yaku="24,1" doraHai="58" who="1" fromWho="3" sc="293,0,282,24,166,0,259,-24" />
</Scene>
<Scene>
<INIT seed="5,4,0,4,3,108" ten="293,306,166,235" oya="1" hai0="87,126,50,122,131,130,1,24,41,102,132,78,16" hai1="81,104,44,69,109,79,121,34,82,54,106,92,51" hai2="107,101,97,88,12,45,65,9,14,29,26,35,128" hai3="2,75,15,115,63,37,71,52,74,135,100,30,94"/><U46/><E121/><V103/><F128/><N who="0" m="49194" /><D1/><U89/><E109/><V105/><F107/><W21/><G2/><T67/><D122/><U48/><E69/><V5/><F103/><W124/><G37/><T80/><D126/><U49/><E34/><V77/><F77/><W116/><G124/><T68/><D132/><U129/><E129/><V85/><F65/><W23/><G135/><T95/><D67/><U55/><E49/><V62/><F62/><W113/><G116/><T7/><D7/><U76/><E92/><V4/><F45/><W118/><G118/><T86/><D68/><U31/><E89/><V112/><F112/><N who="3" m="43083" /><G71/><T53/><D41/><U43/><E31/><V8/><F85/><W91/><G100/><T96/><D86/><U33/><E33/><V73/><REACH who="2" step="1"/><F88/><REACH who="2" ten="293,306,156,235" step="2"/><W66/><G66/><T13/><D87/><U61/><E61/><V110/><F110/><W11/><G91/><T125/><D125/><U60/><E60/><V25/><F25/><N who="3" m="16687" /><G94/><T32/><D24/><U93/><E93/><V99/><F99/><W119/><G119/><T127/><D127/><U19/><E104/><V83/><F83/><W36/><G36/><T133/><D80/><U120/><E106/><V17/><F17/><N who="3" m="10687" /><G11/><N who="0" m="6207" /><D133/><U57/><E120/><V123/><F123/><W22/><G22/><T56/><D32/><U42/><E19/><V58/><F58/><AGARI ba="4,1" hai="52,58,63,74,75" m="10687,16687,43083" machi="58" ten="30,8000,1" yaku="15,1,52,3,54,1" doraHai="108" who="3" fromWho="2" sc="293,0,306,0,156,-92,235,102" /><AGARI ba="4,0" hai="42,43,44,46,48,51,54,55,57,58,76,79,81,82" machi="58" ten="25,4800,0" yaku="22,2,8,1" doraHai="108" who="1" fromWho="2" sc="293,0,306,48,64,-48,337,0" />
</Scene>
<Scene>
<INIT seed="5,5,0,4,0,110" ten="293,354,16,337" oya="1" hai0="8,109,130,1,95,13,134,41,99,7,18,78,94" hai1="27,45,3,34,54,29,108,58,23,67,113,25,22" hai2="132,38,11,72,125,98,97,85,75,87,92,0,55" hai3="51,36,35,124,47,56,5,126,19,111,105,26,50"/><U73/><E108/><V4/><F38/><W60/><G105/><T120/><D109/><U71/><E73/><V129/><F132/><W43/><G111/><T101/><D134/><U68/><E3/><V112/><F129/><W102/><G102/><T52/><D130/><U33/><E45/><V104/><F125/><N who="3" m="48235" /><G5/><T65/><D120/><U30/><E67/><V89/><F55/><N who="3" m="33823" /><G35/><T21/><D65/><U96/><E96/><V93/><F104/><W15/><G26/><T12/><D41/><U133/><E133/><V10/><F10/><AGARI ba="5,0" hai="10,15,19,36,43,47,50,51" m="33823,48235" machi="10" ten="30,1000,0" yaku="18,1" doraHai="110" who="3" fromWho="2" sc="293,0,354,0,16,-25,337,25" owari="293,-11.0,354,15.0,-9,-51.0,362,47.0" />
</Scene>
</mjloggm>