<mjloggm ver="2.3"><GO type="169"/><UN n0="%E3%83%87%E3%82%B8%E3%82%BF%E3%83%AB%E5%88%9D%E5%BF%83%E8%80%85" n1="%E3%81%A1%E3%81%8F%E3%81%8D" n2="%79%69%6E%6E%65%72%30%36" n3="%41%53%41%50%49%4E" dan="16,18,16,18" rate="2103,2141,2126,2238" sx="M,M,M,M"/><TAIKYOKU oya="0"/>

<Scene>
<INIT seed="0,0,0,1,3,101" ten="250,250,250,250" oya="0" hai0="50,21,100,98,2,14,67,48,86,3,54,120,23" hai1="32,114,96,99,65,18,34,37,24,35,135,19,20" hai2="29,123,4,72,39,56,134,26,124,52,0,62,130" hai3="126,28,109,69,74,103,44,84,90,110,71,94,22"/><T43/><D120/><U30/><E37/><V49/><F123/><W41/><G74/><T13/><D67/><U55/><E65/><V59/><F72/><W92/><G126/><T105/><D86/><U106/><E135/><V77/><F77/><W33/><G33/><T88/><D88/><U31/><E114/><V8/><F130/><W76/><G76/><T6/><D43/><U104/><E55/><V113/><F113/><W112/><G112/><T102/><D6/><U45/><E45/><V60/><F39/><W25/><G94/><T129/><D98/><N who="1" m="37419" /><E20/><V97/><F97/><W58/><G58/><T87/><D87/><U17/><E24/><V131/><F131/><W10/><G103/><T107/><REACH who="0" step="1"/><D54/><REACH who="0" ten="240,250,250,250" step="2"/><U75/><E75/><V51/><F134/><W122/><G122/><T64/><D64/><U132/><E132/><V12/><F124/><W111/><REACH who="3" step="1"/><G10/><REACH who="3" ten="240,250,250,240" step="2"/><T70/><D70/><U7/><E7/><V81/><F4/><W91/><G91/><T108/><D108/><U40/><E40/><V57/><F8/><W47/><G47/><T16/><D16/><U38/><E38/><AGARI ba="0,2" hai="22,25,28,38,41,44,69,71,84,90,92,109,110,111" machi="38" ten="40,5200,0" yaku="1,1,14,1,53,1" doraHai="101" doraHaiUra="42" who="3" fromWho="1" sc="240,0,250,-52,250,0,240,72" />
</Scene>
<Scene>
<INIT seed="1,0,0,5,5,7" ten="240,198,250,312" oya="1" hai0="63,3,104,58,30,55,82,109,20,129,17,81,21" hai1="80,116,46,44,67,74,47,66,76,41,103,101,19" hai2="45,95,85,4,16,39,1,15,111,84,9,99,127" hai3="38,91,113,42,0,125,118,68,114,93,53,18,77"/><U65/><E41/><V62/><F111/><W73/><G68/><T28/><D104/><U25/><REACH who="1" step="1"/><E116/><REACH who="1" ten="240,188,250,312" step="2"/><V14/><F127/><W89/><G42/><T98/><D109/><U132/><E132/><V107/><F107/><W87/><G118/><T23/><D129/><U130/><E130/><V83/><F1/><W128/><G0/><T69/><D3/><U49/><E49/><V71/><F39/><W32/><G38/><T11/><D69/><U123/><E123/><V78/><F71/><W72/><G128/><T51/><D51/><U92/><E92/><V133/><F133/><W119/><G93/><T110/><D110/><U124/><E124/><V97/><F62/><W60/><G119/><T34/><D82/><U37/><E37/><V24/><F95/><W102/><G60/><T29/><D81/><U120/><E120/><V56/><F83/><W52/><G125/><T26/><REACH who="0" step="1"/><D98/><REACH who="0" ten="230,188,250,312" step="2"/><U6/><E6/><V5/><F99/><W79/><G114/><T105/><D105/><U43/><E43/><V135/><F97/><W100/><G113/><T108/><D108/><U50/><E50/><V90/><F135/><W59/><G73/><T134/><D134/><U88/><E88/><V8/><F90/><W86/><G72/><T122/><D122/><U117/><E117/><V94/><F4/><W13/><G89/><T10/><D10/><U12/><E12/><AGARI ba="0,2" hai="11,12,17,20,21,23,26,28,29,30,34,55,58,63" machi="12" ten="40,2600,0" yaku="1,1,52,1,53,0" doraHai="7" doraHaiUra="33" who="0" fromWho="1" sc="230,46,188,-26,250,0,312,0" />
</Scene>
<Scene>
<INIT seed="2,0,0,1,0,2" ten="276,162,250,312" oya="2" hai0="121,84,39,101,135,79,91,124,112,109,105,102,82" hai1="92,98,120,128,110,20,118,77,41,26,58,32,0" hai2="6,63,46,53,18,106,13,88,62,16,51,67,9" hai3="8,72,70,57,66,73,15,95,47,10,30,4,55"/><V43/><F106/><W24/><G47/><T115/><D39/><U96/><E118/><V129/><F129/><W93/><G66/><T65/><D121/><U7/><E120/><V38/><F38/><W11/><G70/><T40/><D40/><U97/><E128/><V12/><F43/><W17/><G72/><T108/><D65/><U74/><E32/><V27/><F27/><W5/><G73/><N who="0" m="43375" /><D135/><U78/><E41/><V28/><F28/><W69/><G69/><T131/><D131/><U132/><E132/><V61/><F88/><W54/><G24/><T122/><D122/><U116/><E116/><V80/><F80/><W68/><G68/><T86/><D124/><U23/><E92/><N who="3" m="35402" /><G30/><T94/><D86/><U64/><E74/><V125/><F125/><W60/><G54/><T33/><D33/><U104/><E104/><V25/><F25/><W76/><G76/><T75/><D75/><U34/><E34/><V127/><F127/><W48/><G60/><N who="2" m="23145" /><F12/><W45/><G45/><T42/><D42/><U100/><E78/><V14/><F14/><W114/><G114/><N who="0" m="43563" /><D102/><U119/><E100/><V89/><F89/><W113/><G113/><T117/><D117/><U49/><E119/><V19/><F63/><W36/><G36/><T83/><D83/><U133/><E64/><AGARI ba="0,0" hai="6,9,13,16,18,19,46,51,53,64,67" m="23145" machi="64" ten="30,5800,0" yaku="8,1,52,1,54,1" doraHai="2" who="2" fromWho="1" sc="276,0,162,-58,250,58,312,0" />
</Scene>
<Scene>
<INIT seed="2,1,0,0,0,20" ten="276,104,308,312" oya="2" hai0="93,30,45,96,100,43,22,58,59,89,25,108,112" hai1="21,88,75,92,78,95,5,119,111,17,135,121,51" hai2="134,86,98,132,29,129,113,0,1,16,63,70,72" hai3="39,69,35,18,99,13,103,82,37,126,91,107,61"/><V74/><F113/><W81/><G35/><T66/><D108/><U50/><E119/><V33/><F129/><W80/><G126/><T24/><D112/><U124/><E111/><V114/><F114/><W23/><G69/><T27/><D100/><U120/><E124/><V73/><F86/><W122/><G122/><N who="1" m="47210" /><E5/><V67/><F98/><W15/><G61/><N who="0" m="38199" /><D59/><U76/><E95/><V47/><F47/><W110/><G110/><T105/><D105/><U104/><E104/><V2/><F16/><W85/><REACH who="3" step="1"/><G15/><REACH who="3" ten="276,104,308,302" step="2"/><T79/><D79/><N who="1" m="30251" /><E75/><V116/><F116/><W40/><G40/><T125/><D125/><U62/><E135/><V54/><F134/><W130/><G130/><T128/><D128/><U26/><E62/><V52/><F132/><W97/><G97/><AGARI ba="1,1" hai="17,21,26,50,51,88,92,97" m="30251,47210" machi="97" ten="30,3900,0" yaku="13,1,52,1,54,1" doraHai="20" who="1" fromWho="3" sc="276,0,104,52,308,0,302,-42" />
</Scene>
<Scene>
<INIT seed="3,0,0,5,1,4" ten="276,156,308,260" oya="3" hai0="125,15,108,53,97,47,124,131,100,94,42,72,65" hai1="128,81,6,45,64,83,12,39,126,56,133,132,68" hai2="5,95,120,11,79,41,26,38,110,92,9,91,60" hai3="96,114,123,77,99,115,61,55,105,98,24,102,76"/><W112/><G123/><T31/><D72/><U86/><E68/><V78/><F110/><W2/><G2/><T113/><D108/><U134/><E128/><V118/><F118/><W84/><G24/><T87/><D131/><U70/><E70/><V71/><F41/><W88/><G55/><T109/><D109/><U13/><E126/><N who="0" m="48745" /><D31/><U17/><E6/><V23/><F38/><W121/><G61/><T34/><D65/><U14/><E17/><V90/><F60/><W32/><G32/><T127/><D34/><U119/><E119/><V48/><F48/><W104/><G121/><T37/><D87/><U51/><E64/><V57/><F57/><W85/><G85/><T29/><D29/><U40/><REACH who="1" step="1"/><E86/><REACH who="1" ten="276,146,308,260" step="2"/><V54/><F5/><W107/><G102/><T28/><D127/><U73/><E73/><V8/><F120/><W35/><G35/><T0/><D28/><U58/><E58/><V46/><F71/><W22/><G22/><T130/><D130/><U116/><E116/><V63/><F23/><W44/><G44/><T19/><D47/><U66/><E66/><V10/><F46/><W27/><G27/><T52/><D19/><U62/><E62/><V122/><F26/><W82/><AGARI ba="0,1" hai="76,77,82,84,88,96,98,99,104,105,107,112,114,115" machi="82" ten="50,18000,2" yaku="0,1,29,2,34,3,54,1" doraHai="4" who="3" fromWho="3" sc="276,-60,146,-60,308,-60,260,190" />
</Scene>
<Scene>
<INIT seed="3,1,0,4,2,87" ten="216,86,248,450" oya="3" hai0="63,114,121,105,23,7,36,86,58,30,55,45,32" hai1="24,35,82,38,8,70,119,102,34,33,112,29,132" hai2="109,113,40,53,5,17,14,13,1,104,31,46,16" hai3="20,28,133,9,56,62,71,122,19,78,67,98,18"/><W27/><G122/><T54/><D121/><U48/><E38/><V96/><F113/><W65/><G133/><T101/><D32/><U66/><E112/><V95/><F104/><W123/><G123/><T135/><D114/><U42/><E132/><V49/><F31/><W92/><G78/><T106/><D135/><U26/><E119/><V118/><F118/><W39/><G39/><T74/><D74/><U21/><E102/><V59/><F109/><W57/><G9/><T10/><D101/><U52/><E42/><V125/><F1/><W4/><G4/><T131/><D131/><U43/><E43/><V94/><F125/><W2/><G2/><T41/><D55/><U111/><E111/><V120/><F120/><W103/><G71/><T126/><D126/><U91/><E8/><N who="2" m="4239" /><F14/><W97/><REACH who="3" step="1"/><G97/><REACH who="3" ten="216,86,248,440" step="2"/><T128/><D128/><U64/><E70/><V47/><F96/><W85/><G85/><T3/><D86/><N who="1" m="50647" /><E35/><V84/><F84/><W90/><G90/><T68/><D68/><U25/><E34/><V72/><F72/><W129/><G129/><T115/><D115/><U130/><E33/><V134/><F134/><W60/><AGARI ba="1,1" hai="18,19,20,27,28,56,57,60,62,65,67,92,98,103" machi="60" ten="30,18000,2" yaku="1,1,0,1,9,1,25,2,8,1,53,0" doraHai="87" doraHaiUra="50" who="3" fromWho="3" sc="216,-61,86,-61,248,-61,440,193" />
</Scene>
<Scene>
<INIT seed="3,2,0,4,2,118" ten="155,25,187,633" oya="3" hai0="116,44,108,50,110,8,2,106,92,104,28,114,88" hai1="74,40,89,4,107,124,75,30,77,21,101,24,90" hai2="76,38,34,53,6,127,67,109,35,10,97,113,5" hai3="46,65,81,103,36,87,60,52,31,16,102,133,98"/><W18/><G133/><T121/><D116/><U37/><E4/><V71/><F113/><W27/><G36/><T32/><D114/><U93/><E124/><V119/><F119/><W57/><G46/><T55/><D32/><U96/><E77/><V47/><F127/><W42/><G42/><T17/><D28/><U130/><E130/><V94/><F76/><W48/><G48/><T125/><D125/><U68/><E68/><V128/><F128/><W105/><G65/><T111/><D121/><U122/><E122/><V80/><F80/><W20/><G103/><T56/><D44/><U79/><E79/><AGARI ba="2,0" hai="16,18,20,27,31,52,57,60,79,81,87,98,102,105" machi="79" ten="30,5800,0" yaku="7,1,54,2" doraHai="118" who="3" fromWho="1" sc="155,0,25,-64,187,0,633,64" owari="155,-24.0,-39,-54.0,187,-1.0,697,79.0" />
</Scene>
</mjloggm>