<mjloggm ver="2.3"><GO type="169"/><UN n0="%E3%83%97%E3%83%AD%E3%82%B8%E3%83%A3%E3%83%B3%E6%B0%8F" n1="%79%69%6E%6E%65%72%30%36" n2="%41%53%41%50%49%4E" n3="%E9%81%BF%E3%81%91%E3%82%8B%E3%83%81%E3%83%BC%E3%82%BA" dan="17,16,19,17" rate="2158,2098,2210,2214" sx="M,M,M,F"/><TAIKYOKU oya="0"/>

<Scene>
<INIT seed="0,0,0,5,5,120" ten="250,250,250,250" oya="0" hai0="6,127,124,119,20,84,36,5,51,92,85,82,72" hai1="9,125,107,45,110,29,104,122,21,56,95,40,86" hai2="71,68,59,128,115,102,100,27,113,77,48,94,2" hai3="99,12,30,130,0,79,101,103,114,131,24,33,53"/><T52/><D36/><U42/><E122/><V60/><F2/><W73/><G0/><T22/><D119/><U134/><E134/><V4/><F4/><N who="0" m="1642" /><D72/><U37/><E9/><V49/><F128/><W34/><G114/><T70/><D70/><U76/><E42/><V54/><F77/><W87/><G73/><T35/><D35/><U133/><E133/><V46/><F49/><W67/><G67/><T43/><D43/><U112/><E112/><V64/><F113/><W50/><G34/><T74/><D74/><U117/><E117/><V111/><F115/><W65/><G65/><T108/><D108/><U129/><E110/><V132/><F132/><W109/><G109/><T31/><D31/><U96/><E125/><N who="0" m="48201" /><D92/><U8/><E29/><V1/><F1/><W126/><G126/><T90/><D84/><U106/><E86/><V63/><F111/><W55/><G87/><T15/><D15/><U58/><E129/><V57/><F27/><W17/><G79/><T44/><AGARI ba="0,0" hai="20,22,44,51,52,82,85,90" m="48201,1642" machi="44" ten="30,3000,0" yaku="18,1,54,1" doraHai="120" who="0" fromWho="0" sc="250,30,250,-10,250,-10,250,-10" />
</Scene>
<Scene>
<INIT seed="0,1,0,4,1,107" ten="280,240,240,240" oya="0" hai0="72,30,125,2,81,39,119,122,19,133,63,123,53" hai1="134,130,77,99,82,126,85,65,21,71,88,74,55" hai2="95,104,105,25,56,127,33,52,34,73,90,14,92" hai3="115,20,0,89,118,80,91,16,50,83,47,100,59"/><T1/><D39/><U84/><E71/><V102/><F127/><W26/><G0/><T69/><D119/><U64/><E130/><V5/><F73/><W96/><G118/><T6/><D125/><U113/><E126/><V117/><F117/><W29/><G115/><T108/><D30/><U76/><E113/><V112/><F112/><W31/><G59/><T61/><D61/><U43/><E43/><V93/><F90/><N who="3" m="34315" /><G96/><T41/><D41/><U101/><E101/><V135/><BYE who="1" /><F135/><W45/><G100/><T44/><D133/><U94/><E94/><V120/><F120/><W11/><G11/><T37/><D37/><U79/><E79/><V22/><F14/><W12/><G12/><T48/><D19/><U103/><E103/><V24/><F5/><W3/><G3/><T17/><D17/><U42/><E42/><V70/><F70/><W28/><G47/><T46/><D46/><U54/><E54/><AGARI ba="1,0" hai="16,20,26,28,29,31,45,50,54,80,83" m="34315" machi="54" ten="30,2000,0" yaku="8,1,54,1" doraHai="107" who="3" fromWho="1" sc="280,0,240,-23,240,0,240,23" />
</Scene>
<Scene>
<INIT seed="1,0,0,0,5,134" ten="280,217,240,263" oya="1" hai0="30,104,73,32,64,135,133,38,14,23,68,54,8" hai1="60,37,22,25,88,117,112,29,130,131,95,125,4" hai2="111,108,70,63,126,44,9,102,18,16,20,91,72" hai3="79,10,123,74,119,17,56,27,97,43,15,41,81"/><U105/><E105/><V127/><F72/><W121/><G119/><T84/><D32/><U53/><E53/><V21/><F102/><W69/><G69/><T26/><D73/><U129/><E129/><V12/><F91/><UN n1="%79%69%6E%6E%65%72%30%36" /><W62/><G97/><T3/><D38/><U31/><E117/><V33/><F33/><W49/><G27/><T101/><D3/><U59/><E112/><V92/><F92/><W2/><G2/><T122/><D122/><U34/><E37/><V47/><F9/><W75/><G75/><T106/><D101/><U124/><E4/><V57/><F70/><W65/><REACH who="3" step="1"/><G49/><REACH who="3" ten="280,217,240,253" step="2"/><T46/><D68/><U107/><E131/><V96/><F96/><W118/><G118/><T55/><D26/><U19/><E130/><V40/><F108/><W89/><G89/><T132/><D133/><U85/><E107/><V13/><F111/><W87/><G87/><T58/><D84/><U109/><E109/><V66/><F44/><W39/><G39/><AGARI ba="0,1" hai="12,13,16,18,20,21,39,40,47,57,63,66,126,127" machi="39" ten="40,8000,1" yaku="9,1,52,2,54,1" doraHai="134" who="2" fromWho="3" sc="280,0,217,0,240,90,253,-80" />
</Scene>
<Scene>
<INIT seed="2,0,0,3,3,58" ten="280,217,330,173" oya="2" hai0="48,39,38,73,123,6,40,52,33,124,61,88,72" hai1="64,111,89,60,34,87,119,36,25,125,76,12,113" hai2="129,16,54,109,50,117,3,103,92,118,15,112,106" hai3="41,20,84,132,51,28,57,102,81,66,101,24,53"/><V130/><F112/><W55/><G132/><T115/><D115/><U122/><E119/><V65/><F3/><W135/><G135/><T69/><D123/><U4/><E36/><V68/><F106/><W23/><G23/><T32/><D6/><U71/><E113/><V94/><F109/><W77/><G41/><T107/><D107/><U11/><E111/><V93/><F103/><W8/><G8/><T131/><D131/><N who="2" m="50186" /><F65/><W42/><G42/><T120/><D120/><U31/><E122/><V96/><F96/><W18/><G28/><T133/><D133/><U110/><E110/><V78/><F78/><W47/><REACH who="3" step="1"/><G66/><REACH who="3" ten="280,217,330,163" step="2"/><T127/><D40/><U104/><E125/><V134/><F134/><W99/><G99/><T79/><D127/><U91/><REACH who="1" step="1"/><E104/><REACH who="1" ten="280,207,330,163" step="2"/><V80/><F118/><W90/><G90/><T17/><D88/><U85/><E85/><V46/><F117/><W56/><G56/><T43/><D124/><U7/><E7/><V10/><F68/><W67/><G67/><T37/><D69/><U13/><E13/><V121/><F121/><W14/><G14/><T108/><D108/><U29/><E29/><V70/><F70/><W44/><G44/><T21/><D72/><U86/><E86/><V100/><F100/><W26/><G26/><T62/><D73/><U105/><E105/><V82/><AGARI ba="0,2" hai="10,15,16,46,50,54,80,82,92,93,94" m="50186" machi="82" ten="40,3900,0" yaku="19,1,54,1" doraHai="58" who="2" fromWho="2" sc="280,-13,207,-13,330,59,163,-13" />
</Scene>
<Scene>
<INIT seed="2,1,0,2,3,92" ten="267,194,389,150" oya="2" hai0="42,58,29,91,24,86,109,110,73,54,82,89,93" hai1="104,126,1,44,84,115,128,134,90,28,36,97,108" hai2="75,16,88,32,13,9,79,112,27,117,123,30,64" hai3="56,5,14,96,119,133,71,94,23,101,87,118,20"/><V33/><F117/><W45/><G71/><T99/><D42/><U116/><RYUUKYOKU type="yao9" ba="1,0" sc="267,0,194,0,389,0,150,0" hai1="1,28,36,44,84,90,97,104,108,115,116,126,128,134" />
</Scene>
<Scene>
<INIT seed="2,2,0,1,4,120" ten="267,194,389,150" oya="2" hai0="67,68,115,72,28,54,21,53,55,45,124,106,7" hai1="33,73,133,40,44,78,99,75,42,35,95,131,25" hai2="122,60,129,64,71,13,123,15,20,121,31,110,27" hai3="134,18,111,93,59,43,24,14,29,9,48,56,50"/><V58/><F129/><W47/><G134/><T34/><D72/><U16/><E133/><V128/><F128/><W127/><G127/><T63/><D34/><U88/><E131/><V107/><F107/><W112/><G112/><T85/><D106/><U91/><E42/><V94/><F71/><W77/><G77/><T65/><D85/><U37/><E91/><V98/><REACH who="2" step="1"/><F110/><REACH who="2" ten="267,194,379,150" step="2"/><W3/><G111/><T51/><D68/><U39/><E39/><V66/><F66/><W109/><G109/><T10/><D67/><U102/><E102/><AGARI ba="2,1" hai="13,15,20,27,31,58,60,64,94,98,102,121,122,123" machi="102" ten="40,12000,1" yaku="1,1,25,2,53,1" doraHai="120" doraHaiUra="17" who="2" fromWho="1" sc="267,0,194,-126,379,136,150,0" />
</Scene>
<Scene>
<INIT seed="2,3,0,4,1,132" ten="267,68,515,150" oya="2" hai0="37,53,65,71,105,127,15,108,26,101,58,9,60" hai1="35,42,95,102,52,41,120,32,130,12,119,40,76" hai2="113,82,70,69,21,47,45,39,23,114,28,66,33" hai3="36,87,31,91,133,0,38,29,109,25,43,103,59"/><V5/><F5/><W117/><G0/><T110/><D127/><U48/><E119/><V93/><F93/><W13/><G117/><T123/><D123/><U84/><E120/><V78/><F82/><W17/><G133/><T62/><D37/><U134/><E134/><V83/><F83/><W126/><G109/><N who="0" m="42091" /><D26/><U14/><E130/><V46/><F39/><W6/><G6/><N who="0" m="3511" /><D101/><U20/><E35/><V18/><F78/><W2/><G2/><T30/><D30/><U131/><E32/><V79/><F79/><W90/><G103/><T92/><D92/><U3/><E3/><V111/><F111/><W68/><G68/><T118/><D118/><U135/><E135/><V63/><F69/><W51/><G126/><T54/><D54/><U27/><E131/><V89/><F89/><W10/><G31/><T56/><D56/><U55/><E76/><V129/><F129/><W73/><G91/><T61/><D61/><U57/><E55/><V24/><REACH who="2" step="1"/><F33/><REACH who="2" ten="267,68,505,150" step="2"/><W94/><G90/><T121/><D121/><U80/><E80/><V107/><F107/><AGARI ba="3,1" hai="53,58,60,62,65,71,105,107" m="3511,42091" machi="107" ten="30,1000,0" yaku="14,1" doraHai="132" who="0" fromWho="2" sc="267,29,68,0,505,-19,150,0" />
</Scene>
<Scene>
<INIT seed="3,0,0,1,5,23" ten="296,68,486,150" oya="3" hai0="57,101,56,2,15,84,40,128,125,53,68,88,108" hai1="86,76,93,75,37,17,16,48,34,72,64,21,42" hai2="60,116,66,13,122,45,43,69,36,109,44,120,129" hai3="63,119,35,50,114,113,55,96,77,52,92,8,83"/><W98/><G35/><T73/><D2/><U47/><E34/><V51/><F13/><W135/><G119/><T110/><D73/><U106/><E106/><V107/><F107/><W46/><G135/><T6/><D68/><U123/><E123/><N who="2" m="47147" /><F116/><W126/><G126/><T97/><D125/><U70/><E37/><V25/><F25/><W62/><G8/><N who="0" m="4503" /><D40/><U78/><E17/><V65/><F109/><N who="0" m="42090" /><D128/><U38/><E38/><V89/><F89/><W12/><G12/><T26/><D26/><N who="1" m="14631" /><E72/><V61/><F129/><W133/><G133/><T87/><D88/><N who="1" m="53399" /><E75/><V9/><F9/><W94/><G114/><T59/><D53/><U22/><E70/><V31/><F69/><W41/><G113/><T32/><D32/><U27/><E64/><N who="2" m="24683" /><F31/><W19/><G19/><T104/><AGARI ba="0,0" hai="56,57,59,84,87,97,101,104" m="42090,4503" machi="104" ten="30,1100,0" yaku="14,1" doraHai="23" who="0" fromWho="0" sc="296,11,68,-3,486,-3,150,-5" />
</Scene>
<Scene>
<INIT seed="4,0,0,5,0,65" ten="307,65,483,145" oya="0" hai0="83,4,72,60,69,43,127,74,58,84,64,120,1" hai1="117,54,31,89,29,88,9,22,125,77,82,93,53" hai2="112,80,42,119,111,14,76,79,108,10,118,57,33" hai3="35,6,44,81,51,40,131,128,92,121,17,124,38"/><T0/><D120/><U98/><E117/><N who="2" m="44555" /><F33/><W130/><G124/><T106/><D127/><U26/><E125/><V15/><F112/><W70/><G70/><T116/><D116/><U133/><E133/><V13/><F42/><W103/><G121/><T52/><D106/><U2/><E89/><V109/><F57/><W73/><G35/><T123/><D43/><U34/><E34/><V122/><F122/><W45/><G6/><T59/><D59/><U46/><E31/><V24/><F24/><W87/><G17/><T107/><D107/><U41/><E2/><V126/><F126/><W75/><G92/><T110/><D110/><U114/><E9/><V99/><F99/><W28/><G103/><T16/><D123/><U129/><E129/><V12/><F80/><W95/><G95/><T85/><D16/><AGARI ba="0,0" hai="10,12,13,14,15,16,76,79,108,109,111" m="44555" machi="16" ten="40,2600,0" yaku="12,1,54,1" doraHai="65" who="2" fromWho="0" sc="307,-26,65,0,483,26,145,0" />
</Scene>
<Scene>
<INIT seed="5,0,0,3,5,99" ten="281,65,509,145" oya="1" hai0="46,70,118,102,37,131,9,85,107,24,98,36,84" hai1="17,91,66,50,96,124,10,4,110,88,62,52,33" hai2="29,86,42,82,16,61,45,116,18,133,90,114,56" hai3="77,19,26,103,60,43,129,72,115,83,65,35,101"/><U134/><E33/><V79/><F116/><W25/><G115/><T122/><D118/><U93/><E134/><V109/><F133/><W3/><G3/><T74/><D74/><U34/><E34/><V100/><F109/><W68/><G129/><T112/><D70/><U127/><E110/><V71/><F71/><W94/><G94/><T92/><D112/><U104/><E104/><V53/><F114/><W95/><G95/><T22/><D131/><U41/><E41/><V6/><F6/><W28/><REACH who="3" step="1"/><G43/><REACH who="3" ten="281,65,509,135" step="2"/><T128/><D128/><U121/><E121/><V27/><F42/><W47/><G47/><T31/><D46/><N who="1" m="27735" /><E4/><V123/><F45/><W130/><G130/><T63/><D122/><U125/><E91/><V32/><F123/><W12/><G12/><T21/><D107/><U15/><E66/><V80/><F90/><W119/><G119/><T113/><D113/><U106/><E106/><V111/><F111/><W38/><G38/><T54/><D37/><U57/><E57/><V55/><F56/><W51/><G51/><T23/><D36/><U39/><E39/><V0/><F0/><W132/><G132/><T117/><D117/><U8/><E62/><V108/><F61/><W59/><G59/><T67/><D63/><U120/><E120/><V75/><F108/><W14/><G14/><T20/><D67/><U49/><E49/><V11/><F55/><W126/><G126/><T7/><REACH who="0" step="1"/><D54/><REACH who="0" ten="271,65,509,135" step="2"/><U5/><E5/><V87/><F53/><W89/><G89/><T30/><D30/><U1/><E1/><AGARI ba="0,2" hai="1,7,9,20,21,22,23,24,31,84,85,92,98,102" machi="1" ten="40,2600,0" yaku="1,1,52,1,53,0" doraHai="99" doraHaiUra="76" who="0" fromWho="1" sc="271,46,65,-26,509,0,135,0" />
</Scene>
<Scene>
<INIT seed="6,0,0,3,3,92" ten="317,39,509,135" oya="2" hai0="40,41,103,129,124,115,37,11,6,110,70,51,68" hai1="131,57,20,128,87,5,80,3,42,13,23,26,121" hai2="62,109,8,113,16,25,14,10,108,7,31,48,17" hai3="117,116,29,71,125,97,38,111,30,28,60,98,102"/><V69/><F48/><W114/><G38/><T43/><D103/><U19/><E121/><V64/><F113/><W0/><G0/><T95/><D95/><U47/><E57/><V127/><F127/><W122/><G111/><N who="2" m="42569" /><F10/><W56/><G122/><T81/><D81/><U34/><E3/><V55/><F55/><W94/><G71/><N who="0" m="27179" /><D11/><U100/><E34/><AGARI ba="0,0" hai="7,8,14,16,17,25,31,34,62,64,69" m="42569" machi="34" ten="30,2900,0" yaku="10,1,54,1" doraHai="92" who="2" fromWho="1" sc="317,0,39,-29,509,29,135,0" />
</Scene>
<Scene>
<INIT seed="6,1,0,5,5,21" ten="317,10,538,135" oya="2" hai0="47,110,58,27,2,50,99,109,63,29,55,6,128" hai1="103,124,74,68,114,84,132,5,70,81,4,86,36" hai2="85,115,95,61,134,96,62,19,65,104,48,41,3" hai3="121,0,107,46,24,125,66,73,78,28,135,33,100"/><V53/><F3/><W10/><G121/><T92/><D128/><U42/><E132/><V16/><F104/><W76/><G135/><T9/><D92/><U12/><E103/><V120/><F120/><W75/><G125/><T122/><D99/><U30/><E124/><V52/><F85/><W17/><G78/><T106/><D106/><U87/><E114/><V91/><F115/><W90/><G90/><T67/><D122/><U13/><E30/><V93/><F41/><W111/><G111/><T131/><D131/><U1/><E1/><V108/><F108/><W32/><G32/><AGARI ba="1,0" hai="2,6,9,27,29,32,47,50,55,58,63,67,109,110" machi="32" ten="30,2000,0" yaku="7,1,52,1" doraHai="21" who="0" fromWho="3" sc="317,23,10,0,538,0,135,-23" />
</Scene>
<Scene>
<INIT seed="7,0,0,0,2,12" ten="340,10,538,112" oya="3" hai0="46,124,129,108,48,82,61,100,70,68,14,45,107" hai1="28,131,9,123,27,31,106,88,13,95,132,6,102" hai2="32,96,41,117,128,112,118,59,66,130,122,116,74" hai3="10,135,109,8,44,51,57,126,101,37,67,86,84"/><W69/><G135/><T34/><D34/><U23/><E132/><V98/><F32/><W40/><G126/><T114/><D108/><U11/><E123/><V4/><F74/><W53/><G101/><T115/><D124/><U103/><E131/><N who="2" m="50219" /><F122/><W30/><G30/><T50/><D129/><U18/><E106/><V71/><F71/><W90/><G109/><T79/><D14/><U73/><E73/><V15/><F112/><N who="0" m="43050" /><D100/><U65/><E65/><V7/><F41/><W75/><G75/><T47/><D107/><U121/><E121/><V16/><F59/><W89/><G86/><N who="0" m="48479" /><D61/><U119/><E119/><V62/><F62/><W111/><G111/><T26/><D26/><U134/><E134/><V43/><F43/><W19/><G19/><T38/><D38/><U80/><E80/><V85/><F85/><W1/><G1/><T113/><D113/><U97/><REACH who="1" step="1"/><E31/><REACH who="1" ten="340,0,538,112" step="2"/><V76/><F66/><W3/><G67/><T127/><D127/><U125/><E125/><V5/><F76/><W92/><G69/><AGARI ba="0,1" hai="45,46,47,48,50,68,69,70" m="48479,43050" machi="69" ten="40,2600,0" yaku="15,1,11,1" doraHai="12" who="0" fromWho="3" sc="340,36,0,0,538,0,112,-26" owari="376,18.0,0,-50.0,538,63.0,86,-31.0" />
</Scene>
</mjloggm>