<mjloggm ver="2.3"><GO type="169" lobby="0"/><UN n0="%41%53%41%50%49%4E" n1="%E6%AD%A6%E5%A3%AB%E6%B2%A2%E7%A7%80%E8%A1%8C" n2="%E3%81%B4%E3%81%AE" n3="%6B%6F%68%73%68%69" dan="19,16,16,16" rate="2319.14,2101.85,2096.15,2163.56" sx="M,M,M,M"/><TAIKYOKU oya="0"/>

<Scene>
<INIT seed="0,0,0,4,0,56" ten="250,250,250,250" oya="0" hai0="24,48,3,115,84,5,51,11,66,37,129,28,119" hai1="6,38,73,21,96,102,114,133,47,13,126,71,76" hai2="33,63,80,105,49,89,32,134,128,118,7,61,23" hai3="70,94,113,90,65,58,26,9,25,15,19,20,18"/><T81/><D115/><U41/><E114/><V122/><F105/><W116/><G113/><T82/><D119/><U75/><E133/><V55/><F122/><W100/><G116/><T17/><D37/><U2/><E126/><V59/><F118/><W31/><G70/><T57/><D129/><U135/><E135/><V74/><F134/><W85/><G100/><T120/><D120/><U35/><E35/><V108/><F128/><W44/><G44/><T36/><D36/><U132/><E132/><V50/><F108/><W111/><G111/><T121/><D121/><U0/><E71/><V104/><F104/><W117/><G117/><T30/><D17/><U98/><E98/><V93/><F7/><W53/><G65/><T127/><D127/><U12/><E12/><V68/><F23/><W110/><G110/><T87/><D87/><U43/><E43/><V106/><F106/><W123/><G123/><T67/><D28/><U91/><E91/><V72/><F49/><W39/><G39/><T14/><D3/><U45/><E45/><V109/><F109/><W46/><G46/><T103/><D103/><U4/><E2/><V92/><F72/><W83/><G83/><N who="0" m="31755" /><D84/><U8/><E76/><V97/><F74/><W27/><G31/><T62/><D66/><U125/><E125/><V99/><F80/><W101/><G101/><T78/><D78/><U54/><E73/><V40/><F68/><W95/><G95/><T10/><D10/><N who="1" m="4295" /><E75/><V42/><F32/><W107/><G107/><T16/><D30/><U77/><E77/><V34/><F33/><W29/><G29/><RYUUKYOKU ba="0,0" sc="250,15,250,-15,250,-15,250,15" hai0="5,11,14,16,24,48,51,57,62,67" hai3="9,15,18,19,20,25,26,27,53,58,85,90,94" />
</Scene>
<Scene>
<INIT seed="0,1,0,5,4,59" ten="265,235,235,265" oya="0" hai0="128,51,25,24,34,110,113,37,111,101,33,77,104" hai1="134,28,117,107,119,129,94,60,17,0,42,36,6" hai2="125,66,61,32,93,21,81,14,131,88,132,16,3" hai3="130,49,45,38,109,78,31,62,75,44,92,105,135"/><T56/><D113/><U11/><E107/><V87/><F3/><W64/><G105/><T74/><D37/><U85/><E134/><V13/><F32/><W112/><G112/><T83/><D128/><U40/><E129/><V100/><F131/><W126/><G130/><T116/><D116/><U48/><E36/><V29/><F132/><W102/><G135/><T86/><D74/><U124/><E124/><V115/><F115/><W7/><G126/><T26/><D101/><U43/><E28/><V103/><F125/><W108/><G38/><T73/><D104/><U47/><E17/><V84/><F13/><W89/><G102/><T90/><D56/><U19/><E19/><V69/><F29/><W97/><G31/><T53/><D53/><U4/><E4/><V9/><F9/><W27/><G27/><T99/><D99/><U114/><E114/><V133/><F133/><W98/><G7/><T70/><D70/><U18/><E18/><V57/><F69/><W91/><G78/><AGARI ba="1,0" hai="14,16,21,57,61,66,78,81,84,87,88,93,100,103" machi="78" ten="30,8000,1" yaku="7,1,8,1,52,1,54,2" doraHai="59" who="2" fromWho="3" sc="265,0,235,0,235,83,265,-83" />
</Scene>
<Scene>
<INIT seed="1,0,0,3,0,118" ten="265,235,318,182" oya="1" hai0="49,94,52,15,75,70,125,25,30,55,80,77,65" hai1="104,128,18,131,93,63,120,9,103,32,99,10,132" hai2="62,89,129,54,14,47,1,117,95,24,74,102,59" hai3="48,51,135,53,71,44,31,130,26,45,6,82,42"/><U61/><E32/><V98/><F1/><W21/><G71/><T115/><D115/><U40/><E132/><V122/><F74/><W84/><G135/><T91/><D125/><U85/><E40/><V22/><F117/><W17/><G130/><N who="1" m="49706" /><E120/><V4/><F122/><W29/><REACH who="3" step="1"/><G6/><REACH who="3" ten="265,235,318,172" step="2"/><T56/><D70/><U0/><E0/><V7/><F129/><W76/><AGARI ba="0,1" hai="17,21,26,29,31,42,44,45,48,51,53,76,82,84" machi="76" ten="20,8000,1" yaku="1,1,2,1,0,1,7,1,8,1,53,0" doraHai="118" doraHaiUra="107" who="3" fromWho="3" sc="265,-20,235,-40,318,-20,172,90" />
</Scene>
<Scene>
<INIT seed="2,0,0,5,1,123" ten="245,195,298,262" oya="2" hai0="128,49,33,79,112,48,114,13,40,15,105,87,64" hai1="117,11,98,54,8,78,84,9,124,77,75,91,0" hai2="1,39,127,19,110,25,101,29,115,85,43,104,6" hai3="50,94,53,80,37,96,102,116,86,10,22,35,89"/><V69/><F115/><W131/><G35/><T36/><D33/><U93/><E117/><V107/><F85/><W68/><G37/><T12/><D105/><N who="2" m="40522" /><F101/><W51/><G68/><T134/><D128/><U82/><E124/><V23/><F69/><W21/><G116/><T4/><D134/><U16/><E54/><V31/><F31/><W132/><G131/><T60/><D4/><U18/><REACH who="1" step="1"/><E0/><REACH who="1" ten="245,185,298,262" step="2"/><V14/><F127/><W24/><G132/><T27/><D112/><U70/><E70/><V3/><F3/><W45/><G10/><T52/><D52/><U103/><E103/><V108/><F43/><W56/><G24/><T42/><D27/><U129/><E129/><V44/><F1/><W113/><G113/><T81/><D114/><U63/><E63/><V65/><F65/><W28/><G28/><T126/><D126/><U100/><E100/><V97/><F29/><W106/><G106/><T38/><D60/><U62/><E62/><V135/><F135/><W17/><REACH who="3" step="1"/><G17/><REACH who="3" ten="245,185,298,252" step="2"/><T74/><D38/><U133/><E133/><V34/><F39/><W26/><G26/><T66/><D36/><U119/><E119/><V47/><F25/><W99/><G99/><T109/><D64/><U41/><E41/><AGARI ba="0,2" hai="21,22,41,45,50,51,53,56,80,86,89,94,96,102" machi="41" ten="30,3900,0" yaku="1,1,7,1,8,1,53,0" doraHai="123" doraHaiUra="58" who="3" fromWho="1" sc="245,0,185,-39,298,0,252,59" />
</Scene>
<Scene>
<INIT seed="3,0,0,2,4,94" ten="245,146,298,311" oya="3" hai0="24,98,79,131,85,57,69,0,121,52,32,37,123" hai1="71,108,25,23,114,120,105,27,17,42,87,113,66" hai2="68,7,9,93,18,92,46,1,21,100,5,127,28" hai3="77,90,74,81,103,6,117,51,61,129,41,59,91"/><W38/><G117/><T44/><D69/><U64/><E120/><V50/><F127/><W53/><G129/><T76/><D0/><U20/><E105/><V122/><F68/><W30/><G30/><T39/><D131/><U109/><E71/><V15/><F122/><W62/><G6/><T104/><D121/><U106/><E106/><V63/><F63/><W16/><G103/><T83/><D79/><U45/><E87/><V115/><F115/><W130/><G130/><T96/><D123/><U107/><E107/><V125/><F125/><W102/><G102/><T132/><D132/><U84/><E84/><V8/><F28/><W3/><G3/><T124/><D124/><U11/><E11/><V75/><F75/><W78/><G78/><T80/><D80/><U58/><E114/><V72/><F72/><W56/><G16/><T135/><D135/><U73/><E113/><V116/><F100/><W10/><G10/><T40/><D37/><U60/><E73/><V12/><REACH who="2" step="1"/><F116/><REACH who="2" ten="245,146,288,311" step="2"/><W88/><REACH who="3" step="1"/><G59/><REACH who="3" ten="245,146,288,301" step="2"/><T134/><D57/><U55/><E109/><V13/><F13/><W54/><G54/><AGARI ba="0,2" hai="1,5,7,8,9,12,15,18,21,46,50,54,92,93" machi="54" ten="30,3900,0" yaku="1,1,7,1,53,1" doraHai="94" doraHaiUra="47" who="2" fromWho="3" sc="245,0,146,0,288,59,301,-39" />
</Scene>
<Scene>
<INIT seed="4,0,0,5,2,128" ten="245,146,347,262" oya="0" hai0="51,132,12,3,60,117,88,0,120,77,43,75,113" hai1="131,121,129,116,124,4,106,9,2,103,44,26,6" hai2="59,7,90,46,71,27,125,80,108,126,17,100,31" hai3="96,40,14,63,55,86,123,110,54,42,21,79,70"/><T68/><D117/><U48/><E121/><V61/><F108/><W22/><G110/><T24/><D120/><U41/><E116/><V87/><F71/><W95/><G123/><T25/><D113/><U72/><E72/><V134/><F100/><W52/><G70/><T115/><D115/><U58/><E124/><N who="2" m="47723" /><F7/><W62/><G79/><T20/><D132/><U98/><E6/><V130/><F134/><W105/><G105/><T76/><D12/><U64/><E26/><V35/><F130/><W16/><G86/><T118/><D118/><U1/><REACH who="1" step="1"/><E2/><REACH who="1" ten="245,136,347,262" step="2"/><V47/><F17/><W53/><G22/><T57/><D25/><U45/><E45/><V34/><F34/><W13/><G13/><T102/><D75/><U56/><E56/><V73/><F73/><W18/><G18/><T30/><D0/><U38/><E38/><V78/><F46/><W10/><G21/><T65/><D3/><U11/><E11/><V85/><F47/><W28/><G28/><T99/><D68/><U8/><E8/><V135/><F31/><W91/><N who="3" m="13312" /><DORA hai="89" /><W94/><REACH who="3" step="1"/><G94/><REACH who="3" ten="245,136,347,252" step="2"/><N who="0" m="58743" /><D20/><U50/><E50/><V97/><F35/><W114/><G114/><T5/><D30/><U36/><E36/><V92/><F92/><W49/><G49/><T101/><D51/><U107/><E107/><V83/><F27/><W84/><G84/><T19/><D24/><U119/><E119/><V93/><F85/><W23/><G23/><T111/><D19/><U74/><E74/><V66/><F83/><W39/><G39/><T82/><D82/><U81/><E81/><V32/><F32/><RYUUKYOKU ba="0,2" sc="245,-30,136,10,347,10,252,10" hai1="1,4,9,41,44,48,58,64,98,103,106,129,131" hai2="59,61,66,78,80,87,90,93,97,135" hai3="10,14,16,40,42,62,63,91,95,96" />
</Scene>
<Scene>
<INIT seed="5,1,2,3,3,69" ten="215,146,357,262" oya="1" hai0="5,41,101,9,66,125,4,57,11,131,43,67,12" hai1="106,76,83,10,17,103,61,100,33,84,27,38,19" hai2="6,7,78,134,85,2,82,39,121,113,68,112,28" hai3="34,118,3,21,44,128,25,77,126,115,60,59,95"/><U49/><E38/><V127/><F134/><W64/><G3/><T99/><D131/><U98/><E103/><V36/><F127/><W15/><G126/><T79/><D125/><U105/><E105/><V130/><F130/><W45/><G128/><T109/><D109/><U20/><E33/><V1/><F121/><W54/><G118/><T70/><D70/><U73/><E49/><V42/><F68/><W31/><G115/><N who="2" m="44105" /><F42/><W119/><G119/><T111/><D111/><U102/><E102/><V74/><F28/><W72/><G95/><T124/><D124/><U87/><REACH who="1" step="1"/><E61/><REACH who="1" ten="215,136,357,262" step="2"/><V88/><F1/><W29/><G34/><T37/><D37/><N who="2" m="14410" /><F2/><W104/><G104/><T90/><D101/><U75/><E75/><V55/><F55/><W110/><G72/><T56/><D43/><U62/><E62/><V46/><F46/><W53/><G45/><T108/><D41/><U0/><E0/><V129/><F129/><W13/><G44/><T51/><D108/><U8/><E8/><V93/><AGARI ba="1,3" hai="6,7,74,78,82,85,88,93" m="14410,44105" machi="93" ten="30,12000,2" yaku="15,1,11,1,52,3,54,1" doraHai="69" who="2" fromWho="2" sc="215,-31,136,-61,357,153,262,-31" />
</Scene>
<Scene>
<INIT seed="6,0,0,1,1,82" ten="184,75,510,231" oya="2" hai0="2,72,109,124,98,135,28,44,53,116,78,113,21" hai1="108,39,123,52,100,127,132,12,50,8,61,90,58" hai2="41,94,114,81,24,95,65,60,15,105,85,18,22" hai3="134,30,59,118,7,115,45,130,54,129,25,125,96"/><V83/><F105/><W91/><G118/><T84/><D109/><U26/><E108/><V35/><F41/><W101/><G7/><T64/><D2/><U107/><E39/><V29/><F81/><W9/><G9/><T36/><D72/><U46/><E127/><V112/><F95/><W89/><G125/><T48/><D124/><U1/><E132/><V75/><F94/><W23/><G134/><T70/><D135/><U32/><E123/><V133/><F75/><W77/><G77/><T14/><D116/><U40/><E1/><V126/><F126/><W19/><G45/><T67/><D113/><U74/><E74/><V4/><F4/><W128/><G30/><T56/><D98/><U10/><E107/><V93/><F93/><N who="3" m="58511" /><G115/><T20/><D70/><U16/><E100/><V92/><F92/><W131/><N who="3" m="32768" /><DORA hai="63" /><W38/><G38/><T43/><D28/><U120/><E120/><V104/><F29/><W3/><G3/><T99/><D99/><U17/><E32/><V13/><F35/><W34/><G34/><T49/><D36/><U5/><E90/><V68/><F133/><W71/><G71/><T103/><D21/><U33/><E33/><V51/><F22/><W31/><G31/><T47/><D47/><U0/><REACH who="1" step="1"/><E17/><REACH who="1" ten="184,65,510,231" step="2"/><V62/><F18/><W80/><G91/><T11/><D103/><U55/><E55/><V117/><F114/><W119/><G89/><T42/><D42/><U121/><E121/><V110/><F112/><W106/><G106/><T73/><D43/><U69/><E69/><V27/><F104/><W111/><G111/><RYUUKYOKU ba="0,1" sc="184,-10,65,30,510,-10,231,-10" hai1="0,5,8,10,12,16,26,40,46,50,52,58,61" />
</Scene>
<Scene>
<INIT seed="7,1,1,0,1,68" ten="174,95,500,221" oya="3" hai0="129,57,16,67,126,0,107,70,128,97,81,38,101" hai1="104,31,62,93,95,86,30,54,47,29,88,6,115" hai2="2,73,117,72,28,11,112,82,48,78,56,50,127" hai3="66,64,134,77,109,91,1,49,63,15,8,99,61"/><W4/><G109/><T60/><D0/><U26/><E104/><V21/><F72/><W119/><G119/><T89/><D126/><U76/><E115/><V59/><F112/><W79/><G134/><T103/><D103/><U108/><E108/><V46/><F50/><W69/><G49/><T71/><D38/><U75/><E75/><V20/><F127/><W118/><G118/><T98/><D16/><U58/><E76/><V45/><F45/><W32/><G32/><T43/><D43/><U74/><E74/><V18/><F28/><W55/><G55/><T51/><D51/><U23/><E47/><V102/><F21/><W100/><G91/><T121/><D121/><U122/><E122/><V131/><F102/><W25/><G25/><T19/><D19/><U130/><E130/><N who="0" m="50281" /><D81/><U34/><E34/><V24/><F131/><W94/><REACH who="3" step="1"/><G1/><REACH who="3" ten="174,95,500,211" step="2"/><T132/><D132/><U84/><E6/><V106/><F2/><W87/><G87/><T52/><D67/><U111/><E111/><V13/><F24/><W135/><G135/><T53/><D53/><U80/><REACH who="1" step="1"/><E95/><AGARI ba="1,2" hai="52,57,60,70,71,89,95,97,98,101,107" m="50281" machi="95" ten="30,2000,0" yaku="19,1,54,1" doraHai="68" who="0" fromWho="1" sc="174,43,95,-23,500,0,211,0" owari="217,2.0,72,-43.0,500,60.0,211,-19.0" />
</Scene>
</mjloggm>