<mjloggm ver="2.3"><GO type="169"/><UN n0="%E3%81%A4%E3%82%8B%EF%BC%A0" n1="%E3%83%96%E3%83%83%E3%83%91%E7%A5%9E" n2="%41%53%41%50%49%4E" n3="%E3%81%BE%E3%81%AA%E3%81%84%E3%81%9F%E3%82%88%E3%81%86%E3%81%98%E3%82%87" dan="16,17,18,16" rate="2045,2141,2213,2146" sx="M,M,M,M"/><TAIKYOKU oya="0"/>

<Scene>
<INIT seed="0,0,0,1,1,78" ten="250,250,250,250" oya="0" hai0="129,37,38,54,27,77,53,58,22,84,127,1,76" hai1="3,86,93,66,24,121,81,64,61,135,104,8,32" hai2="82,49,85,90,96,132,39,101,59,21,55,20,5" hai3="73,134,98,116,115,118,117,130,92,62,52,107,94"/><T4/><D129/><U11/><E121/><V40/><F132/><W12/><G12/><T114/><D114/><U23/><E104/><V87/><F5/><W113/><G62/><T102/><D127/><U119/><E119/><V44/><REACH who="2" step="1"/><F87/><REACH who="2" ten="250,250,240,250" step="2"/><W14/><G134/><T36/><D84/><U65/><E135/><V99/><F99/><W131/><G98/><T28/><D4/><U124/><E86/><V123/><F123/><W68/><G117/><T80/><D1/><U75/><E3/><V106/><AGARI ba="0,1" hai="20,21,39,40,44,49,55,59,82,85,90,96,101,106" machi="106" ten="20,5200,0" yaku="1,1,0,1,7,1,52,1,53,0" doraHai="78" doraHaiUra="112" who="2" fromWho="2" sc="250,-26,250,-13,240,62,250,-13" />
</Scene>
<Scene>
<INIT seed="1,0,0,0,4,49" ten="224,237,302,237" oya="1" hai0="38,132,33,56,92,47,3,70,63,45,103,31,25" hai1="61,18,13,46,88,119,123,94,90,19,117,73,41" hai2="135,48,134,60,83,15,30,67,122,22,50,116,10" hai3="124,0,29,93,79,35,129,78,99,130,80,98,40"/><U110/><E123/><V1/><F122/><W84/><G0/><T133/><D3/><U89/><E73/><V118/><F1/><W16/><G40/><T43/><D70/><U82/><E110/><V52/><F50/><W111/><G111/><T112/><D112/><U51/><E82/><V12/><F83/><N who="3" m="47223" /><G29/><T65/><REACH who="0" step="1"/><D45/><REACH who="0" ten="214,237,302,237" step="2"/><U104/><E119/><V32/><F116/><W69/><G69/><T2/><D2/><U62/><E117/><V75/><F118/><W26/><G129/><T37/><D37/><U34/><E34/><V55/><F32/><W121/><G35/><T17/><D17/><U120/><E120/><V71/><F71/><W5/><G16/><N who="1" m="6186" /><E104/><V76/><F30/><W23/><G130/><T24/><D24/><U131/><E131/><V6/><F12/><W128/><G26/><T97/><AGARI ba="0,1" hai="25,31,33,38,43,47,56,63,65,92,97,103,132,133" machi="97" ten="30,2000,0" yaku="1,1,0,1,53,0" doraHai="49" doraHaiUra="14" who="0" fromWho="0" sc="214,30,237,-10,302,-5,237,-5" />
</Scene>
<Scene>
<INIT seed="2,0,0,4,5,63" ten="244,227,297,232" oya="2" hai0="50,111,21,41,33,121,8,42,54,53,18,90,117" hai1="135,104,110,98,14,131,79,83,71,101,4,74,13" hai2="76,87,105,134,15,118,23,10,95,64,128,120,130" hai3="78,26,124,7,80,77,72,86,103,39,73,81,88"/><V47/><F105/><W45/><G26/><T11/><D121/><U5/><E71/><V106/><F106/><W65/><G7/><T12/><D33/><U9/><E110/><V100/><F120/><W126/><G65/><T44/><D111/><U0/><E131/><N who="2" m="50219" /><F118/><W116/><G45/><T35/><D35/><U62/><E135/><V16/><F134/><W127/><G39/><T28/><D117/><U2/><REACH who="1" step="1"/><E62/><REACH who="1" ten="244,217,297,232" step="2"/><V125/><F125/><W68/><G68/><T109/><D109/><U58/><E58/><V3/><F47/><W38/><G116/><T22/><D41/><U43/><E43/><V31/><F3/><W70/><G70/><T122/><D122/><U40/><E40/><V99/><F31/><W48/><G38/><T112/><D112/><U55/><E55/><N who="0" m="21001" /><D90/><U67/><E67/><V61/><F76/><W85/><G48/><T102/><D102/><U57/><E57/><N who="2" m="36911" /><F87/><N who="3" m="50287" /><G103/><T107/><D107/><U115/><E115/><V6/><F6/><W32/><G77/><T84/><D28/><U29/><E29/><V69/><F69/><W17/><G86/><T59/><D84/><U132/><E132/><V27/><F27/><W25/><G32/><T49/><D59/><U133/><E133/><V30/><F30/><W56/><G56/><T114/><D114/><U89/><E89/><V1/><F1/><W66/><G66/><T119/><D119/><U108/><E108/><V37/><F37/><W19/><G25/><N who="0" m="14519" /><D50/><U75/><E75/><AGARI ba="0,1" hai="17,19,72,73,75,78,80,85,124,126,127" m="50287" machi="75" ten="40,2600,0" yaku="18,1,54,1" doraHai="63" who="3" fromWho="1" sc="244,0,217,-26,297,0,232,36" />
</Scene>
<Scene>
<INIT seed="3,0,0,0,5,84" ten="244,191,297,268" oya="3" hai0="51,128,6,30,17,118,77,101,24,96,109,92,42" hai1="43,103,100,131,89,113,44,38,28,69,54,79,65" hai2="61,5,48,91,25,15,60,19,13,124,110,37,29" hai3="18,119,32,85,102,12,49,57,67,21,90,125,39"/><W47/><G119/><T22/><D118/><U36/><E113/><V20/><F37/><W41/><G32/><T53/><D109/><U63/><E131/><V2/><F110/><W14/><G102/><T76/><D128/><U111/><E111/><V99/><F124/><W66/><G125/><T108/><D108/><U16/><E38/><V52/><F2/><W9/><G57/><T123/><D123/><U87/><E28/><V33/><F5/><W115/><G39/><T127/><D127/><U134/><E79/><V72/><F72/><W46/><G46/><T106/><D6/><U71/><E69/><V70/><F70/><W26/><G115/><T135/><D135/><U23/><E54/><V34/><F34/><W94/><REACH who="3" step="1"/><G14/><REACH who="3" ten="244,191,297,258" step="2"/><T130/><D130/><U45/><E134/><V132/><F15/><W8/><G8/><T74/><D42/><U75/><E45/><N who="2" m="27663" /><F33/><W62/><G62/><T7/><D106/><U107/><E107/><V86/><F132/><W95/><G95/><T27/><D74/><U126/><E75/><V59/><F59/><W11/><G11/><T97/><D92/><U73/><E73/><V129/><F129/><W78/><G78/><N who="0" m="30315" /><D101/><U56/><E71/><V58/><F58/><W50/><G50/><T104/><D104/><U98/><E126/><V88/><F61/><W93/><G93/><T83/><D51/><U1/><E1/><V82/><F60/><W55/><G55/><T133/><D53/><U3/><E3/><V31/><F13/><W121/><G121/><T64/><D133/><U120/><E120/><V81/><F81/><RYUUKYOKU ba="0,1" sc="244,-15,191,-15,297,15,258,15" hai2="19,20,25,29,31,82,86,88,91,99" hai3="9,12,18,21,26,41,47,49,66,67,85,90,94" />
</Scene>
<Scene>
<INIT seed="3,1,1,3,4,112" ten="229,176,312,273" oya="3" hai0="91,10,56,18,99,31,102,105,111,2,135,77,49" hai1="7,39,73,61,40,8,58,83,123,65,125,106,12" hai2="66,29,107,13,64,41,131,93,23,90,59,82,51" hai3="60,110,127,80,43,55,78,81,95,87,53,94,47"/><W3/><G3/><T19/><D111/><U104/><E123/><V109/><F107/><W30/><G127/><T35/><D135/><U96/><E125/><V32/><F109/><W115/><G115/><T88/><D77/><U1/><E12/><V33/><F131/><W44/><G30/><T103/><D103/><U15/><E15/><V69/><F82/><W57/><G110/><T85/><D91/><U129/><E129/><V98/><F69/><W133/><G133/><T121/><D121/><U50/><E50/><V130/><F130/><W11/><G11/><T63/><D49/><U26/><E26/><V34/><F59/><N who="3" m="34927" /><G43/><T6/><D31/><U25/><E25/><V72/><F72/><W74/><G74/><T14/><D35/><U84/><E96/><V119/><F119/><W67/><G80/><T37/><D37/><U132/><E132/><V76/><F76/><W0/><G0/><T38/><D38/><U20/><E20/><V70/><F70/><W42/><G67/><T17/><D2/><U52/><E65/><V71/><F71/><W46/><G42/><T97/><D97/><U113/><E113/><V4/><F29/><W48/><AGARI ba="1,1" hai="44,46,47,48,55,57,78,81,87,94,95" m="34927" machi="48" ten="30,1500,0" yaku="8,1" doraHai="112" who="3" fromWho="3" sc="229,-6,176,-6,312,-6,273,28" />
</Scene>
<Scene>
<INIT seed="3,2,0,3,5,38" ten="223,170,306,301" oya="3" hai0="25,19,23,134,86,0,39,59,91,42,80,132,107" hai1="5,94,17,78,27,22,92,12,18,40,114,105,15" hai2="111,133,56,45,6,51,90,102,117,95,58,115,73" hai3="49,77,110,50,109,34,11,55,103,128,81,112,97"/><W29/><G112/><T1/><D107/><U135/><E114/><V129/><F115/><W108/><G128/><T76/><D59/><U21/><E105/><V68/><F117/><W67/><G67/><T120/><D120/><U53/><E135/><N who="0" m="51753" /><D76/><U89/><E78/><V69/><F73/><W96/><G11/><T126/><D126/><U37/><E53/><V65/><F133/><W130/><G130/><T66/><D66/><U64/><E64/><V82/><F129/><W36/><G36/><T52/><D52/><U122/><E122/><V99/><F111/><W121/><G121/><T72/><D72/><U113/><E113/><V93/><F82/><W88/><G55/><T63/><D63/><U118/><E118/><V30/><F30/><W7/><G77/><T116/><D116/><U106/><E106/><V26/><F26/><N who="3" m="18743" /><G7/><T57/><D57/><U87/><E5/><V10/><F58/><W16/><G103/><T4/><D4/><U28/><E37/><V70/><F56/><W61/><G61/><T131/><D131/><U84/><E40/><N who="2" m="24999" /><F65/><W75/><G75/><T48/><D39/><U127/><E127/><V47/><F69/><W71/><G71/><T83/><D83/><U54/><E54/><V104/><F68/><W41/><G81/><T43/><D48/><U119/><E119/><V44/><F70/><W14/><G50/><T100/><D100/><U125/><E125/><V2/><F104/><W124/><G124/><T33/><D33/><U123/><E123/><V74/><F74/><W8/><G108/><T79/><D79/><U62/><E62/><RYUUKYOKU ba="2,0" sc="223,15,170,-15,306,15,301,-15" hai0="0,1,19,23,25,42,43,80,86,91" hai2="2,6,10,44,47,90,93,95,99,102" />
</Scene>
<Scene>
<INIT seed="4,3,0,2,2,69" ten="238,155,321,286" oya="0" hai0="125,38,112,59,13,66,27,132,84,60,22,43,107" hai1="105,70,83,101,82,80,88,41,104,77,57,61,91" hai2="52,81,48,92,9,86,7,76,114,116,14,123,124" hai3="17,4,50,18,37,49,8,46,56,36,44,45,71"/><T98/><D112/><U53/><E70/><V94/><F123/><W85/><G71/><T122/><D122/><U99/><E104/><V127/><F114/><W128/><G128/><T2/><D2/><U90/><REACH who="1" step="1"/><E41/><REACH who="1" ten="238,145,321,286" step="2"/><V135/><F116/><W47/><G85/><AGARI ba="3,1" hai="53,57,61,77,80,82,83,85,88,90,91,99,101,105" machi="85" ten="40,8000,1" yaku="1,1,2,1,54,1,53,1" doraHai="69" doraHaiUra="93" who="1" fromWho="3" sc="238,0,145,99,321,0,286,-89" />
</Scene>
<Scene>
<INIT seed="5,0,0,5,1,121" ten="238,244,321,197" oya="1" hai0="33,50,79,100,13,67,81,127,85,58,66,2,7" hai1="41,122,70,26,18,87,19,73,130,83,126,101,134" hai2="23,106,30,25,3,40,4,90,36,42,111,56,16" hai3="60,59,12,116,98,120,112,57,86,125,20,68,72"/><U93/><E122/><V44/><F111/><W115/><G120/><T95/><D33/><U132/><E70/><V76/><F106/><W124/><G72/><T80/><D2/><U28/><E73/><V49/><F76/><W108/><G98/><N who="0" m="59487" /><D127/><N who="3" m="48713" /><G86/><N who="0" m="48415" /><D50/><U47/><E126/><V32/><F56/><N who="3" m="21579" /><G12/><T43/><D43/><U0/><E0/><V29/><F29/><W89/><G89/><N who="0" m="51375" /><D58/><U54/><E54/><V1/><F4/><W123/><G20/><T99/><D99/><N who="1" m="59631" /><E130/><V8/><F3/><W17/><G17/><T53/><D53/><U9/><E9/><AGARI ba="0,0" hai="7,9,13,66,67" m="51375,48415,59487" machi="9" ten="30,1000,0" yaku="8,1" doraHai="121" who="0" fromWho="1" sc="238,10,244,-10,321,0,197,0" />
</Scene>
<Scene>
<INIT seed="6,0,0,1,3,104" ten="248,234,321,197" oya="2" hai0="97,107,56,94,113,27,18,123,75,40,47,57,23" hai1="44,74,69,21,108,60,66,2,63,84,61,114,95" hai2="100,10,134,106,35,117,79,135,133,83,88,87,82" hai3="55,70,50,132,77,81,22,67,105,4,129,54,3"/><V78/><F35/><W8/><G105/><T65/><D123/><U37/><E108/><V93/><F10/><W64/><G70/><T92/><D75/><U14/><E2/><V33/><F33/><W43/><G129/><T32/><D113/><U12/><E114/><V25/><F25/><W30/><G132/><T112/><D112/><U115/><E115/><V20/><F20/><W1/><G1/><T29/><D107/><U62/><E74/><V131/><F131/><W89/><G89/><T51/><D65/><U72/><E72/><N who="2" m="43335" /><F100/><W5/><G5/><T130/><D130/><U121/><E121/><V99/><F106/><W26/><G43/><T96/><D92/><U45/><E37/><V15/><F15/><W109/><G109/><T103/><REACH who="0" step="1"/><D97/><REACH who="0" ten="238,234,321,197" step="2"/><U86/><E95/><V11/><F99/><W16/><G64/><T36/><D36/><U9/><E66/><V17/><F93/><W19/><G67/><T46/><D46/><U42/><E69/><V73/><F73/><W90/><G90/><T91/><D91/><U48/><E44/><V102/><F88/><W122/><G122/><T124/><D124/><U128/><E128/><V118/><F102/><W38/><G38/><T39/><D39/><U126/><E126/><V13/><AGARI ba="0,1" hai="11,13,17,79,83,87,117,118,133,134,135" m="43335" machi="13" ten="40,3900,0" yaku="20,1,52,1" doraHai="104" who="2" fromWho="2" sc="238,-13,234,-13,321,49,197,-13" />
</Scene>
<Scene>
<INIT seed="6,1,0,1,1,130" ten="225,221,370,184" oya="2" hai0="115,128,6,78,27,3,9,126,54,124,28,131,104" hai1="73,99,112,133,0,20,26,2,23,92,37,111,7" hai2="106,79,97,38,132,34,90,121,74,87,113,80,63" hai3="18,33,60,10,67,82,125,127,88,98,96,64,89"/><V13/><F34/><W120/><G33/><N who="0" m="20639" /><D104/><U12/><E111/><V83/><F38/><W31/><G31/><T29/><D78/><U24/><E37/><V14/><F63/><W69/><G120/><T134/><D54/><U70/><E70/><V62/><F62/><W22/><G64/><T25/><D115/><U53/><E73/><V81/><F14/><N who="3" m="7511" /><G22/><N who="0" m="15543" /><D134/><U94/><E112/><V45/><F13/><W91/><G82/><N who="2" m="31849" /><F45/><W49/><G49/><T47/><D47/><U123/><E123/><V135/><F121/><W48/><G48/><T119/><D119/><U57/><E133/><N who="2" m="51275" /><F113/><W77/><G77/><T58/><D58/><U16/><E0/><V103/><F90/><W50/><G50/><T46/><D46/><U117/><E117/><V40/><F40/><W109/><G109/><T15/><D3/><U71/><E2/><V43/><F43/><W44/><G44/><T95/><D95/><U105/><E92/><V5/><F5/><W19/><G89/><T51/><D51/><U66/><E7/><V4/><F4/><W108/><G88/><T118/><D118/><U101/><E94/><V114/><F114/><W110/><G91/><T93/><D93/><U1/><E1/><V72/><AGARI ba="1,0" hai="72,74,79,83,87,97,103,106" m="51275,31849" machi="72" ten="30,18000,2" yaku="20,1,34,2,52,3" doraHai="130" who="2" fromWho="2" sc="225,-61,221,-61,370,183,184,-61" />
</Scene>
<Scene>
<INIT seed="6,2,0,5,5,5" ten="164,160,553,123" oya="2" hai0="10,34,40,96,91,128,18,62,99,74,61,28,135" hai1="36,9,105,111,7,109,83,122,90,81,102,12,127" hai2="68,27,70,121,58,71,49,119,46,110,17,59,117" hai3="94,42,93,19,97,65,107,84,89,124,126,0,123"/><V116/><F17/><W3/><G65/><T134/><D74/><U48/><E36/><V131/><F27/><W45/><G19/><T56/><D128/><U76/><E127/><N who="3" m="48682" /><G107/><T54/><D40/><U55/><E122/><V2/><F131/><W11/><G123/><T22/><D34/><U20/><E20/><V29/><F29/><W26/><G26/><N who="0" m="16471" /><D62/><U15/><E15/><V95/><F95/><W125/><N who="3" m="48690" /><W103/><DORA hai="106" /><G11/><T98/><D10/><U44/><E90/><V132/><F2/><W113/><G113/><T75/><D75/><U52/><E55/><N who="2" m="30135" /><F121/><W79/><G79/><T13/><D13/><U8/><E8/><V64/><F64/><W30/><G30/><T47/><D18/><U50/><E50/><AGARI ba="2,0" hai="0,3,42,45,50,84,89,93,94,97,103" m="48690" machi="50" ten="40,1300,0" yaku="18,1" doraHai="5,106" who="3" fromWho="1" sc="164,0,160,-19,553,0,123,19" />
</Scene>
<Scene>
<INIT seed="7,0,0,5,4,26" ten="164,141,553,142" oya="3" hai0="66,64,38,51,115,112,93,96,19,111,11,30,85" hai1="82,33,59,29,13,105,72,76,69,128,100,60,4" hai2="117,92,58,71,103,32,42,40,67,124,107,24,106" hai3="14,118,133,110,22,47,132,39,20,44,36,90,116"/><W98/><G98/><T129/><D111/><U49/><E128/><V108/><F58/><W126/><G90/><N who="0" m="55351" /><D38/><N who="3" m="14377" /><G126/><T12/><D129/><U135/><E135/><N who="3" m="51786" /><G14/><T15/><D30/><U1/><E13/><V54/><F124/><W81/><G81/><T27/><D51/><U95/><E49/><V127/><F127/><W88/><G88/><T53/><D53/><U101/><E69/><V73/><F103/><W97/><G97/><T31/><D85/><U78/><E78/><V122/><F92/><W70/><G70/><T43/><D43/><U102/><E105/><V80/><F71/><W21/><G110/><T113/><D15/><U109/><E109/><V94/><F108/><W16/><G16/><T9/><D9/><U25/><E95/><V10/><F107/><W89/><G89/><T134/><D134/><U68/><E68/><V86/><F106/><W41/><G41/><T121/><D121/><U65/><REACH who="1" step="1"/><E4/><REACH who="1" ten="164,131,553,142" step="2"/><V123/><F86/><W120/><G120/><T61/><D61/><U52/><E52/><V119/><F10/><W7/><G7/><T55/><D55/><U46/><E46/><AGARI ba="0,1" hai="20,21,22,44,46,47,116,118" m="51786,14377" machi="46" ten="40,7700,0" yaku="28,2,20,1" doraHai="26" who="3" fromWho="1" sc="164,0,131,-77,553,0,142,87" />
</Scene>
<Scene>
<INIT seed="7,1,0,2,1,46" ten="164,54,553,229" oya="3" hai0="62,68,36,101,47,119,122,60,103,131,19,104,55" hai1="40,83,10,43,2,34,37,41,30,63,134,124,51" hai2="64,97,22,127,93,74,5,126,6,102,33,0,105" hai3="135,44,71,96,132,27,61,26,88,86,92,108,67"/><W69/><G69/><T81/><D122/><U87/><E37/><V114/><F33/><W48/><G86/><T78/><D119/><U25/><E124/><V91/><F74/><W50/><G108/><T99/><D103/><U128/><E128/><V106/><F114/><W111/><G111/><T113/><D131/><U23/><E134/><N who="3" m="51242" /><G50/><T11/><D113/><U39/><E39/><V42/><F42/><AGARI ba="1,0" hai="26,27,42,44,48,61,67,71,88,92,96" m="51242" machi="42" ten="30,5800,0" yaku="20,1,52,1,54,1" doraHai="46" who="3" fromWho="2" sc="164,0,54,0,553,-61,229,61" />
</Scene>
<Scene>
<INIT seed="7,2,0,0,2,14" ten="164,54,492,290" oya="3" hai0="127,35,120,130,115,75,80,78,95,79,56,32,62" hai1="4,37,101,60,134,125,26,65,64,97,133,92,47" hai2="22,113,74,24,51,18,39,105,104,98,96,48,7" hai3="121,19,20,16,66,116,43,100,68,111,91,82,28"/><W99/><G43/><T88/><D120/><U110/><E110/><V1/><F74/><W69/><G68/><T86/><D130/><U84/><E125/><V36/><F113/><W40/><G69/><T42/><D127/><U67/><E4/><V87/><F87/><N who="3" m="50679" /><G40/><T118/><D115/><U94/><E37/><V33/><F36/><W0/><G0/><T63/><D118/><U76/><E47/><V31/><F39/><W81/><G66/><T27/><D42/><U9/><E9/><N who="2" m="2287" /><F51/><W117/><G81/><T126/><D126/><U114/><E114/><V70/><F48/><W53/><G53/><T54/><D63/><U135/><E26/><V5/><F5/><W131/><G121/><T128/><D128/><U13/><E13/><N who="2" m="9551" /><F70/><W59/><G111/><T93/><D35/><U29/><E29/><V122/><F122/><W46/><G59/><T90/><D32/><U17/><E60/><V21/><F21/><W34/><G46/><T103/><D27/><U57/><E57/><V85/><F85/><W50/><G50/><T71/><D71/><U123/><E123/><V10/><F10/><W109/><G34/><T2/><D2/><U112/><E112/><V55/><F55/><W102/><G109/><T25/><D54/><U49/><E49/><V132/><F132/><W38/><G131/><T45/><D45/><U11/><E76/><V15/><F15/><W83/><G38/><T107/><D56/><U73/><E73/><V129/><F129/><W23/><G116/><T6/><D62/><U58/><E58/><V30/><F33/><W52/><G117/><RYUUKYOKU ba="2,0" sc="164,0,54,0,492,0,290,0" owari="164,-24.0,54,-45.0,492,60.0,290,9.0" />
</Scene>
</mjloggm>