<mjloggm ver="2.3"><GO type="169" lobby="0"/><UN n0="%48%75%6E%74%65%72%5F%44" n1="%E6%B5%81%E5%A4%AA" n2="%6D%69%6E%6F%72%69%74%79" n3="%41%53%41%50%49%4E" dan="16,16,17,19" rate="2110.49,2033.38,2184.50,2281.32" sx="M,M,M,M"/><TAIKYOKU oya="0"/>

<Scene>
<INIT seed="0,0,0,5,2,23" ten="250,250,250,250" oya="0" hai0="28,4,102,69,54,60,25,79,19,88,116,72,124" hai1="77,120,55,101,118,17,15,89,14,41,51,125,21" hai2="10,73,119,110,106,26,94,0,122,27,65,16,100" hai3="59,112,80,98,97,31,105,66,135,82,67,126,36"/><T45/><BYE who="1" /><D116/><U24/><E24/><V58/><F122/><UN n1="%E6%B5%81%E5%A4%AA" /><W6/><G112/><T78/><D124/><U75/><E120/><V20/><F106/><W34/><G36/><T64/><D102/><U76/><E118/><V62/><F73/><W43/><G43/><T61/><D4/><U85/><E125/><V115/><F119/><W46/><G46/><T53/><D72/><U128/><E41/><V38/><F38/><W56/><G126/><T49/><D19/><U86/><E128/><V95/><F110/><W127/><G127/><T83/><D61/><U3/><E3/><V30/><F115/><W12/><G135/><T123/><D123/><U1/><E1/><V130/><F130/><W42/><G42/><T33/><REACH who="0" step="1"/><D54/><REACH who="0" ten="240,250,250,250" step="2"/><U133/><E101/><V114/><F114/><W5/><G6/><T74/><D74/><U70/><E75/><V87/><F100/><W92/><G5/><T22/><D22/><U109/><E55/><V9/><F0/><W84/><G34/><T131/><D131/><U50/><E21/><N who="2" m="15727" /><F87/><AGARI ba="0,1" hai="25,28,33,45,49,53,60,64,69,78,79,83,87,88" machi="87" ten="40,7700,0" yaku="1,1,52,1,54,1,53,0" doraHai="23" doraHaiUra="32" who="0" fromWho="2" sc="240,87,250,0,250,-77,250,0" />
</Scene>
<Scene>
<INIT seed="0,1,0,4,2,46" ten="327,250,173,250" oya="0" hai0="90,110,26,27,61,116,72,56,2,66,84,0,119" hai1="5,117,36,103,60,24,31,129,133,104,125,8,49" hai2="43,42,130,11,16,57,38,1,3,100,112,76,87" hai3="29,98,96,30,81,70,65,14,44,19,99,114,35"/><T17/><D72/><U105/><E117/><V21/><F112/><W92/><G114/><T64/><D64/><U58/><E36/><V132/><F130/><W123/><G123/><T6/><D116/><U111/><E129/><V10/><F132/><W83/><G92/><T25/><D119/><U124/><E111/><V52/><F100/><W77/><G35/><T120/><D120/><U88/><E133/><V62/><F38/><W89/><G89/><T59/><D110/><U7/><E7/><V121/><F121/><W126/><G126/><N who="1" m="48746" /><E103/><V51/><F1/><W122/><G122/><T67/><D6/><U74/><E74/><V82/><F3/><W78/><G65/><T102/><D102/><U20/><E60/><V23/><F23/><W37/><G70/><T71/><D17/><U113/><E113/><V95/><F95/><W28/><G44/><T55/><D67/><U9/><E9/><N who="2" m="3083" /><F62/><W63/><G63/><T97/><D97/><U12/><E105/><V94/><F94/><W109/><G37/><T127/><D127/><U128/><E104/><V85/><F85/><W33/><G33/><T40/><D40/><U13/><E128/><V48/><F48/><W32/><G32/><T86/><D71/><U73/><E73/><V34/><F34/><W39/><G39/><T131/><D131/><U106/><E106/><V54/><F54/><W69/><G69/><T15/><D15/><AGARI ba="1,0" hai="15,16,21,42,43,51,52,57,76,82,87" m="3083" machi="15" ten="30,7700,0" yaku="8,1,52,1,54,2" doraHai="46" who="2" fromWho="0" sc="327,-80,250,0,173,80,250,0" />
</Scene>
<Scene>
<INIT seed="1,0,0,1,5,79" ten="247,250,253,250" oya="1" hai0="1,50,86,38,7,69,60,134,4,130,42,55,93" hai1="20,18,67,118,33,5,25,85,128,123,64,97,32" hai2="91,109,82,3,49,73,77,23,10,2,36,75,83" hai3="124,131,95,94,47,105,46,56,102,12,88,68,24"/><U129/><E123/><V16/><F36/><W14/><G68/><T92/><D134/><U89/><E118/><V62/><F109/><W100/><G131/><N who="1" m="50250" /><E97/><V57/><F49/><W80/><G124/><T90/><D130/><U76/><E76/><V96/><F10/><W37/><G105/><T120/><D120/><U45/><E5/><V35/><F35/><N who="1" m="13385" /><E45/><V107/><F107/><W27/><G56/><T31/><D31/><U117/><E117/><V133/><F133/><W104/><G104/><T58/><D1/><U98/><E98/><V0/><F96/><W65/><G37/><T71/><D71/><U103/><E103/><V39/><F39/><W106/><G106/><T111/><D111/><U8/><E8/><V63/><F91/><W121/><G121/><T41/><D93/><AGARI ba="0,0" hai="18,20,25,64,67,85,89,93" m="13385,50250" machi="93" ten="30,1500,0" yaku="19,1" doraHai="79" who="1" fromWho="0" sc="247,-15,250,15,253,0,250,0" />
</Scene>
<Scene>
<INIT seed="1,1,0,4,0,56" ten="232,265,253,250" oya="1" hai0="53,63,133,109,82,4,95,97,34,16,38,124,93" hai1="115,114,36,70,81,102,131,22,32,65,5,100,11" hai2="30,116,99,94,35,86,92,13,111,20,1,55,104" hai3="41,28,76,98,121,112,106,87,14,8,130,72,68"/><U0/><E32/><V24/><F111/><W77/><G112/><T6/><D109/><U74/><E36/><V17/><F116/><W105/><G121/><T69/><D38/><U75/><E131/><V125/><F125/><W39/><G72/><T88/><D124/><U21/><E70/><V128/><F128/><W52/><G130/><T18/><D34/><U23/><E65/><V46/><F1/><W79/><G68/><T60/><D133/><U59/><E59/><V54/><F104/><W19/><G28/><T42/><D42/><U134/><E134/><V90/><REACH who="2" step="1"/><F46/><REACH who="2" ten="232,265,243,250" step="2"/><W57/><G106/><T50/><D69/><U37/><E115/><V10/><F10/><W78/><G105/><T118/><D118/><U107/><E107/><V48/><F48/><W7/><G39/><T58/><D82/><U12/><E37/><V120/><F120/><W117/><G117/><T27/><D95/><U26/><E0/><V122/><F122/><W51/><G51/><T45/><D63/><U49/><E49/><V119/><F119/><W85/><G8/><T67/><D27/><U25/><E81/><V113/><F113/><W101/><G14/><T44/><D44/><U103/><E114/><V43/><F43/><W108/><G41/><T62/><D62/><U73/><AGARI ba="1,1" hai="5,11,12,21,22,23,25,26,73,74,75,100,102,103" machi="73" ten="40,7800,0" yaku="0,1,29,2" doraHai="56" who="1" fromWho="1" sc="232,-27,265,91,243,-27,250,-27" />
</Scene>
<Scene>
<INIT seed="1,2,0,5,3,44" ten="205,356,216,223" oya="1" hai0="132,75,13,92,86,58,2,77,120,7,53,84,62" hai1="28,114,41,85,94,125,17,117,42,133,71,29,78" hai2="33,87,112,83,103,93,56,12,32,121,23,80,134" hai3="14,18,24,30,108,63,9,67,34,104,51,116,16"/><U79/><E71/><V49/><F121/><W43/><G108/><T3/><D120/><U57/><E114/><V54/><F134/><W50/><G104/><T45/><D132/><U47/><E133/><V0/><F0/><W25/><G43/><T55/><D75/><U130/><E42/><V135/><F135/><W5/><G116/><T20/><D3/><U31/><E130/><V4/><F112/><W81/><G81/><T11/><D77/><U40/><E40/><V70/><F70/><W111/><G111/><T91/><D2/><U19/><E125/><V22/><F33/><W101/><G101/><T105/><D105/><U69/><E69/><V64/><F64/><W126/><G126/><T115/><D115/><U52/><E117/><V39/><F39/><W131/><G131/><T95/><D20/><U106/><E106/><V72/><F32/><W129/><G129/><T74/><D74/><U48/><E94/><N who="0" m="35881" /><D91/><U97/><E97/><V110/><F72/><W59/><REACH who="3" step="1"/><G5/><REACH who="3" ten="205,356,216,213" step="2"/><T128/><D128/><U82/><REACH who="1" step="1"/><E79/><REACH who="1" ten="205,346,216,213" step="2"/><N who="2" m="46495" /><F110/><W113/><G113/><T21/><D21/><AGARI ba="2,2" hai="9,14,16,18,21,24,25,30,34,50,51,59,63,67" machi="21" ten="40,8000,1" yaku="1,1,52,2,54,1,53,0" doraHai="44" doraHaiUra="35" who="3" fromWho="0" sc="205,-86,346,0,216,0,213,106" />
</Scene>
<Scene>
<INIT seed="2,0,0,4,5,114" ten="119,346,216,319" oya="2" hai0="116,73,132,118,124,57,3,1,120,115,71,90,17" hai1="15,105,126,127,29,2,35,18,134,21,9,81,69" hai2="80,62,103,34,28,5,45,32,54,27,0,50,74" hai3="84,49,122,47,7,40,107,16,96,91,31,4,52"/><V39/><F39/><W82/><G122/><T26/><D115/><U37/><E105/><V125/><F125/><N who="1" m="47625" /><E69/><V101/><F62/><W8/><G31/><T102/><D124/><U99/><E99/><V94/><F34/><W22/><G107/><T119/><D120/><U19/><E37/><V61/><F61/><W30/><G96/><T129/><D71/><U113/><E81/><V60/><F60/><W100/><G100/><T85/><D73/><U23/><E113/><V13/><F0/><W97/><G97/><T53/><D132/><U111/><E134/><V133/><F133/><W65/><G65/><T41/><D41/><U123/><E123/><V87/><F74/><W67/><G67/><T44/><D44/><U98/><E98/><V48/><F94/><W128/><G128/><T104/><D129/><U86/><E86/><V92/><F92/><W66/><G66/><T68/><D68/><U51/><E51/><V12/><F50/><W10/><G30/><T108/><D108/><U70/><E70/><V83/><F83/><W46/><G46/><T77/><D102/><U6/><E111/><V117/><F117/><W25/><G40/><T58/><D104/><U24/><E19/><V64/><F64/><W78/><G78/><T72/><D77/><U38/><E38/><V79/><REACH who="2" step="1"/><F12/><REACH who="2" ten="119,346,206,319" step="2"/><W121/><G121/><T14/><D72/><U109/><E109/><V112/><F112/><W33/><G49/><T106/><D119/><U11/><AGARI ba="0,1" hai="2,6,9,11,15,18,21,23,24,29,35" m="47625" machi="11" ten="30,4000,0" yaku="18,1,34,2" doraHai="114" who="1" fromWho="1" sc="119,-10,346,50,206,-20,319,-10" />
</Scene>
<Scene>
<INIT seed="3,0,0,1,0,107" ten="109,396,186,309" oya="3" hai0="5,134,110,91,69,95,114,130,62,46,40,105,35" hai1="71,118,21,38,73,67,109,48,98,131,56,74,55" hai2="112,89,121,11,96,63,24,41,106,52,51,8,129" hai3="26,102,124,60,18,76,127,4,64,81,37,32,61"/><W128/><G37/><T132/><D105/><U17/><E38/><V19/><F112/><W120/><G120/><T57/><D114/><U45/><E109/><V122/><F129/><W14/><G128/><T84/><D130/><U78/><E131/><V58/><F121/><W0/><G102/><T66/><D110/><U82/><E118/><V80/><F122/><W68/><G61/><T65/><D35/><U85/><E71/><V36/><F36/><W10/><G14/><T20/><D5/><U49/><E98/><V39/><F39/><W30/><REACH who="3" step="1"/><G18/><REACH who="3" ten="109,396,186,299" step="2"/><T33/><D62/><U99/><E67/><V28/><F63/><W3/><G3/><T12/><D65/><U25/><REACH who="1" step="1"/><E99/><REACH who="1" ten="109,386,186,299" step="2"/><V9/><F96/><W119/><G119/><T27/><D66/><U34/><E34/><V16/><F106/><W83/><G83/><T123/><D33/><U92/><E92/><V117/><F117/><W111/><G111/><T7/><D95/><U104/><E104/><V86/><REACH who="2" step="1"/><F41/><AGARI ba="0,2" hai="17,21,25,41,45,48,49,55,56,73,74,78,82,85" machi="41" ten="30,8000,1" yaku="1,1,7,1,52,2,53,1" doraHai="107" doraHaiUra="50" who="1" fromWho="2" sc="109,0,386,100,186,-80,299,0" />
</Scene>
<Scene>
<INIT seed="4,0,0,3,2,24" ten="109,486,106,299" oya="0" hai0="47,111,37,46,44,72,120,64,125,77,29,65,23" hai1="101,53,116,132,100,2,7,34,17,94,1,54,84" hai2="20,87,126,61,114,26,108,117,115,102,8,85,96" hai3="16,124,40,69,118,107,105,57,88,42,128,5,71"/><T86/><D120/><U41/><E116/><V18/><F108/><W51/><G118/><T68/><D72/><U89/><E132/><V80/><F117/><W75/><G75/><T133/><D133/><U19/><E41/><V93/><F126/><W112/><G124/><T9/><D125/><U3/><E34/><V104/><F61/><W66/><G5/><T121/><D121/><U122/><E122/><V4/><F104/><W60/><G112/><N who="2" m="43049" /><F80/><W38/><G128/><T70/><D111/><U83/><E7/><V22/><F22/><W130/><G130/><T15/><D37/><U92/><E83/><V43/><F43/><W131/><G131/><T12/><D70/><U123/><E123/><V11/><F11/><W35/><G35/><T127/><D127/><U95/><E84/><V21/><F21/><W14/><G40/><T39/><D39/><U97/><E89/><V98/><F98/><W74/><G74/><T79/><D68/><U33/><E97/><V110/><F110/><W25/><G69/><T78/><D86/><U109/><E33/><V45/><F45/><W106/><G38/><T30/><D23/><U129/><E129/><V28/><F18/><N who="1" m="6665" /><E109/><V73/><F73/><W0/><G71/><T56/><D56/><U49/><E49/><V135/><F135/><W58/><G51/><T36/><D36/><U63/><E63/><V82/><F82/><W31/><G60/><T81/><D81/><U103/><AGARI ba="0,0" hai="1,2,3,53,54,92,94,95,100,101,103" m="6665" machi="103" ten="40,8000,1" yaku="29,2,28,2" doraHai="24" who="1" fromWho="1" sc="109,-40,486,80,106,-20,299,-20" />
</Scene>
<Scene>
<INIT seed="5,0,0,5,3,4" ten="69,566,86,279" oya="1" hai0="117,18,3,49,32,102,87,20,29,133,37,5,38" hai1="57,16,90,103,30,41,71,94,11,77,112,82,12" hai2="78,113,96,127,101,14,27,45,61,66,13,74,110" hai3="105,56,42,83,125,132,67,24,55,43,95,69,2"/><U6/><E71/><V126/><F110/><W64/><G105/><T50/><D117/><U31/><E112/><V53/><F113/><W19/><G2/><T21/><D102/><U28/><E41/><V34/><F78/><W120/><G120/><T15/><D21/><U63/><E103/><V44/><F74/><W100/><G132/><T81/><D133/><U135/><E135/><V111/><F111/><W118/><G118/><T106/><D106/><U91/><E6/><V1/><F1/><W65/><G125/><T60/><D60/><U76/><E82/><V47/><F53/><W51/><G69/><T7/><D7/><U119/><E119/><V33/><F33/><W79/><G24/><N who="0" m="18471" /><D38/><U123/><E123/><V52/><F52/><W58/><G58/><T75/><D75/><U72/><E72/><V25/><F14/><W124/><G124/><N who="2" m="47657" /><F13/><W73/><G73/><T99/><D37/><U59/><E59/><N who="2" m="37183" /><F34/><W115/><G115/><T121/><D121/><U68/><E68/><V108/><F108/><W85/><G43/><T134/><D134/><U97/><E91/><V39/><F39/><W0/><G42/><T62/><D62/><U48/><E48/><V92/><AGARI ba="0,0" hai="25,27,44,45,47,92,96,101" m="37183,47657" machi="92" ten="30,1100,0" yaku="18,1" doraHai="4" who="2" fromWho="2" sc="69,-3,566,-5,86,11,279,-3" />
</Scene>
<Scene>
<INIT seed="6,0,0,4,3,99" ten="66,561,97,276" oya="2" hai0="104,66,52,103,46,41,118,27,75,123,59,108,122" hai1="72,100,21,101,4,71,18,16,48,119,130,35,30" hai2="1,117,92,131,43,121,76,79,37,29,106,62,64" hai3="93,12,19,45,58,109,11,20,120,5,61,81,97"/><V33/><F106/><W6/><G109/><T56/><D108/><U7/><E119/><V80/><F117/><W110/><G110/><T96/><D118/><U50/><E72/><V13/><F121/><W91/><G120/><T17/><D75/><U60/><E35/><V83/><F1/><W0/><G0/><T39/><D66/><U8/><E30/><V14/><F131/><W65/><G45/><T128/><D128/><U3/><E130/><V55/><F55/><W51/><G51/><T132/><D132/><U112/><E7/><N who="3" m="2570" /><G81/><T25/><D59/><U22/><E22/><AGARI ba="0,0" hai="11,12,19,20,22,58,61,65,91,93,97" m="2570" machi="22" ten="30,1000,0" yaku="8,1" doraHai="99" who="3" fromWho="1" sc="66,0,561,-10,97,0,276,10" />
</Scene>
<Scene>
<INIT seed="7,0,0,4,4,95" ten="66,551,97,286" oya="3" hai0="29,101,79,21,37,86,88,70,127,23,45,57,121" hai1="91,7,83,122,20,34,96,5,124,3,112,4,39" hai2="27,66,113,118,132,58,77,43,69,71,24,36,73" hai3="98,47,109,133,62,19,102,26,123,67,119,81,61"/><W78/><G119/><T129/><D121/><U44/><E122/><V2/><F118/><W49/><G123/><T55/><D70/><U65/><E34/><V14/><F2/><W106/><G133/><T94/><D127/><U104/><E3/><V51/><F132/><W134/><G134/><T74/><D129/><U1/><E1/><V56/><F113/><W52/><G109/><T46/><D101/><U15/><E65/><V114/><F114/><W25/><G19/><T99/><D74/><U87/><E124/><V63/><F77/><W97/><G97/><T13/><D37/><U11/><E20/><N who="0" m="7753" /><D29/><U93/><E104/><V8/><F73/><W30/><G30/><T76/><D13/><U117/><E117/><V103/><F103/><W31/><G31/><T126/><D126/><U59/><E112/><V125/><F125/><W92/><G106/><T120/><D120/><U84/><E84/><V54/><F69/><W42/><G42/><T33/><D33/><U116/><E59/><V10/><F56/><W100/><G100/><N who="0" m="60535" /><D76/><U85/><E85/><V32/><F32/><W130/><G130/><T48/><D79/><U22/><E22/><V72/><F72/><W107/><G107/><T17/><D17/><U128/><E128/><V64/><F10/><W108/><G108/><T89/><D89/><U18/><E39/><V16/><F64/><W41/><G41/><T115/><D115/><U131/><E131/><V82/><F43/><W40/><G40/><T53/><D53/><U111/><E116/><V28/><F36/><W75/><G67/><T110/><D110/><RYUUKYOKU ba="0,0" sc="66,15,551,-15,97,-15,286,15" hai0="45,46,48,55,57,86,88" hai3="25,26,47,49,52,61,62,75,78,81,92,98,102" />
</Scene>
<Scene>
<INIT seed="7,1,0,2,0,8" ten="81,536,82,301" oya="3" hai0="130,6,85,99,79,2,41,66,93,126,101,83,18" hai1="123,87,37,116,122,104,112,64,90,62,98,91,17" hai2="40,113,131,50,58,134,100,74,115,14,75,95,21" hai3="32,73,127,92,44,55,19,15,129,67,25,69,111"/><W68/><G73/><T77/><D66/><U106/><E37/><V0/><F0/><W22/><G129/><T60/><D60/><U7/><E7/><V135/><F131/><W29/><G127/><T81/><D130/><U72/><E72/><N who="2" m="27691" /><F95/><W117/><G117/><T4/><D126/><U94/><E112/><N who="2" m="43083" /><F100/><W59/><G111/><T84/><D2/><U70/><E17/><N who="2" m="10423" /><F58/><W24/><G24/><T105/><D41/><U102/><E62/><V65/><F65/><W57/><G57/><T48/><D48/><U13/><E64/><V133/><F133/><W27/><G27/><T42/><D42/><U36/><E91/><V45/><AGARI ba="1,0" hai="40,45,50,134,135" m="10423,43083,27691" machi="45" ten="40,2700,0" yaku="15,1,52,1" doraHai="8" who="2" fromWho="2" sc="81,-8,536,-8,82,30,301,-14" owari="73,-43.0,528,63.0,112,-29.0,287,9.0" />
</Scene>
</mjloggm>