<mjloggm ver="2.3"><GO type="169"/><UN n0="%7A%6B%75%72%74" n1="%E5%8F%A4%E6%B8%85%E6%B0%B4%E5%87%9B" n2="%E3%81%B1%E3%83%BC%E3%81%8D%E3%82%93%E3%81%99" n3="%41%53%41%50%49%4E" dan="17,17,16,18" rate="2182,2123,2029,2234" sx="M,F,M,M"/><TAIKYOKU oya="0"/>

<Scene>
<INIT seed="0,0,0,3,0,0" ten="250,250,250,250" oya="0" hai0="74,4,131,107,44,10,41,126,1,29,71,112,82" hai1="98,106,109,83,122,37,119,32,62,104,21,134,9" hai2="23,113,130,93,42,99,87,67,92,123,89,78,132" hai3="80,25,103,69,127,125,14,2,133,86,15,124,95"/><T46/><D112/><U17/><E32/><V77/><F123/><W114/><G114/><T58/><D71/><U81/><E37/><V90/><F113/><W43/><G69/><T50/><D107/><U88/><E134/><V51/><F67/><W26/><G133/><T22/><D131/><U64/><E122/><V52/><F132/><W20/><G2/><T6/><D126/><U101/><E119/><V27/><F42/><W76/><G43/><T108/><D108/><U94/><E106/><V61/><F130/><W111/><G111/><T24/><D6/><U28/><E28/><V115/><F115/><W116/><G116/><T70/><D70/><U68/><E9/><V117/><F117/><W38/><G38/><T121/><D121/><U13/><REACH who="1" step="1"/><E109/><REACH who="1" ten="250,240,250,250" step="2"/><V47/><REACH who="2" step="1"/><F61/><REACH who="2" ten="250,240,240,250" step="2"/><W18/><G124/><T129/><D129/><U84/><AGARI ba="0,2" hai="13,17,21,62,64,68,81,83,84,88,94,98,101,104" machi="84" ten="20,8000,1" yaku="1,1,2,1,0,1,7,1,54,1,53,0" doraHai="0" doraHaiUra="53" who="1" fromWho="1" sc="250,-40,240,100,240,-20,250,-20" />
</Scene>
<Scene>
<INIT seed="1,0,0,4,5,43" ten="210,340,220,230" oya="1" hai0="75,85,109,59,30,57,121,107,6,90,18,34,68" hai1="21,1,56,124,62,58,15,70,118,108,19,2,123" hai2="79,26,105,51,8,106,9,88,60,64,82,3,112" hai3="113,87,22,31,91,116,44,80,77,130,119,78,67"/><U35/><E118/><N who="3" m="45098" /><G113/><T11/><D68/><U13/><E123/><V16/><F112/><W94/><G130/><T81/><D107/><U29/><E70/><V86/><F51/><W120/><G120/><T97/><D121/><U27/><E58/><V114/><F114/><W54/><G67/><T17/><D109/><U5/><E56/><V103/><F103/><W28/><G22/><T74/><D97/><U126/><E62/><V39/><F39/><W135/><G135/><T23/><D18/><U98/><E98/><V36/><F36/><W47/><G77/><T133/><D133/><U48/><E48/><V55/><F55/><W89/><G54/><T0/><D75/><U127/><E108/><V125/><F79/><W20/><G91/><T66/><D74/><U117/><E117/><V40/><F40/><W129/><G129/><T84/><D66/><U33/><E33/><V7/><F125/><W65/><G65/><T115/><D85/><U83/><E83/><V132/><F132/><W69/><G69/><T38/><D38/><U10/><AGARI ba="0,0" hai="1,2,5,10,13,15,19,21,27,29,35,124,126,127" machi="10" ten="40,12000,1" yaku="0,1,18,1,34,3" doraHai="43" who="1" fromWho="1" sc="210,-40,340,120,220,-40,230,-40" />
</Scene>
<Scene>
<INIT seed="1,1,0,4,5,108" ten="170,460,180,190" oya="1" hai0="109,10,62,56,46,49,135,37,67,128,100,30,79" hai1="122,41,133,73,82,50,95,22,38,93,35,18,32" hai2="83,86,34,68,29,53,87,96,97,105,47,54,28" hai3="85,120,19,45,5,4,131,26,129,17,65,81,20"/><U27/><E38/><V132/><F68/><W77/><G120/><T72/><D109/><U7/><E122/><V43/><F132/><W71/><G65/><T84/><D72/><U15/><E133/><V99/><F105/><W44/><G71/><T59/><D135/><U92/><E73/><V25/><F29/><W75/><G75/><T78/><D128/><N who="3" m="49225" /><G19/><T74/><D74/><U107/><E107/><V121/><F121/><W13/><G13/><T89/><D37/><U3/><E82/><V126/><F126/><W114/><G114/><T48/><D100/><U115/><E115/><V66/><F66/><W119/><G119/><T42/><D30/><U101/><E101/><V64/><F64/><W76/><G76/><T94/><REACH who="0" step="1"/><D10/><REACH who="0" ten="160,460,180,190" step="2"/><U102/><E102/><V52/><REACH who="2" step="1"/><F83/><REACH who="2" ten="160,460,170,190" step="2"/><W33/><G81/><T23/><D23/><U14/><E22/><V88/><F88/><W116/><G20/><T21/><D21/><U31/><E32/><V1/><F1/><W69/><G33/><T110/><D110/><U90/><E90/><V12/><F12/><W98/><G77/><T0/><D0/><U104/><E3/><V125/><F125/><W70/><G69/><T124/><D124/><U117/><E31/><V51/><AGARI ba="1,2" hai="25,28,34,43,47,51,52,53,54,86,87,96,97,99" machi="51" ten="30,4000,0" yaku="1,1,0,1,54,1,53,0" doraHai="108" doraHaiUra="91" who="2" fromWho="2" sc="160,-11,460,-21,170,63,190,-11" />
</Scene>
<Scene>
<INIT seed="2,0,0,2,0,82" ten="149,439,233,179" oya="2" hai0="46,39,79,10,125,97,111,91,80,15,127,109,56" hai1="104,112,75,45,9,7,134,63,31,54,62,113,28" hai2="20,12,123,32,81,36,29,106,60,93,90,22,57" hai3="17,110,67,1,102,122,18,73,86,16,2,69,49"/><V92/><F106/><W129/><G122/><T52/><D39/><U58/><E75/><V3/><F3/><W24/><G73/><T116/><D116/><U126/><E104/><V23/><F36/><W89/><G110/><N who="0" m="41995" /><D46/><U64/><E126/><N who="0" m="48137" /><D97/><U76/><E76/><V95/><F123/><W40/><G129/><T100/><D100/><U128/><E128/><V87/><F32/><W5/><G102/><T115/><D91/><U70/><E134/><V85/><F29/><W53/><G40/><T6/><D115/><U33/><E45/><V0/><F0/><W131/><G131/><T19/><D6/><U11/><E7/><V77/><REACH who="2" step="1"/><F12/><REACH who="2" ten="149,439,223,179" step="2"/><W107/><G1/><T26/><D26/><N who="1" m="18583" /><E113/><V78/><F78/><W101/><G24/><T133/><D133/><U25/><E112/><V118/><F118/><W132/><G132/><T61/><D79/><U99/><E25/><V96/><F96/><W55/><G107/><T103/><D103/><U51/><E99/><V74/><F74/><W105/><G101/><T135/><D135/><U44/><E31/><V65/><AGARI ba="0,1" hai="20,22,23,57,60,65,77,81,85,87,90,92,93,95" machi="65" ten="30,18000,2" yaku="1,1,0,1,8,1,52,2,53,1" doraHai="82" doraHaiUra="72" who="2" fromWho="2" sc="149,-60,439,-60,223,190,179,-60" />
</Scene>
<Scene>
<INIT seed="2,1,0,0,0,122" ten="89,379,413,119" oya="2" hai0="17,81,106,63,19,101,38,53,117,130,28,74,97" hai1="42,18,109,79,68,64,56,89,67,123,43,115,95" hai2="77,99,104,98,72,8,103,133,39,60,112,113,22" hai3="127,16,45,29,107,44,70,92,76,119,36,75,52"/><V62/><F39/><W51/><G119/><T32/><D38/><U50/><E115/><V134/><F8/><W94/><G107/><T37/><D37/><U35/><E35/><V3/><F3/><W24/><G70/><T59/><D117/><U124/><E124/><V41/><F41/><W5/><G127/><T73/><D130/><U15/><E68/><V1/><F1/><W4/><G76/><T10/><D10/><U46/><E123/><V80/><F22/><N who="3" m="13383" /><G75/><T7/><D7/><N who="3" m="2633" /><G36/><T21/><D32/><U13/><E64/><V47/><F47/><N who="3" m="17995" /><G29/><T131/><D131/><U129/><E46/><AGARI ba="1,0" hai="46,51,52,92,94" m="17995,2633,13383" machi="46" ten="30,3900,0" yaku="8,1,54,2" doraHai="122" who="3" fromWho="1" sc="89,0,379,-42,413,0,119,42" />
</Scene>
<Scene>
<INIT seed="3,0,0,5,5,110" ten="89,337,413,161" oya="3" hai0="72,59,109,115,76,127,73,21,66,113,133,20,19" hai1="95,53,7,90,26,36,40,37,42,122,32,49,8" hai2="14,88,27,12,128,58,52,9,31,38,74,116,134" hai3="25,57,108,62,48,24,43,61,102,56,0,131,111"/><W112/><G0/><T97/><D109/><N who="3" m="42057" /><G102/><T60/><D133/><U117/><E122/><V45/><F116/><W64/><G25/><T4/><D127/><U47/><E117/><V119/><F119/><W16/><G131/><T87/><D4/><U34/><E37/><V83/><F134/><W67/><G24/><T130/><D130/><U44/><E53/><V120/><F120/><W132/><G132/><T11/><D11/><U92/><E26/><V63/><F128/><W28/><G28/><T2/><D2/><U89/><E95/><V125/><F125/><W17/><G112/><N who="0" m="43083" /><D97/><U104/><E90/><V84/><F74/><N who="0" m="28778" /><D19/><U39/><E49/><N who="2" m="28719" /><F38/><W30/><G30/><T77/><D87/><U3/><REACH who="1" step="1"/><E104/><REACH who="1" ten="89,327,413,161" step="2"/><V129/><F129/><W35/><G35/><T99/><D99/><AGARI ba="0,1" hai="3,7,8,32,34,36,39,40,42,44,47,89,92,99" machi="99" ten="30,7700,0" yaku="1,1,2,1,7,1,9,1,53,0" doraHai="110" doraHaiUra="118" who="1" fromWho="0" sc="89,-77,327,87,413,0,161,0" />
</Scene>
<Scene>
<INIT seed="4,0,0,2,4,23" ten="12,414,413,161" oya="0" hai0="95,14,123,93,54,81,13,117,98,124,31,29,12" hai1="112,85,0,52,115,61,22,100,5,71,47,10,106" hai2="3,21,110,77,88,83,90,70,69,58,60,120,17" hai3="39,113,131,126,2,125,26,19,48,42,127,128,80"/><T18/><D123/><U25/><E106/><V44/><F120/><W55/><G2/><T103/><D117/><U27/><E100/><V87/><F3/><W135/><G113/><N who="1" m="43594" /><E85/><V15/><F110/><W99/><G99/><T63/><D124/><U16/><E47/><V11/><F44/><N who="3" m="23647" /><G80/><T53/><D81/><U102/><E102/><V104/><F104/><W64/><G19/><T129/><D129/><N who="3" m="49737" /><G26/><T118/><D118/><U84/><E84/><V108/><F108/><W32/><G32/><T49/><D63/><U34/><E52/><N who="0" m="20073" /><D49/><U130/><E130/><V51/><F51/><W56/><G64/><T72/><D72/><U76/><E76/><V20/><F77/><W57/><G135/><T79/><D79/><U59/><E34/><V97/><F97/><W122/><G122/><T62/><D62/><U82/><E82/><V37/><F37/><W40/><G40/><T89/><D18/><U66/><E16/><V38/><F38/><W91/><G91/><T132/><D132/><U36/><E0/><V134/><F90/><W86/><G86/><AGARI ba="0,0" hai="12,13,14,29,31,86,89,93,95,98,103" m="20073" machi="86" ten="30,2900,0" yaku="8,1,54,1" doraHai="23" who="0" fromWho="3" sc="12,29,414,0,413,0,161,-29" />
</Scene>
<Scene>
<INIT seed="4,1,0,0,0,46" ten="41,414,413,132" oya="0" hai0="29,133,120,67,87,4,25,114,102,6,94,111,105" hai1="79,57,52,97,98,101,53,9,110,91,0,64,14" hai2="74,63,8,130,129,122,72,80,71,20,121,90,92" hai3="27,18,33,85,62,43,115,58,70,22,49,112,11"/><T42/><D120/><N who="2" m="46186" /><F8/><W83/><G70/><T51/><D111/><U116/><E110/><V23/><F63/><W16/><G33/><T88/><D133/><U77/><E0/><V78/><F71/><W93/><G93/><T28/><D114/><N who="3" m="43561" /><G11/><T76/><D67/><U124/><E116/><V7/><F7/><N who="0" m="2602" /><D105/><U108/><E108/><V107/><F107/><W34/><G34/><T31/><D102/><U10/><E124/><V96/><F23/><W134/><G134/><T61/><D61/><N who="1" m="37935" /><E10/><V59/><F59/><W32/><G32/><T82/><D25/><U119/><E119/><V65/><F20/><W69/><G69/><T127/><D127/><U66/><E66/><V86/><F65/><N who="3" m="39127" /><G22/><T109/><D109/><U5/><E101/><V37/><F37/><W104/><G104/><T38/><D38/><U30/><E30/><V128/><AGARI ba="1,0" hai="72,74,78,80,86,90,92,96,128,129,130" m="46186" machi="128" ten="40,5200,0" yaku="19,1,34,2" doraHai="46" who="2" fromWho="2" sc="41,-27,414,-14,413,55,132,-14" />
</Scene>
<Scene>
<INIT seed="5,0,0,2,5,30" ten="14,400,468,118" oya="1" hai0="80,95,38,7,52,129,3,15,41,124,29,122,108" hai1="63,31,66,11,94,22,126,46,70,53,65,90,128" hai2="91,106,89,72,6,42,37,111,132,17,75,93,74" hai3="24,39,58,134,105,109,27,14,125,77,48,20,43"/><U4/><E126/><V97/><F111/><W98/><G109/><T50/><D108/><U101/><E128/><V73/><F6/><W99/><G125/><T54/><D124/><U85/><E66/><V12/><F106/><W44/><G134/><T35/><D129/><U130/><E130/><V112/><F132/><W110/><G110/><T5/><D3/><U127/><E127/><V33/><F33/><W59/><G105/><T9/><D122/><U10/><E101/><V115/><F42/><W40/><G77/><T13/><D38/><U61/><E4/><V86/><F75/><W83/><G83/><T118/><D118/><U1/><E1/><V131/><F37/><W107/><G40/><T57/><D80/><U49/><E61/><V26/><F26/><N who="3" m="9771" /><G107/><T81/><D81/><U79/><E31/><V23/><REACH who="2" step="1"/><F131/><REACH who="2" ten="14,400,458,118" step="2"/><W121/><G43/><T113/><D41/><U84/><E79/><V82/><AGARI ba="0,1" hai="12,17,23,72,73,74,82,86,89,91,93,97,112,115" machi="82" ten="40,5200,0" yaku="1,1,2,1,0,1,53,0" doraHai="30" doraHaiUra="67" who="2" fromWho="2" sc="14,-13,400,-26,458,62,118,-13" />
</Scene>
<Scene>
<INIT seed="6,0,0,4,3,33" ten="1,374,520,105" oya="2" hai0="80,100,110,11,85,103,70,28,23,4,71,6,92" hai1="17,73,20,131,53,90,52,84,15,64,63,96,115" hai2="129,58,98,124,21,101,130,77,59,99,61,36,43" hai3="79,82,113,67,68,2,66,116,27,91,25,118,49"/><V60/><F124/><W48/><G2/><T134/><D110/><U74/><E131/><N who="2" m="50187" /><F77/><W8/><G113/><T56/><D134/><U109/><E115/><V44/><F21/><W18/><G91/><T7/><D71/><U107/><E109/><V0/><F0/><W32/><G32/><T105/><D105/><U51/><E107/><V37/><F37/><W10/><G82/><T112/><D70/><U122/><E96/><V119/><F119/><W54/><G68/><T16/><D112/><U102/><E102/><N who="0" m="38953" /><D92/><U9/><E122/><V19/><F19/><W128/><G128/><T39/><D39/><U26/><E64/><N who="2" m="38935" /><F101/><W12/><G116/><T86/><D56/><U117/><E117/><V41/><F41/><W78/><G118/><T3/><D3/><U45/><E63/><V120/><F120/><W123/><G123/><T55/><D55/><AGARI ba="0,0" hai="36,43,44,55,59,61,98,99" m="38935,50187" machi="55" ten="30,1500,0" yaku="19,1" doraHai="33" who="2" fromWho="0" sc="1,-15,374,0,520,15,105,0" owari="-14,-51.0,374,17.0,535,63.0,105,-29.0" />
</Scene>
</mjloggm>