<mjloggm ver="2.3"><GO type="169" lobby="0"/><UN n0="%61%68%68%68%68%68%68%61" n1="%41%53%41%50%49%4E" n2="%E4%BF%BA%E3%81%A4%E3%81%88%E3%81%88%E3%81%88%EF%BD%9E" n3="%E3%83%8A%E3%82%AC%E3%83%A4%E3%83%9E" dan="16,19,17,16" rate="2031.10,2252.28,2187.23,2088.73" sx="M,M,M,M"/><TAIKYOKU oya="0"/>

<Scene>
<INIT seed="0,0,0,3,4,47" ten="250,250,250,250" oya="0" hai0="53,101,6,50,26,134,1,0,55,123,133,85,102" hai1="49,125,131,17,45,120,59,13,21,67,96,105,29" hai2="24,44,108,127,54,19,113,12,73,76,81,89,38" hai3="66,93,60,87,63,106,92,118,5,23,35,119,51"/><T91/><D123/><U9/><E120/><V68/><F113/><W22/><G35/><T2/><D6/><U37/><E131/><V77/><F127/><W61/><G106/><T16/><D55/><U117/><E117/><V20/><F108/><W75/><G75/><T56/><D26/><U52/><E125/><V111/><F111/><W132/><G66/><T95/><REACH who="0" step="1"/><D16/><REACH who="0" ten="240,250,250,250" step="2"/><U43/><E17/><V33/><F54/><W97/><G5/><T48/><D48/><U65/><E49/><V25/><F24/><W8/><G51/><T83/><D83/><U115/><E52/><V72/><F25/><W28/><G118/><T98/><D98/><U11/><E96/><V40/><F81/><W71/><G97/><T69/><D69/><U122/><E122/><V107/><F68/><W58/><G71/><T32/><D32/><U14/><E115/><V82/><F33/><W109/><G119/><T64/><D64/><U112/><E65/><V100/><F19/><W79/><G109/><T135/><AGARI ba="0,1" hai="0,1,2,50,53,56,85,91,95,101,102,133,134,135" machi="135" ten="40,12000,1" yaku="1,1,0,1,20,1,52,1,53,0" doraHai="47" doraHaiUra="114" who="0" fromWho="0" sc="240,130,250,-40,250,-40,250,-40" />
</Scene>
<Scene>
<INIT seed="0,1,0,2,2,17" ten="370,210,210,210" oya="0" hai0="18,0,23,50,32,121,81,42,21,80,72,92,122" hai1="79,45,68,28,127,84,103,3,15,107,100,85,123" hai2="49,38,29,74,88,109,65,69,112,90,57,9,24" hai3="59,89,39,34,126,116,2,73,6,113,82,25,8"/><T67/><D32/><U104/><E123/><V61/><F112/><W134/><G113/><T86/><D0/><U47/><E3/><V132/><F74/><W56/><G116/><T70/><D72/><U52/><E68/><V93/><F38/><W111/><G111/><T48/><D67/><U14/><E79/><V13/><F109/><W60/><G126/><T66/><D66/><U63/><E28/><V102/><F132/><W26/><G134/><T33/><D33/><U7/><E7/><V94/><F49/><W12/><G39/><T44/><D50/><U55/><REACH who="1" step="1"/><E63/><REACH who="1" ten="370,200,210,210" step="2"/><V115/><F69/><W114/><G114/><T36/><D70/><U4/><E4/><V110/><F110/><W91/><G60/><T135/><D135/><U5/><E5/><V19/><F115/><W53/><G6/><T119/><D122/><U43/><E43/><V46/><F29/><W78/><G2/><T1/><D1/><U124/><AGARI ba="1,1" hai="14,15,45,47,52,55,84,85,100,103,104,107,124,127" machi="124" ten="25,12000,2" yaku="1,1,0,1,22,2,54,1,53,2" doraHai="17" doraHaiUra="51" who="1" fromWho="1" sc="370,-61,200,133,210,-31,210,-31" />
</Scene>
<Scene>
<INIT seed="1,0,0,1,1,126" ten="309,333,179,179" oya="1" hai0="116,76,97,7,69,19,42,70,52,39,17,2,125" hai1="56,124,114,89,30,6,128,96,63,113,132,83,118" hai2="85,46,95,1,65,29,94,28,35,43,91,68,99" hai3="64,121,101,14,3,59,103,54,27,127,53,15,79"/><U57/><E118/><V104/><F1/><W73/><G3/><T102/><D116/><U111/><E124/><V38/><F104/><W9/><G127/><T82/><D125/><U100/><E6/><V134/><F134/><W4/><G121/><T20/><D19/><U47/><E132/><V62/><REACH who="2" step="1"/><F35/><REACH who="2" ten="309,333,169,179" step="2"/><W135/><G135/><T45/><D2/><U23/><E114/><V90/><AGARI ba="0,1" hai="28,29,38,43,46,62,65,68,85,90,91,94,95,99" machi="90" ten="20,8000,1" yaku="1,1,2,1,0,1,7,1,53,1" doraHai="126" doraHaiUra="66" who="2" fromWho="2" sc="309,-20,333,-40,169,90,179,-20" />
</Scene>
<Scene>
<INIT seed="2,0,0,3,3,60" ten="289,293,259,159" oya="2" hai0="75,130,125,81,25,8,79,135,3,133,134,90,47" hai1="58,57,89,26,120,66,82,99,98,88,53,107,84" hai2="119,112,13,124,22,39,14,44,38,104,80,121,68" hai3="16,41,20,115,46,86,118,111,114,108,123,37,15"/><V74/><F119/><W9/><G86/><T69/><D125/><U110/><E110/><N who="3" m="42026" /><G118/><T106/><D106/><U48/><E120/><V128/><F121/><W91/><G123/><T28/><D130/><U77/><E26/><V52/><F104/><W73/><G73/><T1/><D90/><N who="1" m="34923" /><E107/><V31/><F112/><N who="3" m="43051" /><G91/><T18/><D47/><U0/><E0/><V76/><F124/><W55/><G55/><T64/><D18/><U36/><E36/><V61/><F128/><W97/><G97/><N who="1" m="36874" /><E57/><V93/><F93/><W102/><G102/><T132/><D8/><AGARI ba="0,0" hai="8,9,15,16,20,37,41,46" m="43051,42026" machi="8" ten="30,3900,0" yaku="14,1,11,1,54,1" doraHai="60" who="3" fromWho="0" sc="289,-39,293,0,259,0,159,39" />
</Scene>
<Scene>
<INIT seed="3,0,0,1,0,46" ten="250,293,259,198" oya="3" hai0="131,109,2,95,127,27,16,5,118,59,22,38,17" hai1="64,20,77,36,122,91,97,84,88,76,65,9,117" hai2="26,44,105,68,7,3,78,43,74,66,135,4,32" hai3="53,130,19,49,75,31,51,1,106,101,104,25,33"/><W69/><G75/><T93/><D38/><U111/><E122/><V100/><F135/><W83/><G1/><T54/><D118/><U107/><E117/><V96/><F7/><W52/><G69/><T120/><D120/><U42/><E111/><V116/><F116/><W63/><G83/><T58/><D109/><U108/><E108/><V18/><F18/><W45/><G63/><T28/><D127/><U48/><E36/><N who="2" m="21607" /><F78/><W115/><G115/><T61/><D131/><U94/><E9/><N who="2" m="2207" /><F74/><W134/><G134/><T0/><D0/><U92/><E107/><V132/><F132/><W14/><G101/><T85/><D2/><U86/><E97/><V129/><F129/><W55/><G130/><T123/><D5/><U23/><E42/><V21/><F21/><W87/><G87/><T73/><D73/><U35/><E35/><V30/><F66/><W90/><G90/><N who="0" m="53455" /><D123/><U82/><E82/><V57/><F57/><W50/><REACH who="3" step="1"/><G45/><REACH who="3" ten="250,293,259,188" step="2"/><T12/><D95/><U60/><E60/><V124/><F124/><W71/><G71/><AGARI ba="0,1" hai="26,30,32,68,71,96,100,105" m="2207,21607" machi="71" ten="30,2000,0" yaku="33,2" doraHai="46" who="2" fromWho="3" sc="250,0,293,0,259,30,188,-20" />
</Scene>
<Scene>
<INIT seed="4,0,0,3,4,61" ten="250,293,289,168" oya="0" hai0="21,114,122,121,4,118,38,43,44,7,62,129,35" hai1="51,124,22,68,2,86,17,132,97,60,16,49,36" hai2="131,79,42,123,92,85,52,53,64,69,127,100,65" hai3="3,105,15,31,77,70,14,87,120,40,12,28,117"/><T98/><D118/><U29/><E2/><V115/><F123/><W30/><G117/><T13/><D35/><U76/><E36/><V55/><F69/><W6/><G105/><T134/><D114/><U34/><E132/><V1/><F1/><W71/><G40/><T107/><D134/><U18/><E124/><V74/><F127/><W37/><G37/><T102/><D129/><U88/><E76/><V47/><F115/><W78/><G120/><T128/><D128/><U72/><E72/><V0/><F0/><W81/><REACH who="3" step="1"/><G78/><REACH who="3" ten="250,293,289,158" step="2"/><T8/><D122/><U80/><E34/><V66/><F131/><W108/><G108/><T130/><D130/><U45/><E22/><V109/><F109/><W20/><G20/><T112/><D121/><U50/><E45/><V9/><F9/><AGARI ba="0,1" hai="3,6,9,12,14,15,28,30,31,70,71,77,81,87" machi="9" ten="40,1300,0" yaku="1,1,53,0" doraHai="61" doraHaiUra="56" who="3" fromWho="2" sc="250,0,293,0,289,-13,158,23" />
</Scene>
<Scene>
<INIT seed="5,0,0,2,3,54" ten="250,293,276,181" oya="1" hai0="106,43,61,88,56,53,18,32,131,9,94,39,102" hai1="15,69,27,96,125,75,48,81,51,129,34,5,128" hai2="97,120,107,76,132,14,105,67,46,66,134,121,114" hai3="99,119,111,59,65,135,22,49,20,83,1,36,122"/><U45/><E69/><V8/><F76/><W116/><G122/><N who="2" m="47209" /><F46/><W78/><G111/><T33/><D131/><N who="1" m="50251" /><E125/><V31/><F31/><W109/><G109/><T23/><D9/><N who="1" m="4527" /><E96/><V42/><F42/><W0/><G99/><T85/><D102/><U17/><E45/><V74/><F74/><W104/><G104/><N who="2" m="40009" /><F97/><W63/><G116/><T55/><D106/><U68/><E68/><V108/><F108/><W4/><G119/><T30/><D30/><N who="1" m="19807" /><E17/><V11/><F114/><W84/><G4/><T52/><D43/><U21/><E21/><V95/><F95/><W86/><G22/><T24/><D39/><U98/><E98/><V26/><F26/><W127/><G36/><T123/><D123/><U44/><E44/><V72/><F72/><W130/><G20/><T115/><D115/><U80/><E80/><V13/><F8/><W117/><G117/><T91/><D91/><U133/><E81/><V47/><F47/><W37/><G37/><T87/><D87/><U118/><E75/><V38/><F38/><W71/><G130/><T93/><D93/><U89/><E89/><V6/><F14/><W112/><G127/><T40/><D40/><U41/><E41/><V103/><F103/><W82/><G112/><T50/><D55/><U92/><E92/><V28/><F28/><W113/><G113/><T58/><AGARI ba="0,0" hai="18,23,24,32,33,50,52,53,56,58,61,85,88,94" machi="58" ten="20,12000,2" yaku="0,1,7,1,52,2,54,2" doraHai="54" who="0" fromWho="0" sc="250,120,293,-60,276,-30,181,-30" />
</Scene>
<Scene>
<INIT seed="6,0,0,5,4,33" ten="370,233,246,151" oya="2" hai0="49,135,65,36,45,86,52,83,102,9,96,82,126" hai1="0,23,56,28,14,34,7,8,31,131,4,37,110" hai2="81,32,61,109,117,125,66,27,67,16,64,114,43" hai3="95,74,22,51,17,108,130,113,47,15,101,98,91"/><V92/><F117/><W70/><G108/><T5/><D126/><U123/><E37/><V44/><F109/><W129/><G70/><T73/><D135/><U128/><E110/><V48/><F125/><W25/><G74/><T21/><D65/><U80/><E80/><V18/><F114/><W116/><G116/><T97/><D36/><U54/><E123/><V72/><F61/><W63/><G113/><T57/><D21/><U75/><E75/><V105/><F105/><W46/><G129/><N who="1" m="49738" /><E34/><V20/><F92/><W111/><G111/><T133/><D133/><U69/><E69/><V60/><F60/><W88/><G130/><T1/><D73/><U121/><E121/><V76/><REACH who="2" step="1"/><F32/><REACH who="2" ten="370,233,236,151" step="2"/><W13/><G63/><T59/><D83/><U11/><E23/><V118/><F118/><W84/><G91/><T87/><D82/><U103/><E103/><V99/><F99/><W100/><G100/><T55/><D97/><U68/><E68/><V40/><F40/><W90/><G90/><T115/><D96/><U41/><E41/><V50/><F50/><AGARI ba="0,1" hai="0,4,7,8,11,14,28,31,50,54,56" m="49738" machi="50" ten="30,2000,0" yaku="19,1,52,1" doraHai="33" who="1" fromWho="2" sc="370,0,233,30,236,-20,151,0" />
</Scene>
<Scene>
<INIT seed="7,0,0,2,1,73" ten="370,263,216,151" oya="3" hai0="50,21,7,66,61,76,45,71,67,123,23,63,87" hai1="25,86,1,65,88,54,22,52,24,129,35,101,122" hai2="51,111,62,127,104,3,6,83,82,9,13,100,84" hai3="26,31,18,85,90,96,69,33,44,102,19,93,80"/><W108/><G108/><T74/><D74/><U59/><E122/><V81/><F111/><W126/><G126/><T38/><D38/><U118/><E1/><V106/><F127/><W75/><G69/><T28/><D7/><U133/><E129/><V99/><F104/><W27/><G44/><T8/><D8/><U16/><E133/><V14/><F62/><W40/><G40/><T29/><D23/><N who="1" m="13415" /><E35/><V134/><F134/><W112/><G112/><T37/><D37/><U15/><E118/><V128/><F128/><W113/><G113/><T116/><D21/><U119/><E119/><V110/><F110/><W2/><G2/><T121/><D116/><U135/><E135/><V53/><REACH who="2" step="1"/><F84/><REACH who="2" ten="370,263,206,151" step="2"/><W20/><G75/><T56/><D87/><U43/><E43/><V131/><F131/><W30/><AGARI ba="0,1" hai="18,19,20,26,27,30,31,33,80,85,90,93,96,102" machi="30" ten="20,2100,0" yaku="0,1,7,1" doraHai="73" who="3" fromWho="3" sc="370,-7,263,-7,206,-7,151,31" />
</Scene>
<Scene>
<INIT seed="7,1,0,0,3,23" ten="363,256,199,182" oya="3" hai0="89,57,19,25,133,4,85,97,39,111,30,9,125" hai1="22,17,95,92,118,33,18,101,117,27,98,104,7" hai2="16,46,56,8,13,24,3,26,74,83,76,122,99" hai3="70,45,119,73,106,107,68,112,115,61,1,132,20"/><W121/><G119/><N who="1" m="45578" /><E33/><V42/><F122/><W65/><G121/><T124/><D39/><U14/><E7/><N who="2" m="1151" /><F56/><W29/><G1/><T102/><D111/><U49/><E49/><V43/><F43/><W110/><G110/><T84/><D57/><U21/><AGARI ba="1,0" hai="14,17,18,21,22,27,92,95,98,101,104" m="45578" machi="21" ten="30,2000,0" yaku="12,1,52,1" doraHai="23" who="1" fromWho="1" sc="363,-6,256,23,199,-6,182,-11" owari="357,46.0,279,8.0,193,-21.0,171,-33.0" />
</Scene>
</mjloggm>