<mjloggm ver="2.3"><GO type="169" lobby="0"/><UN n0="%E3%81%AD%E3%81%98%E3%81%BE%E3%81%8D%E9%B3%A5%E2%88%AE" n1="%41%53%41%50%49%4E" n2="%6D%61%63%6A%72" n3="%7A%6B%75%72%74" dan="16,19,16,17" rate="2049.50,2332.05,2101.81,2163.06" sx="M,M,M,M"/><TAIKYOKU oya="0"/>

<Scene>
<INIT seed="0,0,0,1,0,93" ten="250,250,250,250" oya="0" hai0="85,5,106,77,68,75,114,30,82,64,2,95,0" hai1="57,107,71,42,25,58,40,105,20,121,133,117,23" hai2="69,119,73,126,123,10,129,63,101,7,66,92,36" hai3="38,91,84,90,70,109,16,14,89,127,116,111,134"/><T24/><D106/><U43/><E117/><V79/><F123/><W45/><G116/><T99/><D114/><U1/><E121/><V31/><F119/><W98/><G70/><T44/><D5/><U83/><E71/><V13/><F36/><W4/><G4/><T46/><D75/><U67/><E1/><V118/><F129/><W61/><G61/><T48/><D64/><U81/><E133/><V115/><F126/><W78/><G127/><T3/><D68/><U80/><E25/><V62/><F115/><W26/><G26/><T18/><D18/><U9/><E9/><V94/><F118/><W97/><G134/><T51/><D46/><U104/><REACH who="1" step="1"/><E67/><REACH who="1" ten="250,240,250,250" step="2"/><V34/><F66/><W112/><G112/><T124/><D124/><U53/><E53/><V103/><F10/><W41/><G111/><T8/><D8/><U35/><E35/><V130/><F34/><W88/><G109/><T49/><D44/><U6/><E6/><V131/><F7/><W15/><G15/><T29/><REACH who="0" step="1"/><D24/><REACH who="0" ten="240,240,250,250" step="2"/><U102/><E102/><AGARI ba="0,2" hai="0,2,3,29,30,48,49,51,77,82,85,95,99,102" machi="102" ten="50,9600,0" yaku="1,1,2,1,52,1,53,0" doraHai="93" doraHaiUra="52" who="0" fromWho="1" sc="240,116,240,-96,250,0,250,0" />
</Scene>
<Scene>
<INIT seed="0,1,0,2,3,17" ten="356,144,250,250" oya="0" hai0="115,5,89,63,96,120,108,24,82,32,67,4,118" hai1="53,76,19,95,113,105,94,27,41,90,40,102,30" hai2="69,117,122,10,21,16,56,78,49,80,133,45,35" hai3="81,111,93,25,38,47,9,125,18,98,61,116,39"/><T51/><D120/><U127/><E127/><V65/><F122/><W106/><G106/><T135/><D115/><U55/><E113/><V2/><F35/><W0/><G116/><T112/><D112/><U62/><E105/><V124/><F124/><W121/><G121/><T42/><D118/><U28/><E76/><V101/><F133/><W48/><G125/><T130/><D135/><U50/><E102/><V43/><F117/><W134/><G134/><T34/><D130/><U64/><E19/><V66/><F69/><W1/><G111/><T75/><D108/><U3/><E3/><V8/><F101/><W12/><G61/><T29/><D34/><U14/><E14/><V58/><F58/><W60/><G60/><T128/><D128/><U104/><E104/><V129/><F129/><W22/><G81/><T109/><D109/><U59/><E53/><V20/><F20/><W46/><G46/><T91/><D75/><U44/><E94/><V73/><F56/><W123/><G123/><T15/><D15/><U33/><REACH who="1" step="1"/><E30/><REACH who="1" ten="356,134,250,250" step="2"/><V57/><F2/><W110/><G110/><T6/><D82/><U103/><E103/><V11/><REACH who="2" step="1"/><F57/><REACH who="2" ten="356,134,240,250" step="2"/><W7/><G0/><T68/><D68/><U92/><E92/><V79/><F79/><W86/><G1/><T87/><D89/><U126/><E126/><V84/><F84/><AGARI ba="1,2" hai="27,28,33,40,41,44,50,55,59,62,64,84,90,95" machi="84" ten="30,2000,0" yaku="1,1,7,1,53,0" doraHai="17" doraHaiUra="71" who="1" fromWho="2" sc="356,0,134,43,240,-23,250,0" />
</Scene>
<Scene>
<INIT seed="1,0,0,5,3,4" ten="356,177,217,250" oya="1" hai0="26,9,66,30,20,106,63,6,24,81,127,59,83" hai1="99,73,64,39,88,74,60,12,48,42,110,2,62" hai2="108,114,82,132,19,75,78,16,44,91,28,70,18" hai3="56,133,130,97,52,131,46,67,93,21,5,53,112"/><U122/><E122/><V71/><F108/><W115/><G133/><T36/><D106/><U14/><E2/><V111/><F111/><W29/><G5/><T65/><D36/><U92/><E39/><V84/><F132/><W105/><G105/><T95/><D127/><U129/><E110/><V126/><F126/><W96/><G96/><T7/><D7/><U32/><E32/><V34/><F114/><W76/><G76/><T31/><D95/><U102/><E129/><N who="3" m="49162" /><G46/><T25/><D66/><U101/><E74/><V69/><F44/><W0/><G0/><T118/><D118/><U116/><E73/><V33/><REACH who="2" step="1"/><F28/><REACH who="2" ten="356,177,207,250" step="2"/><W40/><G112/><T57/><D30/><U37/><E116/><V41/><F41/><W54/><G40/><T135/><D31/><U109/><E109/><V128/><F128/><W87/><G115/><T94/><D135/><U55/><E42/><V98/><F98/><W121/><G121/><T1/><D65/><U107/><E37/><V120/><F120/><W86/><G67/><T77/><D77/><U35/><E64/><V17/><N who="2" m="4096" /><DORA hai="79" /><V13/><F13/><W125/><G125/><T124/><D124/><U47/><E14/><V15/><F15/><W104/><G29/><T11/><D1/><U38/><E12/><V68/><N who="2" m="17408" /><DORA hai="119" /><V27/><F27/><W61/><G97/><T51/><D26/><U89/><E38/><V10/><F10/><W85/><G21/><T90/><D20/><U49/><E47/><V103/><F103/><W3/><G3/><T100/><D100/><N who="1" m="38507" /><E107/><V80/><AGARI ba="0,1" hai="33,34,75,78,80,82,84,91" m="17408,4096" machi="80" ten="80,8000,1" yaku="1,1,0,1,52,2,54,1,53,0" doraHai="4,79,119" doraHaiUra="117,43,113" who="2" fromWho="2" sc="356,-20,177,-40,207,90,250,-20" />
</Scene>
<Scene>
<INIT seed="2,0,0,4,4,36" ten="336,137,297,230" oya="2" hai0="111,3,83,45,70,94,13,71,120,47,64,124,103" hai1="79,14,0,12,135,20,8,130,1,54,131,92,40" hai2="69,85,2,77,116,35,30,118,88,42,6,104,22" hai3="21,109,63,105,81,19,96,56,110,58,65,62,7"/><V90/><F69/><W46/><G7/><T86/><D3/><U113/><E113/><V125/><F35/><W49/><G81/><T72/><D120/><U51/><E135/><V121/><F121/><W11/><G11/><T50/><D72/><U57/><E79/><V67/><F104/><W82/><G82/><T108/><D124/><U55/><E20/><V16/><F30/><W59/><G96/><N who="0" m="59799" /><D64/><U87/><E12/><V24/><F67/><W33/><G105/><T128/><D128/><U97/><E87/><V18/><F125/><W25/><G33/><T132/><D132/><U76/><E76/><V31/><F2/><W53/><REACH who="3" step="1"/><G59/><REACH who="3" ten="336,137,297,220" step="2"/><T10/><D83/><U126/><E126/><V95/><F6/><W52/><AGARI ba="0,1" hai="19,21,25,46,49,52,53,56,58,62,63,65,109,110" machi="52" ten="30,7900,0" yaku="1,1,2,1,0,1,54,1,53,0" doraHai="36" doraHaiUra="66" who="3" fromWho="3" sc="336,-20,137,-20,297,-39,220,89" />
</Scene>
<Scene>
<INIT seed="3,0,0,0,5,37" ten="316,117,258,309" oya="3" hai0="51,107,41,123,132,135,0,106,103,24,33,69,23" hai1="75,83,10,63,71,124,9,34,118,39,6,55,99" hai2="60,7,105,87,48,29,134,65,90,15,112,110,8" hai3="50,116,109,47,73,11,97,58,19,95,92,16,18"/><W44/><G73/><T17/><D123/><U98/><E34/><V93/><F112/><W53/><G116/><T70/><D0/><U45/><E118/><V30/><F105/><W111/><G11/><T57/><D33/><U89/><E124/><V117/><F117/><W74/><G74/><T43/><D57/><U32/><E32/><V4/><F110/><N who="3" m="41995" /><G95/><T82/><D82/><U101/><E10/><V80/><F134/><N who="0" m="51242" /><D51/><U64/><E101/><AGARI ba="0,0" hai="16,18,19,44,47,50,53,58,92,97,101" m="41995" machi="101" ten="30,5800,0" yaku="14,1,10,1,54,1" doraHai="37" who="3" fromWho="1" sc="316,0,117,-58,258,0,309,58" />
</Scene>
<Scene>
<INIT seed="3,1,0,5,2,47" ten="316,59,258,367" oya="3" hai0="15,134,8,58,57,50,27,95,77,23,52,22,56" hai1="40,117,49,78,33,64,111,63,2,110,104,13,48" hai2="92,97,115,17,0,122,9,74,34,90,135,82,94" hai3="100,73,118,76,18,60,87,51,121,54,113,103,132"/><W69/><G121/><T130/><D134/><U128/><E2/><V109/><F115/><W42/><G118/><T91/><D130/><U101/><E33/><V44/><F109/><N who="1" m="41481" /><E40/><V41/><F135/><W93/><G73/><T80/><D77/><U61/><E128/><V28/><F122/><W84/><G113/><T98/><D80/><U71/><E117/><V86/><F74/><W35/><G35/><T53/><D27/><U126/><E126/><V96/><F28/><W88/><G42/><T7/><D57/><U81/><E63/><AGARI ba="1,0" hai="7,8,15,22,23,50,52,53,56,58,63,91,95,98" machi="63" ten="30,7700,0" yaku="7,1,8,1,52,1,54,1" doraHai="47" who="0" fromWho="1" sc="316,80,59,-80,258,0,367,0" owari="396,49.0,-21,-52.0,258,-14.0,367,17.0" />
</Scene>
</mjloggm>