<mjloggm ver="2.3"><GO type="169" lobby="0"/><UN n0="%6B%65%69%2E" n1="%48%75%6E%74%65%72%5F%44" n2="%41%53%41%50%49%4E" n3="%70%69%79%6F%65%6D%6F%6E" dan="16,16,19,16" rate="2045.68,2098.72,2284.76,2040.88" sx="M,M,M,M"/><TAIKYOKU oya="0"/>

<Scene>
<INIT seed="0,0,0,5,2,107" ten="250,250,250,250" oya="0" hai0="99,96,91,2,56,116,51,117,67,12,106,69,58" hai1="29,73,60,31,18,62,55,134,66,71,83,104,97" hai2="57,23,44,45,3,135,122,94,0,126,131,85,5" hai3="132,127,77,54,87,37,4,28,124,30,75,129,17"/><T24/><D2/><U119/><E119/><V47/><F122/><W26/><G37/><T103/><D69/><U80/><E134/><V53/><F135/><W38/><G38/><T34/><D12/><U21/><E83/><V40/><F131/><W101/><G132/><T100/><D91/><U13/><E104/><V68/><F68/><W78/><G129/><T79/><D79/><U65/><E97/><V43/><F126/><N who="3" m="48171" /><G4/><T70/><D56/><U110/><E110/><V118/><F118/><W88/><G101/><T93/><D58/><U121/><E121/><V109/><F109/><W50/><G75/><T95/><D51/><U49/><E62/><V6/><F0/><W41/><G41/><T1/><D1/><U19/><E66/><V111/><F111/><W84/><G87/><T10/><D10/><U72/><E19/><V98/><F85/><W114/><G114/><T46/><D46/><U90/><E90/><N who="2" m="55639" /><F3/><W9/><G77/><T133/><D133/><U64/><E64/><V52/><F53/><W128/><G78/><T16/><D95/><U14/><E14/><V42/><F23/><N who="3" m="13679" /><G9/><T102/><D102/><U82/><E82/><V115/><F115/><W108/><G128/><T76/><D76/><U25/><E80/><V33/><F33/><W59/><G108/><T27/><D27/><U22/><REACH who="1" step="1"/><E31/><REACH who="1" ten="250,240,250,250" step="2"/><V35/><F5/><W11/><G11/><T113/><D113/><U8/><E8/><V36/><F6/><W20/><G20/><T130/><D130/><U63/><E63/><N who="2" m="36263" /><F36/><W92/><AGARI ba="0,1" hai="28,30,50,54,59,84,88,92" m="13679,48171" machi="92" ten="30,2000,0" yaku="18,1,54,1" doraHai="107" who="3" fromWho="3" sc="250,-10,240,-5,250,-5,250,30" />
</Scene>
<Scene>
<INIT seed="1,0,0,0,4,52" ten="240,235,245,280" oya="1" hai0="37,16,131,38,124,49,17,8,60,33,10,32,114" hai1="74,1,66,82,53,64,63,56,112,83,15,42,21" hai2="40,27,29,100,93,106,87,19,46,34,55,28,36" hai3="30,2,79,7,11,76,104,75,69,130,14,81,122"/><U116/><E116/><V128/><F128/><W97/><G122/><T91/><D114/><U98/><E112/><V126/><F126/><W102/><G79/><T54/><D124/><U120/><E120/><V72/><F72/><W103/><G103/><T95/><D131/><U111/><E1/><V110/><F110/><W73/><G130/><T85/><D60/><U3/><E3/><V70/><F70/><W77/><G69/><T57/><D38/><U129/><E129/><V134/><F134/><W6/><G30/><T123/><D37/><U68/><E111/><V18/><F29/><W26/><G26/><T113/><D113/><U20/><E42/><V118/><F118/><W51/><G51/><T48/><D123/><U78/><E66/><V35/><F35/><W9/><G81/><T39/><D39/><U50/><E82/><V65/><F65/><W5/><G73/><T92/><D49/><U67/><E67/><V101/><F101/><W121/><G121/><T84/><D33/><U127/><E127/><V58/><F106/><W132/><G75/><T62/><D62/><U47/><E68/><V107/><F107/><W117/><G132/><T94/><D32/><U109/><E109/><V12/><F12/><W44/><G117/><T105/><D105/><U96/><REACH who="1" step="1"/><E15/><REACH who="1" ten="240,225,245,280" step="2"/><V125/><F125/><W86/><G14/><N who="0" m="7239" /><D85/><U135/><E135/><V133/><F133/><W41/><G86/><T22/><D84/><U89/><E89/><N who="2" m="53439" /><F100/><W25/><G2/><T43/><D43/><U45/><E45/><V108/><F108/><W88/><G41/><T71/><D71/><RYUUKYOKU ba="0,1" sc="240,-15,225,15,245,15,280,-15" hai1="20,21,47,50,53,56,63,64,74,78,83,96,98" hai2="18,19,27,28,34,36,40,46,55,58" />
</Scene>
<Scene>
<INIT seed="1,1,1,4,2,61" ten="225,240,260,265" oya="1" hai0="41,30,37,33,128,107,4,70,90,48,51,120,14" hai1="50,78,45,92,63,52,109,44,40,94,73,77,88" hai2="99,101,18,17,98,105,49,46,39,82,117,87,85" hai3="80,67,83,65,47,119,91,108,43,42,53,115,69"/><U25/><E109/><V71/><F117/><W2/><G119/><T125/><D125/><U0/><E0/><V123/><F123/><W13/><G2/><T26/><D128/><U122/><E122/><V3/><F3/><W103/><G108/><T54/><D120/><U9/><E73/><V38/><F71/><W118/><G118/><T57/><D37/><U6/><E94/><V34/><F34/><W111/><G111/><T31/><D31/><U19/><E6/><V131/><F131/><W21/><G115/><T59/><D107/><U8/><E8/><V135/><F135/><W116/><G116/><T10/><D70/><U68/><E68/><V102/><F39/><W114/><G69/><T66/><D90/><U76/><E63/><V93/><F38/><W100/><G114/><T60/><D41/><N who="3" m="15369" /><G21/><T133/><REACH who="0" step="1"/><D133/><REACH who="0" ten="215,240,260,265" step="2"/><U5/><E88/><V16/><REACH who="2" step="1"/><F82/><REACH who="2" ten="215,240,250,265" step="2"/><W124/><G83/><T106/><D106/><U29/><E76/><V55/><AGARI ba="1,3" hai="16,17,18,46,49,55,85,87,93,98,99,101,102,105" machi="55" ten="30,7900,0" yaku="1,1,2,1,0,1,54,1,53,0" doraHai="61" doraHaiUra="64" who="2" fromWho="2" sc="215,-21,240,-40,250,112,265,-21" />
</Scene>
<Scene>
<INIT seed="2,0,0,5,1,30" ten="194,200,362,244" oya="2" hai0="120,57,91,99,46,85,38,98,3,64,56,31,72" hai1="87,123,14,135,10,111,12,114,134,82,129,28,92" hai2="23,90,1,16,26,49,108,78,89,133,121,86,13" hai3="126,70,122,58,11,115,112,54,21,4,75,34,42"/><V81/><F121/><W110/><G70/><T63/><D72/><U24/><E114/><V67/><F1/><W0/><G75/><T113/><D120/><U55/><E123/><V83/><F133/><N who="1" m="50697" /><E111/><V43/><F108/><W119/><G122/><T93/><D113/><N who="3" m="43593" /><G110/><T60/><D3/><U130/><E92/><V103/><F103/><W84/><G119/><T107/><D107/><U96/><E96/><V125/><F125/><W132/><G126/><T62/><D62/><U116/><E55/><V8/><F67/><W68/><G68/><T39/><D31/><U17/><E116/><V66/><F66/><W22/><G132/><T97/><REACH who="0" step="1"/><D46/><REACH who="0" ten="184,200,362,244" step="2"/><U71/><E71/><V109/><F109/><W35/><G42/><T101/><D101/><U100/><E100/><V80/><F90/><W32/><G84/><T44/><D44/><U88/><E14/><V50/><F43/><W74/><G74/><T41/><D41/><U25/><E28/><N who="2" m="17503" /><F78/><W48/><AGARI ba="0,1" hai="0,4,11,21,22,32,34,35,48,54,58" m="43593" machi="48" ten="40,8000,1" yaku="11,1,52,3" doraHai="30" who="3" fromWho="3" sc="184,-20,200,-20,362,-40,244,90" />
</Scene>
<Scene>
<INIT seed="3,0,0,5,0,102" ten="164,180,322,334" oya="3" hai0="30,96,40,83,91,109,72,132,113,117,39,15,26" hai1="43,77,32,24,20,10,41,28,107,19,48,114,1" hai2="89,119,97,9,38,25,93,60,105,120,27,130,37" hai3="80,33,18,64,55,81,46,92,57,22,104,3,34"/><W31/><G104/><T87/><D117/><U2/><E114/><V79/><F119/><W126/><G3/><T0/><D0/><U68/><E68/><V133/><F130/><W75/><G126/><T52/><D109/><U100/><E77/><V61/><F133/><W49/><G75/><T54/><D132/><U116/><E116/><V115/><F115/><W35/><G31/><T14/><D113/><U42/><E48/><V82/><F120/><W94/><G92/><T73/><D73/><U53/><E53/><V67/><F61/><W111/><G111/><T45/><D72/><U36/><E36/><V98/><F9/><W78/><G78/><T123/><D123/><U110/><E110/><V65/><F65/><W17/><G94/><T62/><D96/><U12/><REACH who="1" step="1"/><E32/><REACH who="1" ten="164,170,322,334" step="2"/><V70/><F38/><W76/><G76/><T44/><D54/><U121/><E121/><V71/><F37/><W131/><G35/><T127/><D127/><U86/><E86/><V103/><F71/><W50/><G33/><T118/><D118/><U85/><E85/><AGARI ba="0,1" hai="25,27,60,67,70,79,82,85,89,93,97,98,103,105" machi="85" ten="30,2000,0" yaku="7,1,52,1" doraHai="102" who="2" fromWho="1" sc="164,0,170,-20,322,30,334,0" />
</Scene>
<Scene>
<INIT seed="4,0,0,5,0,108" ten="164,150,352,334" oya="0" hai0="3,37,115,106,39,43,74,14,10,113,99,66,33" hai1="25,42,2,53,93,55,49,50,36,0,35,54,18" hai2="26,57,20,87,135,85,70,58,120,23,107,83,78" hai3="121,71,132,84,102,69,124,48,64,61,104,15,24"/><T77/><D3/><U103/><E36/><V75/><F120/><W7/><G121/><T8/><D33/><U6/><E0/><V128/><F70/><W38/><G38/><T131/><D131/><U41/><E2/><V119/><F107/><W65/><G124/><T11/><D66/><U117/><E117/><V111/><F111/><W34/><G48/><N who="1" m="18538" /><E6/><V68/><F68/><W5/><G132/><T28/><D28/><U95/><E35/><V63/><F128/><W125/><G125/><T118/><D118/><U73/><E73/><V1/><F1/><W112/><G15/><T19/><D39/><U16/><E103/><V30/><F135/><W105/><G102/><T80/><D37/><U40/><E25/><V72/><F119/><W59/><G34/><T129/><D43/><U114/><E114/><N who="0" m="43529" /><D129/><U133/><E133/><V22/><F57/><W100/><G59/><T122/><D122/><U46/><E46/><V126/><F75/><W130/><G130/><T51/><D51/><U13/><E13/><V4/><F4/><W92/><G5/><T127/><D127/><U67/><E67/><V86/><F126/><W12/><G112/><T9/><D106/><U45/><E45/><V81/><F30/><W44/><G104/><T27/><D27/><U79/><E79/><N who="2" m="44519" /><F26/><W47/><G24/><T52/><D99/><U110/><E110/><V97/><F97/><W32/><G105/><T17/><D52/><U90/><E90/><V29/><F29/><W109/><G32/><T56/><D56/><U98/><E98/><V96/><F96/><W91/><G109/><RYUUKYOKU ba="0,0" sc="164,10,150,10,352,10,334,-30" hai0="8,9,10,11,14,17,19,74,77,80" hai1="16,18,40,41,42,53,54,55,93,95" hai2="20,22,23,58,63,78,81,85,86,87" />
</Scene>
<Scene>
<INIT seed="4,1,0,3,0,57" ten="174,160,362,304" oya="0" hai0="66,2,23,116,52,8,0,61,13,17,74,50,113" hai1="84,28,135,42,39,64,37,106,53,124,69,20,43" hai2="33,107,49,78,115,51,67,71,98,18,62,88,94" hai3="46,30,25,16,9,7,125,65,73,85,134,55,87"/><T108/><D116/><U26/><E106/><V34/><F115/><W92/><G73/><T103/><D74/><U117/><E117/><V90/><F107/><W48/><G125/><T80/><D113/><U56/><E124/><V114/><F114/><W122/><G122/><T38/><D38/><U102/><E102/><V123/><F123/><W77/><G134/><T105/><D108/><U89/><E135/><V133/><F133/><W14/><G77/><T79/><D103/><U120/><E120/><V75/><F18/><W36/><G92/><T24/><D105/><U93/><E37/><V60/><F90/><W101/><G101/><T126/><D126/><U130/><E130/><V21/><F21/><W81/><G36/><T118/><D118/><U132/><E132/><V72/><F72/><W127/><G81/><T32/><D32/><U68/><E39/><V59/><F33/><W119/><G127/><T70/><D80/><U109/><E109/><V97/><F97/><W99/><G99/><T95/><D95/><U128/><E128/><V121/><F34/><W47/><G119/><T35/><D35/><U11/><E11/><V104/><F104/><W12/><G46/><T86/><D86/><U44/><E44/><V27/><F121/><W10/><G65/><T112/><D79/><U19/><E28/><V100/><F100/><W96/><G96/><T110/><D110/><U5/><E5/><V40/><F75/><W91/><G91/><T63/><D112/><U45/><E45/><N who="2" m="25767" /><F78/><W58/><G47/><N who="0" m="27743" /><D61/><N who="1" m="35983" /><E64/><N who="2" m="39007" /><F51/><W129/><G129/><T3/><D3/><U54/><E54/><RYUUKYOKU ba="1,0" sc="174,0,160,0,362,0,304,0" hai0="0,2,8,13,17,23,24,63,66,70" hai1="19,20,26,42,43,68,69,84,89,93" hai2="27,60,67,71,88,94,98" hai3="7,9,10,12,14,16,25,30,48,55,58,85,87" />
</Scene>
<Scene>
<INIT seed="4,2,0,0,0,11" ten="174,160,362,304" oya="0" hai0="26,25,15,131,5,73,7,74,72,14,10,119,103" hai1="134,43,129,13,27,57,107,50,8,130,70,96,91" hai2="58,61,85,9,108,23,80,105,123,66,115,76,135" hai3="17,64,112,102,4,45,39,78,79,56,124,87,0"/><T126/><D119/><U30/><E70/><V106/><F108/><W122/><G124/><T95/><D126/><U16/><E134/><V83/><F123/><W52/><G122/><T38/><D38/><U49/><E43/><V127/><F127/><W24/><G112/><T59/><D131/><N who="1" m="50187" /><E57/><V29/><F135/><W89/><G102/><T20/><D59/><U54/><E54/><V99/><F115/><W67/><G4/><T63/><D63/><U41/><E41/><V44/><F44/><W101/><G0/><T34/><D34/><N who="1" m="20831" /><E107/><V40/><F40/><W109/><G101/><T32/><D32/><U116/><E116/><V86/><F105/><W21/><G109/><T71/><D71/><U88/><E96/><V68/><F99/><W65/><G45/><T22/><D95/><U12/><E12/><N who="0" m="4649" /><D103/><U92/><E92/><V113/><F106/><W82/><G39/><T55/><D55/><U37/><E37/><V48/><F113/><W28/><G28/><T3/><D3/><U62/><E62/><AGARI ba="2,0" hai="17,21,24,52,56,62,64,65,67,78,79,82,87,89" machi="62" ten="40,2600,0" yaku="8,1,54,1" doraHai="11" who="3" fromWho="1" sc="174,0,160,-32,362,0,304,32" />
</Scene>
<Scene>
<INIT seed="5,0,0,3,5,99" ten="174,128,362,336" oya="1" hai0="103,59,61,95,41,66,17,94,0,56,49,74,121" hai1="86,87,96,77,55,43,48,78,33,40,73,14,18" hai2="36,81,120,24,135,80,2,22,12,3,102,58,89" hai3="75,71,31,112,19,39,72,46,126,38,114,93,124"/><U62/><E33/><V111/><F111/><W134/><G71/><T70/><D0/><U117/><E117/><V83/><F120/><W9/><G134/><T37/><D37/><U90/><E73/><N who="3" m="28234" /><G31/><T5/><D5/><U118/><E118/><V30/><F36/><N who="3" m="13867" /><G46/><T106/><D106/><U10/><E62/><V32/><F135/><W130/><G130/><T104/><D104/><U50/><E96/><V116/><F116/><W88/><G19/><T115/><D74/><U28/><E28/><V92/><F58/><W127/><G9/><T131/><D121/><U23/><E23/><V15/><F102/><W60/><G60/><T123/><D123/><U34/><E34/><V29/><F15/><W53/><G53/><T113/><D131/><U16/><E18/><V6/><F6/><W105/><G105/><T64/><D17/><U107/><E107/><V45/><F45/><W68/><G68/><T82/><D82/><N who="1" m="47447" /><E77/><V21/><F12/><W100/><G100/><T52/><D41/><N who="1" m="15947" /><E55/><V110/><F32/><W69/><G69/><T54/><D70/><U35/><E35/><V84/><REACH who="2" step="1"/><F110/><REACH who="2" ten="174,128,352,336" step="2"/><W67/><G67/><N who="0" m="25643" /><D103/><U119/><E119/><V79/><F79/><W125/><G125/><T98/><D98/><AGARI ba="0,1" hai="88,93,98,112,114,124,126,127" m="13867,28234" machi="98" ten="40,2600,0" yaku="18,1,54,1" doraHai="99" who="3" fromWho="0" sc="174,-26,128,0,352,0,336,36" />
</Scene>
<Scene>
<INIT seed="6,0,0,0,4,69" ten="148,128,352,372" oya="2" hai0="85,68,130,15,57,72,58,76,33,42,99,75,24" hai1="103,8,115,117,78,97,86,37,40,23,64,91,6" hai2="48,41,25,125,124,116,38,53,135,21,84,50,39" hai3="9,46,96,4,132,131,123,134,90,0,112,36,16"/><V47/><F116/><W61/><G123/><T89/><D68/><U32/><E117/><V60/><F84/><W101/><G90/><T51/><D130/><U66/><E32/><V52/><F135/><N who="3" m="51755" /><G131/><T98/><D58/><U63/><E78/><V111/><F111/><W87/><G87/><T80/><D75/><U95/><E115/><V28/><F60/><W100/><G61/><T109/><D109/><U12/><E23/><V106/><F106/><W30/><G30/><T88/><D89/><U114/><E114/><V11/><F11/><W34/><G34/><T110/><D110/><U43/><E37/><V29/><F29/><W105/><G112/><T13/><D13/><U55/><E55/><N who="2" m="21067" /><F50/><W7/><G7/><T133/><D133/><U14/><E14/><V35/><F35/><W122/><G122/><T19/><D24/><U108/><E108/><V94/><F94/><W56/><G56/><T81/><D33/><U31/><E31/><V120/><F120/><W79/><G105/><T26/><D26/><U67/><REACH who="1" step="1"/><E63/><REACH who="1" ten="148,118,352,372" step="2"/><V128/><F128/><W71/><G79/><T54/><REACH who="0" step="1"/><D42/><REACH who="0" ten="138,118,352,372" step="2"/><U83/><AGARI ba="0,2" hai="6,8,12,40,43,64,66,67,83,86,91,95,97,103" machi="83" ten="30,7900,0" yaku="1,1,2,1,0,1,8,1,53,0" doraHai="69" doraHaiUra="129" who="1" fromWho="1" sc="138,-20,118,99,352,-39,372,-20" />
</Scene>
<Scene>
<INIT seed="7,0,0,4,3,18" ten="118,217,313,352" oya="3" hai0="63,15,83,134,46,102,106,95,73,54,103,99,98" hai1="51,47,112,28,76,29,62,82,10,111,125,105,36" hai2="133,44,94,41,120,42,22,9,91,6,58,78,126" hai3="21,119,131,34,25,130,23,12,88,40,38,89,13"/><W96/><G119/><T101/><D54/><U104/><E36/><V90/><F133/><W77/><G77/><N who="0" m="44463" /><D63/><U8/><E111/><V75/><F126/><W17/><G40/><T27/><D27/><U50/><E125/><V1/><F120/><W35/><G38/><T61/><D61/><U49/><E105/><V68/><F68/><W26/><G17/><T39/><D39/><U56/><E104/><V123/><F123/><W85/><G96/><N who="0" m="61799" /><D15/><U55/><E47/><V86/><F91/><W84/><AGARI ba="0,0" hai="12,13,21,23,25,26,34,35,84,85,88,89,130,131" machi="84" ten="25,18000,2" yaku="0,1,22,2,52,2,54,1" doraHai="18" who="3" fromWho="3" sc="118,-60,217,-60,313,-60,352,180" owari="58,-44.0,157,-24.0,253,5.0,532,63.0" />
</Scene>
</mjloggm>