<mjloggm ver="2.3"><GO type="169"/><UN n0="%43%52%41%57%4C" n1="%41%53%41%50%49%4E" n2="%6B%6F%67%65%70%61%6E" n3="%E3%83%AA%E3%82%B3%E3%81%B4%E3%82%87%E3%82%93%E2%99%AA" dan="16,18,17,16" rate="2072,2229,2159,2055" sx="M,M,M,F"/><TAIKYOKU oya="0"/>

<Scene>
<INIT seed="0,0,0,1,2,82" ten="250,250,250,250" oya="0" hai0="105,93,33,113,13,72,1,2,96,10,28,122,26" hai1="119,22,124,79,63,126,11,76,94,43,50,64,90" hai2="67,80,15,92,134,42,102,101,47,59,18,39,40" hai3="21,30,131,130,17,123,83,35,7,109,133,77,44"/><T74/><D122/><U38/><E38/><V99/><F134/><W116/><G116/><T56/><D113/><U115/><E119/><V4/><F4/><W114/><G114/><T53/><D105/><U61/><E115/><V106/><F42/><W57/><G133/><T49/><D1/><U8/><E22/><V112/><F112/><W5/><G109/><T127/><D2/><U71/><E61/><V14/><F80/><W65/><G44/><T87/><D127/><N who="1" m="48683" /><E50/><V129/><F129/><N who="3" m="49163" /><G123/><T78/><D10/><N who="1" m="3627" /><E43/><V12/><F67/><W27/><G57/><T20/><D20/><U0/><E0/><V41/><F59/><W58/><G58/><T69/><D13/><U62/><E62/><V88/><F41/><W52/><G52/><T132/><D132/><U128/><E128/><V54/><F54/><W46/><G46/><T100/><D53/><U120/><E120/><V135/><F135/><W125/><G65/><T98/><D56/><U111/><E111/><V107/><REACH who="2" step="1"/><F18/><REACH who="2" ten="250,250,240,250" step="2"/><W32/><G125/><T95/><D49/><U70/><E70/><V118/><F118/><W117/><G117/><T68/><D69/><U29/><E71/><V55/><F55/><W66/><G66/><T85/><D68/><U60/><E64/><V89/><F89/><W110/><G110/><T81/><D74/><U31/><E63/><V121/><F121/><W37/><G17/><T75/><D72/><U48/><E60/><V104/><AGARI ba="0,1" hai="12,14,15,39,40,47,88,92,99,101,102,104,106,107" machi="104" ten="40,8000,1" yaku="1,1,0,1,54,1,53,1" doraHai="82" doraHaiUra="86" who="2" fromWho="2" sc="250,-40,250,-20,240,90,250,-20" />
</Scene>
<Scene>
<INIT seed="1,0,0,3,4,20" ten="210,230,330,230" oya="1" hai0="121,54,1,118,55,50,116,61,36,63,22,106,56" hai1="75,104,107,40,83,37,93,112,4,42,129,2,26" hai2="92,127,64,65,48,13,7,74,31,49,34,3,86" hai3="44,43,68,72,66,67,97,88,101,76,73,33,27"/><U103/><E112/><V117/><F3/><W28/><G67/><T32/><D32/><U70/><E129/><V98/><F74/><W5/><G5/><T100/><D1/><U85/><E70/><V46/><F48/><W131/><G76/><T135/><D36/><U82/><E75/><V128/><F128/><W18/><G18/><T29/><D135/><U78/><E82/><V62/><F127/><W8/><G8/><T124/><D121/><U87/><E37/><V111/><F111/><W47/><G131/><T23/><D124/><U132/><E132/><V114/><F117/><W123/><G123/><T110/><D110/><U77/><E77/><V0/><F0/><W130/><G130/><T30/><D100/><U115/><E115/><V35/><F86/><W84/><G66/><T51/><D56/><U91/><E103/><V120/><F65/><W41/><G68/><T16/><D106/><U58/><E58/><V19/><F120/><W21/><G33/><T134/><D134/><U102/><E102/><V12/><F35/><W126/><G126/><T15/><D15/><U105/><REACH who="1" step="1"/><E26/><REACH who="1" ten="210,220,330,230" step="2"/><V95/><F114/><W10/><G73/><T60/><D118/><U96/><E96/><V109/><F98/><W24/><G72/><T9/><D116/><U94/><E94/><V119/><F95/><N who="3" m="54663" /><G97/><T39/><D39/><U6/><E6/><V53/><F7/><W38/><G101/><T45/><D45/><U59/><E59/><N who="2" m="36959" /><F119/><W71/><G71/><T57/><D57/><U99/><E99/><V69/><F69/><W89/><G38/><T52/><D51/><RYUUKYOKU ba="0,1" sc="210,-10,220,30,330,-10,230,-10" hai1="2,4,40,42,78,83,85,87,91,93,104,105,107" />
</Scene>
<Scene>
<INIT seed="1,1,1,4,5,43" ten="200,250,320,220" oya="1" hai0="60,76,129,70,90,14,127,27,113,37,115,66,68" hai1="79,28,2,0,41,91,101,44,38,78,58,67,75" hai2="119,47,86,97,106,25,54,87,85,48,55,61,59" hai3="9,56,89,105,81,40,84,99,96,29,71,98,31"/><U131/><E131/><V23/><F119/><W1/><G71/><T62/><D129/><U6/><E101/><V122/><F122/><W17/><G105/><T92/><D127/><U123/><E123/><V74/><F74/><W117/><G117/><T133/><D133/><U73/><E28/><V19/><F106/><W135/><G135/><T39/><D76/><U36/><E91/><V46/><F97/><W10/><G40/><T50/><D27/><U77/><E36/><V104/><F104/><W45/><G56/><AGARI ba="1,1" hai="19,23,25,46,47,48,54,55,56,59,61,85,86,87" machi="56" ten="40,5200,0" yaku="8,1,52,2" doraHai="43" who="2" fromWho="3" sc="200,0,250,0,320,65,220,-55" />
</Scene>
<Scene>
<INIT seed="2,0,0,3,2,1" ten="200,250,385,165" oya="2" hai0="106,108,58,39,77,69,41,76,14,111,57,90,28" hai1="95,123,44,71,16,20,22,33,49,70,50,101,62" hai2="42,86,78,128,10,56,103,13,37,96,107,9,30" hai3="46,26,24,34,85,74,67,80,124,92,19,104,127"/><V134/><F134/><W105/><G74/><T7/><D69/><U35/><E123/><V73/><F73/><W54/><G67/><T131/><D106/><U83/><E22/><V66/><F128/><W126/><G92/><T102/><D102/><U88/><E101/><V59/><F30/><W65/><G65/><T91/><D131/><U109/><E83/><V121/><F121/><W3/><G3/><T118/><D118/><U98/><E109/><N who="0" m="42057" /><D28/><U32/><E62/><V110/><F66/><W119/><G119/><T75/><D41/><U21/><E21/><V72/><F72/><W8/><G46/><T11/><D39/><U63/><E63/><V5/><F42/><W82/><G54/><T53/><D58/><U87/><E98/><V17/><F37/><W4/><G82/><N who="0" m="45343" /><D77/><U79/><E79/><V114/><F110/><W31/><G19/><T23/><D23/><U48/><REACH who="1" step="1"/><E44/><REACH who="1" ten="200,240,385,165" step="2"/><V130/><F78/><N who="3" m="46231" /><G26/><AGARI ba="0,1" hai="16,20,26,32,33,35,48,49,50,70,71,87,88,95" machi="26" ten="50,8000,1" yaku="1,1,54,2,53,2" doraHai="1" doraHaiUra="64" who="1" fromWho="3" sc="200,0,240,90,385,0,165,-80" />
</Scene>
<Scene>
<INIT seed="3,0,0,5,1,52" ten="200,330,385,85" oya="3" hai0="37,3,32,10,103,41,5,7,91,63,44,24,107" hai1="33,71,88,118,61,72,64,105,31,99,122,30,96" hai2="43,93,127,55,87,58,109,121,1,98,14,48,80" hai3="123,128,125,57,85,35,67,11,49,120,92,0,89"/><W36/><G36/><T66/><D7/><U28/><E122/><V18/><F109/><W62/><G35/><T130/><D130/><U9/><E72/><V119/><F127/><W50/><G125/><T23/><D32/><U100/><E118/><V56/><F1/><W76/><G128/><T74/><D74/><U129/><E129/><V47/><F121/><W39/><G39/><T8/><D8/><U69/><E9/><N who="2" m="6479" /><F43/><W77/><G123/><T112/><D112/><U54/><E54/><V102/><F119/><W79/><REACH who="3" step="1"/><G120/><REACH who="3" ten="200,330,385,75" step="2"/><T29/><D107/><U113/><E33/><V124/><F124/><W106/><G106/><T117/><D117/><U45/><E105/><V13/><F13/><W70/><G70/><T95/><D37/><U60/><E69/><V26/><F26/><W2/><G2/><T17/><D3/><U131/><E71/><V42/><F42/><W81/><G81/><T97/><D41/><U20/><E131/><V53/><F53/><W38/><G38/><T90/><D24/><U114/><E113/><V68/><F68/><W108/><G108/><T111/><D111/><U16/><E114/><V82/><F82/><W59/><G59/><T27/><D27/><U132/><E45/><V86/><F80/><W12/><G12/><T134/><D44/><U78/><E64/><V101/><F101/><W84/><G84/><AGARI ba="0,1" hai="47,48,55,56,58,84,86,87,93,98,102" m="6479" machi="84" ten="30,3900,0" yaku="8,1,52,2" doraHai="52" who="2" fromWho="3" sc="200,0,330,0,385,49,75,-39" />
</Scene>
<Scene>
<INIT seed="4,0,0,5,2,38" ten="200,330,434,36" oya="0" hai0="63,50,114,42,76,64,90,1,93,112,66,74,95" hai1="108,27,33,92,94,9,120,83,43,12,128,106,29" hai2="125,97,2,134,121,45,113,34,129,116,84,127,75" hai3="98,68,51,72,71,24,25,17,57,81,85,78,46"/><T13/><D1/><U35/><E108/><V21/><RYUUKYOKU type="yao9" ba="0,0" sc="200,0,330,0,434,0,36,0" hai2="2,21,34,45,75,84,97,113,116,121,125,127,129,134" />
</Scene>
<Scene>
<INIT seed="4,1,0,3,3,64" ten="200,330,434,36" oya="0" hai0="56,105,132,115,114,60,124,94,95,83,38,135,87" hai1="0,134,16,80,122,81,67,48,133,1,21,4,8" hai2="47,24,73,15,20,86,41,70,11,104,25,78,97" hai3="125,103,40,50,98,3,117,57,90,68,66,18,51"/><T35/><D35/><U79/><E122/><V77/><F73/><W23/><G117/><T44/><D38/><U74/><E0/><V46/><F70/><W129/><G3/><T29/><D44/><U88/><E48/><V62/><F62/><W118/><G118/><T5/><D29/><U110/><E110/><V100/><F47/><W31/><G31/><T113/><D5/><U22/><E67/><V39/><F86/><W84/><G129/><T107/><D56/><U10/><E10/><V120/><F120/><W26/><G125/><T111/><D60/><U91/><E22/><V34/><F34/><W89/><G40/><T14/><D14/><U42/><E42/><V37/><F37/><W102/><G68/><T92/><D124/><U59/><E59/><V75/><F75/><W71/><G71/><T45/><D45/><U112/><E112/><V53/><F53/><N who="3" m="31935" /><G66/><T2/><D2/><U30/><E30/><V123/><F123/><W12/><G50/><T128/><D128/><U99/><E99/><V109/><F25/><W55/><G55/><T121/><D111/><U63/><E80/><V43/><F109/><W54/><G54/><T85/><D121/><U7/><E7/><N who="2" m="3583" /><F41/><W28/><G98/><T116/><D116/><U17/><E63/><V106/><F106/><N who="0" m="40458" /><D87/><U65/><E65/><V131/><F131/><W6/><G6/><T130/><D130/><U61/><E61/><V126/><F126/><W72/><G72/><T119/><D119/><U82/><E74/><V36/><F36/><W9/><G84/><T108/><D108/><U13/><E1/><RYUUKYOKU ba="1,0" sc="200,10,330,-30,434,10,36,10" hai0="83,85,92,94,95,113,114,115,132,135" hai2="20,24,39,43,46,77,78,97,100,104" hai3="9,12,18,23,26,28,89,90,102,103" />
</Scene>
<Scene>
<INIT seed="4,2,0,0,4,115" ten="210,300,444,46" oya="0" hai0="111,106,21,76,118,54,19,65,23,80,46,29,51" hai1="16,30,14,24,53,132,31,126,25,43,35,15,3" hai2="52,114,72,130,11,117,45,8,38,81,124,92,127" hai3="94,112,1,134,32,73,55,110,85,34,128,100,103"/><T50/><D106/><U56/><E3/><V75/><F114/><W39/><G110/><T74/><D111/><U77/><E132/><V7/><F11/><W87/><G134/><T86/><D65/><U58/><E126/><N who="2" m="48171" /><F130/><W18/><G128/><T122/><D122/><U61/><E77/><N who="2" m="44199" /><F92/><W98/><G73/><T97/><D97/><U40/><E56/><V96/><F96/><W20/><G1/><T26/><D74/><U78/><E78/><V99/><F99/><W120/><G120/><T131/><D131/><U121/><E121/><V36/><F75/><W57/><G39/><T89/><D76/><U66/><E66/><V101/><F101/><W113/><G113/><T33/><D33/><U6/><E6/><V22/><F22/><W71/><G112/><T88/><D89/><U91/><E91/><V59/><F45/><W129/><G129/><T123/><D123/><U10/><E15/><N who="2" m="5535" /><F117/><W135/><G135/><T42/><D118/><U0/><E0/><V125/><F125/><W48/><G71/><T107/><D107/><U95/><E95/><V116/><F116/><W60/><G103/><T2/><D2/><U104/><E104/><V64/><F64/><N who="3" m="38927" /><G34/><AGARI ba="2,0" hai="10,14,16,24,25,30,31,34,35,40,43,53,58,61" machi="34" ten="30,3900,0" yaku="7,1,9,1,54,1" doraHai="115" who="1" fromWho="3" sc="210,0,300,45,444,0,46,-45" />
</Scene>
<Scene>
<INIT seed="5,0,0,4,4,40" ten="210,345,444,1" oya="1" hai0="124,127,64,91,47,58,101,42,74,12,50,75,13" hai1="43,45,5,123,100,65,57,29,70,55,21,112,97" hai2="63,109,128,22,129,31,102,9,23,39,87,118,51" hai3="15,68,111,103,99,34,38,119,2,89,98,24,131"/><U86/><E123/><V92/><F39/><W66/><G111/><T25/><D101/><U82/><E112/><V8/><F109/><W16/><G2/><T135/><D135/><U94/><E5/><V59/><F118/><W80/><G119/><T52/><D64/><U78/><E70/><V93/><F51/><W17/><G38/><T14/><D25/><U120/><E120/><V83/><F9/><W106/><G131/><N who="2" m="50249" /><F8/><W0/><G0/><T54/><D91/><U125/><E125/><V72/><F72/><W117/><G117/><T113/><D113/><U26/><E43/><V122/><F122/><W18/><G15/><T33/><D33/><U56/><REACH who="1" step="1"/><E65/><REACH who="1" ten="210,335,444,1" step="2"/><N who="2" m="39167" /><F31/><N who="3" m="19815" /><G80/><T76/><D42/><U84/><E84/><V32/><F32/><W110/><G110/><T3/><D3/><U67/><E67/><V44/><F83/><W96/><G89/><T20/><D74/><U1/><E1/><V30/><F87/><W90/><G90/><T71/><D71/><U61/><E61/><AGARI ba="0,1" hai="16,17,18,61,66,68,96,98,99,103,106" m="19815" machi="61" ten="30,2000,0" yaku="25,1,54,1" doraHai="40" who="3" fromWho="1" sc="210,0,335,-20,444,0,1,30" />
</Scene>
<Scene>
<INIT seed="6,0,0,5,1,102" ten="210,315,444,31" oya="2" hai0="38,48,61,113,51,85,121,4,28,86,72,94,124" hai1="131,19,44,109,59,32,58,73,11,1,83,63,129" hai2="105,68,126,30,34,10,71,66,7,9,103,93,40" hai3="39,12,24,104,110,6,8,77,37,50,69,91,97"/><V115/><F93/><W60/><G110/><T31/><D121/><U89/><E109/><V90/><F90/><W108/><G108/><T75/><D38/><U49/><E32/><V128/><F40/><W16/><G77/><T27/><D4/><U57/><E19/><V14/><F115/><W87/><G50/><T33/><D113/><U106/><E11/><V15/><F126/><W99/><G24/><T132/><D124/><U84/><E1/><V67/><F128/><N who="1" m="49225" /><E73/><V114/><F114/><W0/><G69/><T123/><D123/><U3/><E3/><V35/><F30/><W52/><G99/><T74/><D31/><U2/><E2/><V76/><F76/><W20/><G97/><T21/><D33/><U36/><E36/><V111/><F111/><W133/><G104/><T43/><D74/><U107/><E63/><V112/><F112/><W55/><G133/><T125/><D125/><U42/><AGARI ba="0,0" hai="42,44,49,57,58,59,83,84,89,106,107" m="49225" machi="42" ten="30,4000,0" yaku="19,1,52,2" doraHai="102" who="1" fromWho="1" sc="210,-10,315,40,444,-20,31,-10" />
</Scene>
<Scene>
<INIT seed="7,0,0,0,4,33" ten="200,355,424,21" oya="3" hai0="16,34,46,105,93,116,11,25,111,64,7,65,98" hai1="96,45,119,48,9,53,131,0,66,124,30,6,21" hai2="118,22,26,32,41,3,60,44,58,71,106,37,89" hai3="134,129,55,51,17,73,114,39,87,20,13,35,61"/><W15/><G73/><T43/><D111/><U1/><E131/><V76/><F118/><W115/><G39/><T91/><D116/><U27/><E119/><V18/><F106/><W40/><G35/><T79/><D105/><U120/><E120/><V2/><F76/><W12/><G129/><T70/><D70/><U125/><E66/><V85/><F32/><W112/><G134/><T101/><D79/><U97/><E97/><V99/><F71/><W4/><G4/><T19/><D101/><U54/><E96/><V10/><F10/><W95/><G40/><T8/><D8/><U88/><E53/><N who="2" m="33871" /><F85/><W63/><G15/><T133/><D133/><U75/><E75/><V81/><F81/><W72/><G13/><T102/><D102/><U130/><E130/><V100/><F100/><W126/><G72/><T31/><D65/><U90/><REACH who="1" step="1"/><E1/><REACH who="1" ten="200,345,424,21" step="2"/><V62/><F62/><W68/><G68/><T108/><D64/><U135/><E135/><V14/><F14/><W52/><G126/><AGARI ba="0,1" hai="0,6,9,21,27,30,45,48,54,88,90,124,125,126" machi="126" ten="40,8000,1" yaku="1,1,18,1,52,1,54,1,53,0" doraHai="33" doraHaiUra="128" who="1" fromWho="3" sc="200,0,345,90,424,0,21,-80" owari="200,-20.0,435,54.0,424,22.0,-59,-56.0" />
</Scene>
</mjloggm>