<mjloggm ver="2.3"><GO type="169"/><UN n0="%41%53%41%50%49%4E" n1="%E3%81%BE%E3%81%AA%E3%81%84%E3%81%9F%E3%82%88%E3%81%86%E3%81%98%E3%82%87" n2="%E3%81%82%E3%82%93%E3%81%96%E3%82%93" n3="%E3%83%A4%E3%82%AD%E3%83%B3" dan="18,16,17,17" rate="2219,2148,2189,2156" sx="M,M,M,M"/><TAIKYOKU oya="0"/>

<Scene>
<INIT seed="0,0,0,3,4,60" ten="250,250,250,250" oya="0" hai0="71,101,29,131,70,129,7,98,18,3,37,125,95" hai1="28,53,1,130,65,25,77,22,20,50,79,14,38" hai2="42,8,88,51,80,124,27,57,6,78,132,99,127" hai3="47,133,39,69,118,109,13,17,96,58,26,19,76"/><T85/><D37/><U87/><E38/><V126/><F132/><W119/><G69/><T2/><D125/><N who="2" m="32002" /><V115/><DORA hai="121" /><F115/><W84/><G96/><T54/><D29/><U107/><E1/><N who="2" m="79" /><F27/><W0/><G0/><T111/><D3/><U128/><E107/><V74/><F57/><W46/><G58/><T31/><D54/><U16/><E87/><V11/><F11/><W104/><G84/><T61/><D31/><U30/><E30/><V108/><F108/><W110/><G26/><T116/><D111/><U5/><E5/><V24/><F24/><W97/><G133/><T103/><D18/><U120/><E120/><V73/><F51/><W82/><G39/><T49/><D49/><U105/><E50/><V63/><F63/><W43/><G13/><T4/><D4/><U40/><E14/><V94/><F42/><W52/><G43/><T41/><D41/><U9/><E40/><V114/><F114/><W112/><G112/><T44/><D7/><U83/><E9/><V66/><F66/><W91/><G109/><T81/><D2/><U23/><E65/><V122/><F122/><W90/><G110/><T35/><D44/><U102/><E25/><V21/><F21/><W72/><G47/><T45/><D45/><U55/><E28/><V135/><F135/><W68/><G68/><N who="0" m="26155" /><D61/><U36/><E36/><V48/><F48/><N who="3" m="28695" /><G19/><T12/><D12/><U33/><E16/><V100/><F73/><W117/><G17/><T123/><D123/><U64/><E22/><V75/><F74/><W32/><G32/><T15/><D35/><U34/><E33/><RYUUKYOKU ba="0,0" sc="250,-15,250,-15,250,15,250,15" hai2="75,78,80,88,94,99,100" hai3="72,76,82,90,91,97,104,117,118,119" />
</Scene>
<Scene>
<INIT seed="1,1,0,5,4,105" ten="235,235,265,265" oya="1" hai0="46,43,7,113,0,18,42,27,124,82,33,65,25" hai1="57,116,34,73,48,132,41,131,67,2,31,69,120" hai2="37,87,135,39,8,47,112,75,45,72,49,77,102" hai3="19,91,1,95,55,29,16,60,89,30,10,4,15"/><U110/><RYUUKYOKU type="yao9" ba="1,0" sc="235,0,235,0,265,0,265,0" hai1="2,31,34,41,48,57,67,69,73,110,116,120,131,132" />
</Scene>
<Scene>
<INIT seed="1,2,0,1,3,57" ten="235,235,265,265" oya="1" hai0="99,124,46,51,69,15,77,32,0,40,114,30,27" hai1="6,7,70,8,31,63,1,95,98,107,56,58,133" hai2="43,2,14,36,24,16,122,118,128,41,79,22,74" hai3="11,75,45,82,113,84,125,76,85,55,101,12,62"/><U34/><E6/><V115/><F118/><W48/><G113/><T18/><D114/><U129/><E129/><V10/><F122/><W49/><G125/><T66/><D124/><U110/><E133/><V68/><F115/><W87/><G101/><T91/><D0/><U90/><E107/><V53/><F128/><W39/><G39/><T117/><D117/><U33/><E110/><V123/><F123/><W25/><G25/><T71/><D66/><U88/><E90/><V73/><F2/><W9/><G49/><T44/><D77/><U13/><E31/><V72/><F79/><W28/><G28/><T83/><D46/><U109/><E1/><V106/><F106/><W116/><G116/><T47/><D47/><U103/><E103/><V54/><F68/><W61/><REACH who="3" step="1"/><G9/><REACH who="3" ten="235,235,265,255" step="2"/><T78/><D27/><U120/><E120/><V20/><F36/><W50/><G50/><T112/><D30/><U19/><E109/><V21/><REACH who="2" step="1"/><F24/><REACH who="2" ten="235,235,255,255" step="2"/><W64/><G64/><T37/><D112/><U4/><E34/><V17/><F17/><AGARI ba="2,2" hai="11,12,17,45,48,55,61,62,75,76,82,84,85,87" machi="17" ten="40,5200,0" yaku="1,1,52,2,53,0" doraHai="57" doraHaiUra="97" who="3" fromWho="2" sc="235,0,235,0,255,-58,255,78" />
</Scene>
<Scene>
<INIT seed="2,0,0,5,0,96" ten="235,235,197,333" oya="2" hai0="52,56,22,68,39,127,111,58,23,48,106,15,103" hai1="75,79,7,46,66,37,20,86,70,63,82,53,74" hai2="119,118,117,10,108,87,11,0,34,78,36,40,84" hai3="18,60,64,26,77,13,81,8,44,94,71,17,105"/><V128/><F34/><W123/><G123/><T98/><D68/><U28/><E7/><V135/><F135/><W9/><G94/><T14/><D39/><U131/><E131/><V122/><F122/><W38/><G105/><T133/><D133/><U61/><E28/><V115/><F115/><W16/><G26/><T132/><D132/><U112/><E63/><V90/><F128/><W49/><G38/><T21/><D111/><U47/><E20/><V67/><F67/><W97/><G97/><T110/><D110/><U5/><E5/><V92/><F108/><W130/><G130/><T129/><D129/><U69/><E69/><V83/><REACH who="2" step="1"/><F0/><REACH who="2" ten="235,235,187,333" step="2"/><W120/><G120/><T59/><REACH who="0" step="1"/><D127/><REACH who="0" ten="225,235,187,333" step="2"/><U121/><E121/><V88/><F88/><W109/><G109/><T113/><D113/><U107/><E112/><V100/><F100/><W101/><G101/><T27/><D27/><U91/><E91/><V33/><F33/><W25/><G25/><T24/><D24/><U72/><E66/><V54/><F54/><W124/><G124/><T62/><D62/><U102/><E53/><V6/><F6/><W1/><G60/><T43/><D43/><U114/><E61/><V31/><F31/><W85/><G64/><T4/><D4/><U42/><E102/><V65/><F65/><W12/><G1/><T125/><D125/><U41/><E42/><V19/><F19/><N who="3" m="8583" /><G71/><T95/><D95/><U51/><E70/><V99/><F99/><W30/><G30/><T55/><D55/><AGARI ba="0,2" hai="9,13,16,17,18,44,49,55,77,81,85" m="8583" machi="55" ten="30,2000,0" yaku="8,1,54,1" doraHai="96" who="3" fromWho="0" sc="225,-20,235,0,187,0,333,40" />
</Scene>
<Scene>
<INIT seed="3,0,0,2,1,21" ten="205,235,187,373" oya="3" hai0="78,25,48,33,47,63,52,95,45,66,58,56,123" hai1="102,8,54,107,93,104,99,120,60,20,111,67,34" hai2="85,86,41,100,5,71,22,101,114,23,72,127,10" hai3="42,43,121,62,15,131,16,124,79,110,40,90,68"/><W18/><G121/><T89/><D123/><U12/><E34/><V26/><F72/><W84/><G124/><T35/><D78/><U36/><E120/><V73/><F73/><W105/><G105/><T17/><D33/><U118/><E36/><V128/><F71/><W125/><G125/><T108/><D108/><U82/><E111/><V91/><F127/><W65/><G110/><T87/><REACH who="0" step="1"/><D17/><REACH who="0" ten="195,235,187,373" step="2"/><U49/><E118/><V81/><F128/><W112/><G131/><T77/><D77/><U31/><E104/><V98/><F114/><W39/><G79/><T7/><D7/><U115/><E107/><V44/><F22/><W75/><G18/><T130/><D130/><U11/><E20/><V37/><F98/><W6/><G6/><T9/><D9/><U0/><E11/><V113/><F113/><W46/><G112/><T3/><D3/><U24/><E0/><V4/><F86/><W116/><G116/><T80/><D80/><U129/><E82/><V51/><F5/><W32/><G75/><T132/><D132/><U106/><E8/><V83/><F83/><W88/><G32/><T97/><D97/><U28/><E99/><V19/><REACH who="2" step="1"/><F37/><REACH who="2" ten="195,235,177,373" step="2"/><W92/><G90/><T74/><D74/><U27/><E115/><V55/><F55/><W117/><G117/><T1/><D1/><AGARI ba="0,2" hai="1,4,10,19,23,26,41,44,51,81,85,91,100,101" machi="1" ten="30,3900,0" yaku="1,1,7,1,52,1,53,0" doraHai="21" doraHaiUra="29" who="2" fromWho="0" sc="195,-39,235,0,177,59,373,0" />
</Scene>
<Scene>
<INIT seed="4,0,0,1,2,98" ten="156,235,236,373" oya="0" hai0="43,118,36,122,2,77,38,53,13,33,117,101,29" hai1="91,7,103,92,104,58,74,87,27,65,75,44,39" hai2="37,49,68,30,19,76,88,63,31,132,61,51,24" hai3="41,127,90,80,57,25,1,79,64,107,14,15,47"/><T123/><D2/><U94/><E44/><V110/><F37/><N who="0" m="14442" /><D13/><U102/><E58/><V3/><F3/><W105/><G1/><T56/><D77/><U60/><E65/><V120/><F76/><W135/><G90/><T59/><D29/><N who="2" m="10762" /><F68/><W69/><G25/><T40/><D33/><U97/><E60/><N who="2" m="23115" /><F120/><N who="0" m="46122" /><D101/><N who="1" m="62511" /><E27/><V85/><F132/><W129/><G135/><T6/><D6/><U72/><E39/><V17/><F110/><W108/><G108/><T100/><D100/><N who="1" m="38443" /><E7/><V20/><F19/><W35/><G15/><T95/><D95/><AGARI ba="0,0" hai="72,74,75,87,91,92,94,95" m="38443,62511" machi="95" ten="40,16000,3" yaku="35,5,52,4" doraHai="98" who="1" fromWho="0" sc="156,-160,235,160,236,0,373,0" /><AGARI ba="0,0" hai="17,20,24,49,51,85,88,95" m="23115,10762" machi="95" ten="30,2000,0" yaku="8,1,54,1" doraHai="98" who="2" fromWho="0" sc="-4,-20,395,0,236,20,373,0" owari="-24,-52.0,395,49.0,256,-14.0,373,17.0" />
</Scene>
</mjloggm>