<mjloggm ver="2.3"><GO type="169"/><UN n0="%41%53%41%50%49%4E" n1="%E8%99%8E%E5%85%90%E6%9C%97" n2="%E4%BB%AE%E3%81%A7%E3%81%99" n3="%E9%81%8A%E8%B5%B0" dan="18,16,16,17" rate="2243,2062,2067,2175" sx="M,M,M,F"/><TAIKYOKU oya="0"/>

<Scene>
<INIT seed="0,0,0,3,4,80" ten="250,250,250,250" oya="0" hai0="2,66,17,37,55,50,87,39,26,59,94,57,133" hai1="85,54,58,40,124,73,108,76,134,42,21,38,82" hai2="128,113,4,35,130,69,48,105,120,125,84,81,135" hai3="33,47,92,64,104,41,102,67,90,25,72,32,127"/><T110/><D2/><U78/><E108/><V45/><F120/><W20/><G72/><T7/><D7/><U93/><E134/><V23/><F113/><W115/><G115/><T0/><D0/><U101/><E124/><V103/><F35/><W11/><G127/><T83/><D133/><U3/><E3/><V74/><F74/><W97/><G11/><T123/><D123/><U99/><E38/><V6/><F69/><W18/><G33/><T68/><D110/><U56/><E78/><V116/><F116/><W117/><G32/><T62/><D94/><U112/><E112/><V31/><F135/><W86/><REACH who="3" step="1"/><G117/><REACH who="3" ten="250,250,250,240" step="2"/><T22/><REACH who="0" step="1"/><D68/><REACH who="0" ten="240,250,250,240" step="2"/><U111/><E111/><V132/><F125/><W5/><G5/><T12/><D12/><U79/><E73/><V88/><F4/><W131/><G131/><T96/><D96/><U60/><E99/><N who="2" m="61695" /><F6/><W71/><G71/><T109/><D109/><U10/><E10/><V70/><F70/><W100/><G100/><T121/><D121/><U51/><E101/><V30/><F132/><W126/><G126/><T24/><D24/><U36/><E36/><AGARI ba="0,2" hai="18,20,25,36,41,47,64,67,86,90,92,97,102,104" machi="36" ten="30,7700,0" yaku="1,1,7,1,52,1,53,1" doraHai="80" doraHaiUra="95" who="3" fromWho="1" sc="240,0,250,-77,250,0,240,97" />
</Scene>
<Scene>
<INIT seed="1,0,0,3,2,118" ten="240,173,250,337" oya="1" hai0="65,125,90,0,79,2,50,121,6,45,51,36,72" hai1="48,11,39,86,71,76,35,107,69,109,106,129,119" hai2="8,93,29,34,25,116,52,13,97,131,84,58,70" hai3="82,16,110,99,12,91,46,104,7,66,128,55,83"/><U101/><E119/><V123/><F70/><W100/><G128/><T62/><D125/><U15/><E39/><V3/><F3/><W21/><G110/><T32/><D32/><U103/><E35/><V98/><F116/><W64/><G7/><T9/><D2/><U10/><E129/><V127/><F127/><W56/><G46/><T49/><D90/><U61/><E48/><V43/><F43/><W102/><G102/><T5/><D5/><U80/><E109/><V54/><F131/><W24/><G12/><T44/><D121/><U1/><E1/><V47/><F47/><W95/><G83/><T18/><D18/><U41/><E41/><V117/><F117/><W85/><REACH who="3" step="1"/><G104/><REACH who="3" ten="240,173,250,327" step="2"/><T78/><D45/><U114/><E107/><V59/><F13/><W132/><G132/><T77/><D36/><U40/><E106/><V38/><F38/><W14/><G14/><T92/><D44/><U22/><E103/><V111/><F111/><W130/><G130/><T112/><D92/><U73/><E101/><V23/><F93/><W19/><G19/><T94/><D94/><U96/><E15/><V63/><F8/><W4/><G4/><T133/><D133/><U57/><E80/><V27/><F98/><W17/><G17/><T124/><D124/><U28/><E96/><V88/><F97/><W68/><G68/><T105/><D105/><U135/><E71/><V37/><F37/><W89/><G89/><T74/><D112/><U26/><E114/><V108/><F88/><W87/><G87/><T31/><D31/><U134/><E28/><V30/><F29/><RYUUKYOKU ba="0,1" sc="240,15,173,-15,250,-15,327,15" hai0="0,6,9,49,50,51,62,65,72,74,77,78,79" hai3="16,21,24,55,56,64,66,82,85,91,95,99,100" />
</Scene>
<Scene>
<INIT seed="2,1,1,5,5,20" ten="255,158,235,342" oya="2" hai0="34,109,25,52,71,122,124,105,110,21,92,46,44" hai1="90,43,51,2,13,81,101,133,129,99,135,35,120" hai2="82,48,60,16,121,86,134,106,66,63,97,68,119" hai3="64,10,28,77,39,18,1,125,113,45,50,84,11"/><V75/><F75/><W118/><G118/><T54/><D122/><U6/><E2/><V95/><F121/><W104/><G39/><T37/><D34/><U32/><E120/><V7/><F106/><W65/><G113/><T130/><D105/><U80/><E6/><V19/><F119/><W100/><G28/><T58/><D71/><U29/><E13/><V0/><F48/><W12/><G125/><T17/><D124/><U87/><E129/><V47/><F47/><W42/><G104/><T59/><D130/><U41/><E81/><V74/><F74/><W123/><G123/><T127/><D127/><U114/><E114/><V85/><F134/><N who="1" m="51209" /><E51/><V49/><F49/><W116/><G100/><T115/><D115/><U108/><E108/><N who="0" m="41577" /><D58/><U126/><E126/><V38/><F38/><W30/><G116/><T61/><D54/><U94/><E29/><V76/><F86/><W93/><G30/><T33/><D33/><AGARI ba="1,1" hai="32,33,35,41,43,80,87,90,94,99,101" m="51209" machi="33" ten="30,1000,0" yaku="20,1" doraHai="20" who="1" fromWho="0" sc="255,-13,158,23,235,0,342,0" />
</Scene>
<Scene>
<INIT seed="3,0,0,0,4,58" ten="242,181,235,342" oya="3" hai0="6,83,15,0,43,53,122,21,40,7,35,90,5" hai1="86,104,8,127,117,16,71,123,92,133,75,33,106" hai2="135,59,88,72,70,61,68,48,17,56,82,100,121" hai3="24,134,42,62,67,20,3,101,80,79,108,107,74"/><W118/><G118/><T84/><D122/><U23/><E123/><V78/><F121/><W14/><G3/><T66/><D35/><U95/><E75/><V54/><F100/><W132/><G108/><T102/><D0/><U120/><E33/><V29/><F29/><W31/><G42/><T39/><D39/><U64/><E120/><V125/><F125/><W103/><G14/><T113/><D113/><U51/><E127/><V37/><F37/><W34/><G20/><T93/><D66/><U4/><E117/><V91/><F17/><W52/><G52/><T87/><D102/><U124/><E124/><V57/><F135/><N who="3" m="51755" /><G107/><T114/><D114/><U73/><E106/><V63/><F70/><AGARI ba="0,0" hai="24,31,34,62,67,70,74,79,80,101,103" m="51755" machi="70" ten="30,2900,0" yaku="20,1,52,1" doraHai="58" who="3" fromWho="2" sc="242,0,181,0,235,-29,342,29" />
</Scene>
<Scene>
<INIT seed="3,1,0,4,2,87" ten="242,181,206,371" oya="3" hai0="23,50,15,61,69,83,113,13,128,80,78,114,101" hai1="135,20,96,118,36,98,37,77,40,70,124,81,12" hai2="5,84,32,57,21,51,134,49,97,25,67,48,85" hai3="99,119,64,94,24,35,65,130,92,62,122,120,60"/><W116/><G130/><T8/><D128/><U86/><E70/><V55/><F32/><W117/><G24/><T4/><D101/><U102/><E135/><V109/><F134/><W90/><G35/><T100/><D100/><U103/><E124/><V59/><F5/><W1/><G1/><T9/><D23/><U44/><E118/><V17/><F97/><W52/><G52/><T107/><D107/><U125/><E125/><V93/><F109/><W126/><G126/><T26/><D26/><U11/><E20/><V71/><F71/><W74/><G74/><T43/><D78/><U111/><E111/><V6/><F6/><W7/><G7/><N who="0" m="3231" /><D50/><N who="2" m="19562" /><F93/><W45/><G45/><T75/><D43/><U27/><E27/><V47/><F47/><W28/><G28/><T56/><D69/><U88/><E37/><V127/><F127/><W104/><G104/><T123/><D75/><U131/><E131/><V22/><F21/><W95/><G99/><T63/><D123/><N who="3" m="47145" /><G90/><T133/><D133/><U30/><E30/><V58/><F58/><W34/><G34/><T19/><D4/><U29/><E29/><V115/><F115/><N who="0" m="44042" /><D63/><AGARI ba="1,0" hai="17,22,25,51,55,57,59,63,67,84,85" m="19562" machi="63" ten="30,1000,0" yaku="8,1" doraHai="87" who="2" fromWho="0" sc="242,-13,181,0,206,13,371,0" /><AGARI ba="1,0" hai="60,62,63,64,65,92,94,95,116,117,119" m="47145" machi="63" ten="40,3900,0" yaku="28,2" doraHai="87" who="3" fromWho="0" sc="229,-39,181,0,219,0,371,39" />
</Scene>
<Scene>
<INIT seed="3,2,0,5,3,47" ten="190,181,219,410" oya="3" hai0="29,49,6,62,0,115,112,114,25,116,71,51,74" hai1="132,45,52,54,76,23,134,101,8,43,10,129,36" hai2="37,33,121,3,86,1,107,108,104,22,5,103,83" hai3="42,128,63,20,34,41,78,106,79,24,56,96,85"/><W39/><G34/><T93/><D116/><U46/><E129/><V119/><F33/><W26/><G128/><T94/><D74/><U80/><E101/><V77/><F37/><W100/><G26/><T130/><D130/><U61/><E23/><V27/><F108/><W73/><G73/><T91/><D6/><U64/><E8/><V50/><F119/><W135/><G135/><N who="1" m="51754" /><E10/><V105/><F103/><W123/><G123/><T60/><D0/><U66/><E80/><V90/><F121/><W117/><G117/><T82/><D82/><U124/><E76/><V18/><F5/><W70/><G70/><T38/><D38/><U88/><E88/><V57/><REACH who="2" step="1"/><F77/><REACH who="2" ten="190,181,209,410" step="2"/><W14/><G39/><T15/><D114/><U55/><E124/><V98/><F98/><W126/><G79/><T48/><D115/><U13/><E13/><V44/><F44/><W31/><G126/><T68/><D15/><U72/><E46/><V7/><F7/><W2/><G78/><T67/><D112/><U65/><E72/><V109/><F109/><W87/><G96/><T133/><D133/><U4/><E4/><V30/><F30/><W127/><G100/><T75/><D75/><U53/><N who="1" m="13312" /><DORA hai="118" /><U81/><E81/><V89/><F89/><W12/><G127/><T84/><D91/><U125/><E125/><V120/><F120/><W99/><G99/><T92/><D84/><U102/><E102/><V95/><F95/><W35/><G87/><T19/><D93/><U113/><E113/><V131/><F131/><W11/><G85/><T32/><D19/><U110/><E110/><RYUUKYOKU ba="2,1" sc="190,10,181,10,209,10,410,-30" hai0="25,29,32,48,49,51,60,62,67,68,71,92,94" hai1="36,43,45,61,64,65,66" hai2="1,3,18,22,27,50,57,83,86,90,104,105,107" />
</Scene>
<Scene>
<INIT seed="4,3,1,4,2,132" ten="200,191,219,380" oya="0" hai0="18,38,15,130,133,89,49,69,23,87,65,3,108" hai1="19,59,34,98,68,31,2,74,62,42,105,95,107" hai2="90,43,80,91,66,131,112,77,27,126,44,26,21" hai3="36,81,9,17,120,71,116,97,103,48,104,37,4"/><T109/><D38/><U124/><E68/><V1/><F1/><W122/><G116/><T0/><D130/><U13/><E2/><V101/><F131/><W24/><G71/><T5/><D133/><U63/><E74/><V32/><F66/><W40/><G81/><T11/><D3/><U73/><E73/><V119/><F119/><W58/><G17/><T54/><D65/><U106/><E42/><V52/><F101/><W125/><G24/><T7/><D69/><U57/><E31/><V16/><F112/><W30/><G30/><T117/><D117/><U72/><E72/><V100/><F100/><W78/><G78/><T60/><D60/><U67/><E34/><V64/><F64/><W121/><G58/><T129/><D129/><U94/><E124/><V53/><F126/><W79/><G79/><T41/><D41/><U84/><E59/><V96/><F27/><W82/><G82/><T110/><D5/><U76/><E76/><V123/><F32/><W88/><G125/><T118/><D118/><U35/><E35/><V20/><F20/><W39/><G88/><N who="2" m="33833" /><F96/><W115/><G115/><T10/><D10/><U28/><E28/><V85/><F123/><W128/><G128/><T102/><D102/><N who="1" m="60767" /><E67/><V14/><F26/><W55/><G40/><T83/><REACH who="0" step="1"/><D109/><REACH who="0" ten="190,191,219,380" step="2"/><U45/><E62/><V22/><F43/><W114/><G114/><T29/><D29/><U75/><E63/><V12/><F44/><AGARI ba="3,2" hai="0,7,11,15,18,23,44,49,54,83,87,89,108,110" machi="44" ten="40,2000,0" yaku="1,1,53,0" doraHai="132" doraHaiUra="134" who="0" fromWho="2" sc="190,49,191,0,219,-29,380,0" />
</Scene>
<Scene>
<INIT seed="4,4,0,1,2,15" ten="239,191,190,380" oya="0" hai0="38,93,127,48,25,91,88,99,130,83,51,75,35" hai1="39,79,17,106,32,100,50,69,2,102,42,103,65" hai2="89,98,121,45,60,12,78,54,113,120,90,58,59" hai3="95,123,14,105,5,30,115,92,18,119,61,128,82"/><T31/><D38/><U117/><E117/><V57/><F113/><W132/><G105/><T36/><D36/><U21/><E32/><V56/><F78/><W27/><G119/><T110/><D130/><U87/><E2/><V66/><F98/><W24/><G115/><T28/><D127/><U7/><E7/><V46/><F89/><W111/><G111/><T122/><D122/><N who="2" m="47210" /><F12/><W64/><G5/><T81/><D110/><U85/><E39/><V4/><F4/><W41/><G41/><T112/><D112/><U107/><E65/><V37/><F90/><W53/><G132/><T73/><D31/><U134/><E69/><N who="2" m="42183" /><F37/><W3/><G3/><T77/><D91/><U34/><E134/><V29/><F29/><W1/><G30/><T74/><REACH who="0" step="1"/><D83/><REACH who="0" ten="229,191,190,380" step="2"/><U67/><E103/><V114/><F114/><W109/><G123/><T124/><D124/><U8/><E102/><V96/><F96/><W68/><G109/><T47/><D47/><U16/><E100/><V63/><AGARI ba="4,1" hai="45,46,54,56,57,58,59,63" m="42183,47210" machi="63" ten="30,2000,0" yaku="34,2" doraHai="15" who="2" fromWho="2" sc="229,-14,191,-9,190,42,380,-9" />
</Scene>
<Scene>
<INIT seed="5,0,0,0,3,105" ten="215,182,232,371" oya="1" hai0="56,41,59,96,94,134,4,98,5,97,117,54,79" hai1="125,16,2,135,114,34,10,46,61,57,67,86,9" hai2="100,3,68,52,128,19,90,22,93,31,25,27,102" hai3="60,118,80,107,13,0,30,44,26,38,121,119,84"/><U65/><E114/><V72/><F68/><W37/><G121/><T24/><D117/><N who="3" m="44553" /><G107/><T14/><D134/><U70/><E135/><V116/><F3/><W50/><G0/><T99/><D41/><U48/><E125/><V111/><F116/><W21/><G60/><T32/><D79/><U77/><E34/><V18/><F111/><W42/><G13/><T39/><D39/><U74/><E86/><V73/><F128/><W58/><G58/><T88/><D59/><U91/><E91/><AGARI ba="0,0" hai="21,26,30,37,38,42,44,50,80,84,91" m="44553" machi="91" ten="30,1000,0" yaku="12,1" doraHai="105" who="3" fromWho="1" sc="215,0,182,-10,232,0,371,10" />
</Scene>
<Scene>
<INIT seed="6,0,0,1,2,110" ten="215,172,232,381" oya="2" hai0="20,109,83,132,92,15,71,2,87,125,55,47,76" hai1="123,104,26,31,91,130,17,34,88,84,77,49,11" hai2="5,90,1,100,16,89,133,6,8,81,50,46,72" hai3="42,30,127,25,103,120,99,93,66,86,114,9,27"/><V40/><F5/><W85/><G120/><T113/><D109/><U106/><E123/><V59/><F133/><W0/><G114/><T60/><D2/><U32/><E32/><V56/><F100/><W3/><G127/><T111/><D111/><U36/><E36/><V134/><F134/><W51/><G0/><T29/><D132/><U12/><E130/><V74/><F74/><W68/><G68/><T33/><D125/><U122/><E122/><V65/><F65/><W57/><G3/><T10/><D33/><U37/><E37/><V117/><F117/><W126/><G9/><T124/><D124/><U45/><E77/><V75/><F75/><W52/><G126/><T64/><D113/><U69/><E69/><V98/><F98/><W80/><G66/><T112/><D112/><U53/><REACH who="1" step="1"/><E91/><REACH who="1" ten="215,162,232,381" step="2"/><V70/><F70/><W131/><G131/><T7/><D76/><U116/><E116/><V121/><F121/><W73/><G73/><T82/><D71/><U101/><E101/><V62/><F72/><W43/><G103/><T61/><D64/><U102/><E102/><V23/><F90/><W94/><G30/><T58/><D29/><U28/><E28/><V21/><F89/><W18/><G94/><AGARI ba="0,1" hai="11,12,17,26,31,34,45,49,53,84,88,94,104,106" machi="94" ten="30,3900,0" yaku="1,1,7,1,54,1,53,0" doraHai="110" doraHaiUra="96" who="1" fromWho="3" sc="215,0,162,49,232,0,381,-39" />
</Scene>
<Scene>
<INIT seed="7,0,0,5,5,49" ten="215,211,232,342" oya="3" hai0="11,101,89,123,57,37,125,67,50,111,113,93,32" hai1="3,29,20,126,18,121,122,78,66,65,26,30,105" hai2="19,10,16,14,61,83,75,87,23,72,100,21,120" hai3="90,27,106,77,131,70,114,71,12,118,117,134,95"/><W97/><G12/><T127/><D111/><U36/><E105/><V64/><F100/><W104/><G90/><T85/><D123/><N who="1" m="47115" /><E78/><V7/><F120/><W46/><G95/><T8/><D32/><U130/><E36/><V51/><F51/><W15/><G97/><N who="0" m="59567" /><D37/><U124/><E130/><V55/><F55/><W44/><G15/><T88/><D89/><U103/><E103/><V35/><F35/><W17/><G77/><T86/><D113/><U28/><E3/><V22/><F72/><W9/><G71/><T4/><D4/><U68/><E68/><V5/><F75/><W99/><G70/><T129/><D129/><U13/><E26/><V59/><F5/><W94/><G27/><T115/><D115/><U56/><E56/><V74/><F74/><W109/><G106/><T41/><D86/><U119/><E119/><V60/><F60/><W135/><G104/><T45/><D67/><U2/><E2/><V107/><F107/><W48/><G99/><T33/><D57/><U69/><E69/><V1/><F1/><W0/><G0/><T110/><D110/><U40/><E40/><V52/><REACH who="2" step="1"/><F64/><REACH who="2" ten="215,211,222,342" step="2"/><W84/><G109/><T92/><D33/><U54/><E54/><V31/><F31/><W38/><G117/><T63/><D63/><U42/><E42/><V96/><F96/><W108/><G118/><T76/><D76/><AGARI ba="0,1" hai="7,10,14,16,19,21,22,23,52,59,61,76,83,87" machi="76" ten="40,8000,1" yaku="1,1,8,1,52,1,54,2,53,0" doraHai="49" doraHaiUra="112" who="2" fromWho="0" sc="215,-80,211,0,222,90,342,0" owari="135,-36.0,211,-19.0,312,11.0,342,44.0" />
</Scene>
</mjloggm>