<mjloggm ver="2.3"><GO type="169"/><UN n0="%4B%69%53%68%69%6D%40" n1="%E3%82%B4%E3%83%9F%E3%82%AF%E3%82%BA%E4%B8%83%E6%AE%B5" n2="%41%53%41%50%49%4E" n3="%E3%82%86%E3%82%86" dan="16,17,18,16" rate="2027,2045,2227,2103" sx="M,F,M,M"/><TAIKYOKU oya="0"/>

<Scene>
<INIT seed="0,0,0,0,3,67" ten="250,250,250,250" oya="0" hai0="16,68,108,17,76,0,86,132,88,128,9,13,93" hai1="121,114,90,107,127,54,77,84,15,119,94,36,19" hai2="44,7,46,125,11,32,59,105,89,6,65,104,41" hai3="80,57,95,122,56,51,85,20,39,53,126,24,64"/><T109/><D0/><U8/><E119/><V106/><F32/><W100/><G39/><T26/><D128/><U18/><E121/><V47/><F125/><W103/><G126/><T12/><D132/><U75/><E127/><V96/><F41/><W3/><G3/><T72/><D26/><U23/><E36/><V116/><F116/><W58/><G122/><T133/><D133/><U120/><E120/><V82/><F11/><W135/><G135/><T69/><D76/><U81/><E114/><V60/><F82/><W42/><G42/><T25/><D25/><U50/><E107/><V30/><F30/><W1/><G1/><T28/><D28/><U124/><E124/><V71/><F89/><W113/><G113/><T63/><D72/><U37/><E37/><V130/><F130/><W43/><G43/><T61/><D61/><U66/><E66/><V112/><F112/><W70/><G100/><T134/><D134/><U73/><E73/><V83/><F83/><W91/><G103/><T78/><D78/><U33/><E33/><V45/><F96/><W101/><G101/><T21/><D63/><U34/><E34/><V123/><F123/><W99/><G80/><T74/><D74/><U5/><E23/><V4/><N who="2" m="11264" /><DORA hai="14" /><V131/><REACH who="2" step="1"/><F131/><REACH who="2" ten="250,250,240,250" step="2"/><W35/><G35/><T87/><REACH who="0" step="1"/><D86/><REACH who="0" ten="240,250,240,250" step="2"/><N who="1" m="52567" /><E75/><V22/><F22/><W62/><REACH who="3" step="1"/><G85/><REACH who="3" ten="240,250,240,240" step="2"/><T49/><D49/><U79/><E79/><V102/><F102/><W10/><G10/><T40/><D40/><U2/><E2/><V111/><F111/><AGARI ba="0,3" hai="9,12,13,16,17,21,68,69,87,88,93,108,109,111" machi="111" ten="40,24000,3" yaku="1,1,14,1,10,1,52,4,54,2,53,0" doraHai="67,14" doraHaiUra="97,98" who="0" fromWho="2" sc="240,270,250,0,240,-240,240,0" />
</Scene>
<Scene>
<INIT seed="0,1,0,2,3,43" ten="510,250,0,240" oya="0" hai0="39,95,30,32,61,17,33,47,71,131,78,67,100" hai1="3,27,97,118,18,16,72,73,64,80,29,5,93" hai2="105,66,119,82,126,74,36,40,69,8,79,44,1" hai3="99,117,49,135,87,24,134,19,0,114,9,124,89"/><T112/><D112/><U55/><E118/><V94/><F94/><W22/><G114/><T104/><D104/><U125/><E125/><V12/><F12/><W84/><G117/><T106/><D106/><U91/><E64/><V2/><F119/><W128/><G124/><T76/><D131/><U21/><E3/><V28/><F126/><W110/><G128/><T41/><D17/><U46/><E5/><V130/><F130/><W101/><G110/><T85/><D30/><U81/><E73/><V65/><F28/><W133/><G49/><T86/><D100/><U96/><E72/><V68/><F8/><W108/><G108/><T63/><D63/><U37/><E37/><V51/><F51/><W122/><G122/><T10/><D10/><U83/><E97/><V107/><F66/><W31/><G89/><T92/><D92/><U45/><E55/><V50/><F50/><W34/><G9/><T127/><D127/><U102/><E102/><V35/><F35/><W57/><G57/><T132/><D132/><U62/><E62/><N who="2" m="39991" /><F69/><W123/><G0/><AGARI ba="1,0" hai="0,1,2,36,40,44,74,79,82,105,107" m="39991" machi="0" ten="30,3900,0" yaku="33,2,52,1" doraHai="43" who="2" fromWho="3" sc="510,0,250,0,0,42,240,-42" />
</Scene>
<Scene>
<INIT seed="1,0,0,2,4,90" ten="510,250,42,198" oya="1" hai0="121,58,11,23,49,10,84,35,64,79,126,85,99" hai1="28,61,110,0,107,24,88,51,32,67,102,119,116" hai2="56,48,123,27,82,95,57,133,76,122,71,66,41" hai3="65,100,77,69,73,103,120,63,2,43,75,21,129"/><U124/><E0/><V132/><F27/><W114/><G120/><N who="2" m="46121" /><F82/><W37/><G114/><T131/><D121/><U44/><E124/><V104/><F104/><W59/><G2/><T96/><D35/><U83/><E110/><V22/><F22/><W26/><G69/><T91/><D126/><U125/><E125/><V74/><F76/><W25/><G25/><T3/><D3/><U42/><E102/><V30/><F30/><W29/><G129/><T55/><D131/><U19/><E107/><V7/><F7/><W6/><G6/><T94/><D64/><U1/><E1/><V45/><F95/><W127/><G127/><T16/><D84/><U18/><E119/><V93/><F93/><W86/><G86/><T52/><D55/><U50/><E116/><V68/><F74/><W78/><G77/><T135/><D135/><N who="2" m="51786" /><F66/><W89/><G89/><T128/><D128/><U13/><E88/><V118/><F118/><W115/><G75/><T14/><D79/><U101/><E101/><V60/><F60/><W54/><G65/><T12/><D12/><U62/><E83/><V105/><F105/><W33/><G21/><T5/><D5/><U31/><E31/><V39/><F39/><W15/><G15/><T17/><D17/><N who="1" m="6155" /><E13/><V108/><F108/><W112/><G103/><T9/><AGARI ba="0,0" hai="9,10,11,14,16,23,49,52,58,85,91,94,96,99" machi="9" ten="30,12000,2" yaku="0,1,25,2,8,1,52,1,54,2" doraHai="90" who="0" fromWho="0" sc="510,120,250,-60,42,-30,198,-30" />
</Scene>
<Scene>
<INIT seed="2,0,0,4,3,75" ten="630,190,12,168" oya="2" hai0="4,74,53,11,40,34,112,87,10,88,77,17,52" hai1="49,129,125,111,72,76,85,134,78,50,106,98,24" hai2="26,90,84,118,21,6,119,83,7,28,8,86,101" hai3="22,82,62,12,67,120,105,102,61,2,18,91,25"/><V35/><F101/><W68/><G120/><T42/><D112/><U15/><E72/><V66/><F66/><W114/><G2/><T135/><D34/><U121/><E121/><V73/><F73/><W29/><G114/><T3/><D135/><U44/><E134/><V70/><F70/><W47/><G62/><T64/><D64/><U108/><E129/><V54/><F7/><W13/><G47/><T65/><D65/><U124/><E24/><V80/><F54/><W58/><G58/><T51/><D77/><N who="1" m="29803" /><E85/><V127/><F127/><N who="1" m="48713" /><E15/><V1/><REACH who="2" step="1"/><F35/><REACH who="2" ten="630,190,2,168" step="2"/><W132/><G132/><T19/><D74/><U117/><E117/><V122/><F122/><W33/><G33/><T103/><D4/><U104/><E98/><V39/><F39/><W55/><G68/><T92/><D3/><U97/><E97/><V27/><F27/><W96/><G25/><T110/><D53/><N who="1" m="29863" /><E50/><V14/><F14/><W100/><G13/><T16/><D51/><U59/><E59/><V113/><F113/><W107/><G12/><T5/><D5/><U48/><E48/><V41/><F41/><W109/><G96/><T130/><D130/><U46/><E46/><V45/><F45/><W30/><G102/><T32/><D103/><U69/><E69/><V95/><F95/><W89/><G100/><T9/><D92/><U81/><E81/><V60/><F60/><W56/><G61/><T31/><D40/><U71/><E71/><V115/><F115/><W133/><G82/><T94/><D42/><U79/><E104/><V37/><F37/><W123/><G107/><T131/><D131/><RYUUKYOKU ba="0,1" sc="630,-10,190,-10,2,30,168,-10" hai2="1,6,8,21,26,28,80,83,84,86,90,118,119" />
</Scene>
<Scene>
<INIT seed="2,1,1,4,1,122" ten="620,180,32,158" oya="2" hai0="57,30,126,91,116,90,20,103,114,76,110,80,97" hai1="132,95,68,64,125,43,50,16,101,69,119,37,81" hai2="62,27,63,58,52,135,46,10,129,3,78,73,77" hai3="82,111,26,134,93,6,44,86,59,92,120,112,133"/><V105/><F105/><W35/><G120/><T31/><D114/><U48/><E119/><V65/><F73/><W75/><G75/><T19/><D116/><U4/><E37/><V55/><F129/><W113/><G6/><T87/><D126/><U47/><E4/><V42/><F135/><N who="3" m="51723" /><G44/><T100/><D110/><U121/><E132/><V130/><F130/><W32/><G111/><T2/><D2/><U49/><E121/><V11/><F27/><W74/><G74/><T124/><D124/><U79/><E125/><V12/><F3/><W66/><G93/><N who="0" m="56503" /><D57/><U108/><E68/><V89/><F89/><W17/><G92/><T123/><D91/><U5/><E5/><V40/><F46/><W60/><G17/><T109/><D109/><U1/><E1/><V106/><F106/><W88/><G35/><T70/><D70/><U56/><E108/><V98/><F98/><W54/><G66/><T99/><D123/><U94/><E64/><V14/><F65/><W107/><G107/><T127/><D127/><U29/><E95/><V104/><F104/><W21/><G21/><T13/><D99/><N who="1" m="59639" /><E29/><AGARI ba="1,1" hai="26,29,32,54,59,60,82,86,88,112,113" m="51723" machi="29" ten="30,2000,0" yaku="20,1,54,1" doraHai="122" who="3" fromWho="1" sc="620,0,180,-23,32,0,158,33" /><AGARI ba="1,0" hai="13,19,20,29,30,31,76,80,87,100,103" m="56503" machi="29" ten="30,1000,0" yaku="8,1" doraHai="122" who="0" fromWho="1" sc="620,10,157,-10,32,0,191,0" />
</Scene>
<Scene>
<INIT seed="3,0,0,5,2,58" ten="630,147,32,191" oya="3" hai0="122,86,46,120,40,135,124,9,42,68,108,11,88" hai1="69,28,38,55,117,25,12,37,17,0,91,95,75" hai2="50,5,133,56,126,24,85,39,26,131,63,99,3" hai3="10,79,61,82,53,33,116,23,104,106,107,113,123"/><W19/><G123/><T118/><D118/><U81/><E0/><V134/><F39/><W102/><G33/><T71/><D108/><U84/><E69/><V76/><F131/><W65/><G116/><T128/><D128/><U78/><E55/><V97/><F126/><W27/><G10/><T67/><D124/><U77/><E77/><V51/><F76/><W111/><G111/><T13/><D135/><N who="2" m="51722" /><F85/><W6/><G6/><T112/><D112/><U105/><E105/><V43/><F5/><W96/><G53/><T90/><D67/><U29/><E117/><V4/><F4/><W132/><G113/><T59/><D59/><U89/><E89/><V35/><F3/><W14/><G27/><N who="2" m="10281" /><F35/><W31/><G31/><T36/><D36/><U16/><E29/><V127/><F127/><W103/><G103/><T93/><D86/><U62/><E17/><V8/><F8/><W20/><G20/><T101/><D9/><U129/><E129/><V45/><F51/><W64/><G132/><T66/><D11/><N who="1" m="6175" /><E38/><V41/><F41/><W94/><REACH who="3" step="1"/><G61/><REACH who="3" ten="630,147,32,181" step="2"/><T114/><D114/><U115/><E62/><V52/><AGARI ba="0,1" hai="43,45,50,52,56,63,97,99" m="10281,51722" machi="52" ten="30,4000,0" yaku="20,1,52,1,54,1" doraHai="58" who="2" fromWho="2" sc="630,-10,147,-10,32,50,181,-20" />
</Scene>
<Scene>
<INIT seed="4,0,0,2,5,134" ten="620,137,82,161" oya="0" hai0="128,50,12,71,94,125,105,129,109,36,86,123,115" hai1="117,43,76,103,70,21,73,44,18,77,93,72,24" hai2="48,62,57,131,79,14,35,102,28,30,69,114,39" hai3="116,122,135,33,75,96,108,127,32,90,46,80,54"/><T0/><RYUUKYOKU type="yao9" ba="0,0" sc="620,0,137,0,82,0,161,0" hai0="0,12,36,50,71,86,94,105,109,115,123,125,128,129" />
</Scene>
<Scene>
<INIT seed="4,1,0,2,2,35" ten="620,137,82,161" oya="0" hai0="102,26,82,115,117,128,56,22,110,48,97,80,105" hai1="92,14,112,7,129,21,100,89,43,57,70,18,132" hai2="16,8,134,71,124,15,79,2,127,125,123,49,130" hai3="32,120,78,99,73,42,126,85,81,101,47,59,31"/><T75/><D117/><U63/><E70/><V94/><F71/><W51/><G32/><T46/><D75/><U119/><E119/><V88/><F123/><W103/><G31/><T113/><D128/><U24/><E129/><V45/><F130/><W106/><G103/><T39/><D39/><U90/><E132/><V10/><F79/><W29/><G29/><N who="0" m="17623" /><D56/><U66/><E112/><N who="0" m="43081" /><D110/><U111/><E111/><V121/><F121/><W6/><G6/><T69/><D69/><U0/><E43/><AGARI ba="1,0" hai="43,46,48,80,82,97,102,105" m="43081,17623" machi="43" ten="30,1500,0" yaku="15,1" doraHai="35" who="0" fromWho="1" sc="620,18,137,-18,82,0,161,0" />
</Scene>
<Scene>
<INIT seed="4,2,0,2,4,105" ten="638,119,82,161" oya="0" hai0="94,27,3,108,13,50,117,46,95,121,61,101,21" hai1="86,112,89,57,67,133,11,84,31,5,80,127,79" hai2="7,23,56,90,129,20,122,97,42,85,48,38,45" hai3="115,34,78,41,4,29,116,107,114,35,87,134,54"/><T82/><D3/><U72/><E133/><V18/><F122/><W2/><G116/><T14/><D117/><U93/><E127/><V33/><F33/><W40/><G107/><T59/><D121/><U63/><E112/><N who="3" m="43050" /><G134/><T109/><D82/><U55/><E31/><V103/><F129/><W22/><G54/><T98/><D94/><U130/><E130/><V70/><F70/><W16/><G87/><T44/><D13/><U12/><REACH who="1" step="1"/><E55/><REACH who="1" ten="638,109,82,161" step="2"/><V36/><F42/><W81/><G29/><T65/><D109/><U19/><E19/><V111/><F111/><W9/><G40/><T99/><D108/><U53/><E53/><V15/><F18/><W28/><G41/><T43/><D43/><U1/><E1/><V131/><F131/><W37/><G28/><T123/><D123/><U47/><E47/><V91/><F45/><W102/><G16/><T124/><D124/><U10/><E10/><N who="2" m="4575" /><F36/><W30/><G37/><T49/><D44/><U132/><E132/><V58/><F38/><W51/><G30/><T60/><D46/><U106/><E106/><N who="2" m="63855" /><F48/><W104/><G51/><T71/><D49/><U120/><E120/><V135/><F135/><W64/><G2/><T25/><D50/><U68/><E68/><V126/><F126/><W32/><G9/><T17/><D71/><U76/><E76/><V96/><F23/><W66/><G22/><T128/><D128/><U83/><E83/><N who="2" m="49471" /><F20/><W88/><G78/><T6/><D21/><U73/><AGARI ba="2,1" hai="5,11,12,57,63,67,72,73,79,80,84,86,89,93" machi="73" ten="30,7900,0" yaku="1,1,0,1,52,2,53,0" doraHai="105" doraHaiUra="119" who="1" fromWho="1" sc="638,-41,109,95,82,-22,161,-22" />
</Scene>
<Scene>
<INIT seed="5,0,0,5,0,40" ten="597,204,60,139" oya="1" hai0="33,129,124,16,62,21,34,49,128,51,85,101,89" hai1="30,130,41,116,18,64,3,112,25,134,77,10,121" hai2="123,22,108,43,100,36,84,127,1,96,98,24,73" hai3="109,55,48,13,125,95,122,119,59,93,91,70,103"/><U86/><E116/><V111/><F123/><W71/><G122/><T31/><D101/><U42/><E121/><V35/><F73/><W19/><G109/><T15/><D124/><U29/><E112/><V105/><F1/><W20/><G125/><T65/><D49/><U47/><E134/><V67/><F127/><W87/><REACH who="3" step="1"/><G119/><REACH who="3" ten="597,204,60,129" step="2"/><T72/><D129/><U61/><E130/><V12/><F111/><W38/><G38/><T126/><D128/><U90/><E3/><V76/><F108/><W80/><G80/><T56/><D126/><U14/><E77/><V27/><F36/><W74/><G74/><T45/><D72/><U83/><E25/><V117/><F117/><W9/><G9/><T132/><D132/><U60/><E60/><V26/><F27/><W99/><AGARI ba="0,1" hai="13,19,20,48,55,59,70,71,87,91,93,95,99,103" machi="99" ten="30,8000,1" yaku="1,1,0,1,25,2,53,1" doraHai="40" doraHaiUra="46" who="3" fromWho="3" sc="597,-20,204,-40,60,-20,129,90" />
</Scene>
<Scene>
<INIT seed="6,0,0,0,4,24" ten="577,164,40,219" oya="2" hai0="9,15,90,84,83,48,96,71,17,53,81,23,114" hai1="66,125,98,112,44,79,118,27,36,109,30,133,62" hai2="76,60,65,41,129,12,51,4,22,108,55,99,16" hai3="5,115,107,130,106,64,134,127,18,7,54,87,2"/><V42/><F129/><W11/><G115/><T38/><D38/><U119/><E109/><V63/><F108/><W1/><G134/><T113/><D71/><U94/><E112/><N who="0" m="43113" /><D96/><U100/><E133/><V128/><F128/><W25/><G18/><T78/><D23/><N who="1" m="15743" /><E79/><V58/><F76/><W34/><G87/><T8/><D8/><U132/><E132/><V46/><F4/><W29/><G54/><T77/><D83/><U120/><E120/><V82/><F82/><W68/><G130/><T92/><D92/><U126/><E44/><AGARI ba="0,0" hai="9,15,17,44,48,53,77,78,81,84,90" m="43113" machi="44" ten="30,2000,0" yaku="25,1,15,1" doraHai="24" who="0" fromWho="1" sc="577,20,164,-20,40,0,219,0" />
</Scene>
<Scene>
<INIT seed="7,0,0,1,4,7" ten="597,144,40,219" oya="3" hai0="104,63,57,76,101,111,77,95,123,83,90,100,106" hai1="65,33,15,113,43,108,75,91,93,60,27,25,2" hai2="10,31,82,68,129,127,131,22,41,78,19,5,84" hai3="73,53,88,114,0,45,126,85,30,118,120,98,86"/><W38/><G73/><T97/><D111/><U64/><E108/><V115/><F68/><W96/><G0/><T29/><D123/><U9/><E2/><V24/><F41/><W66/><G66/><N who="1" m="25706" /><E33/><V20/><F84/><W35/><G30/><T4/><D4/><N who="1" m="3495" /><E113/><V46/><F46/><W112/><G53/><T44/><D44/><U52/><E43/><V69/><F82/><W89/><G35/><T56/><D83/><U67/><E75/><V70/><F78/><W132/><G45/><T135/><D90/><U99/><E67/><V49/><F49/><W16/><G38/><T74/><D95/><U51/><E60/><V61/><F61/><W102/><G89/><T125/><D56/><AGARI ba="0,0" hai="25,27,51,52,56,91,93,99" m="3495,25706" machi="56" ten="30,3900,0" yaku="8,1,52,1,54,1" doraHai="7" who="1" fromWho="0" sc="597,-39,144,39,40,0,219,0" owari="558,66.0,183,-22.0,40,-46.0,219,2.0" />
</Scene>
</mjloggm>