<mjloggm ver="2.3"><GO type="169"/><UN n0="%31%E6%9C%88%31%31%E6%97%A5" n1="%41%53%41%50%49%4E" n2="%E6%B3%95%E5%BE%8B%E5%8B%89%E5%BC%B7%E4%B8%AD" n3="%6E%69%6A%69" dan="17,18,18,17" rate="2144,2218,2220,2106" sx="M,M,M,M"/><TAIKYOKU oya="0"/>

<Scene>
<INIT seed="0,0,0,5,1,130" ten="250,250,250,250" oya="0" hai0="90,81,71,53,113,57,125,61,78,85,11,108,23" hai1="92,58,93,76,111,40,106,128,114,80,29,101,121" hai2="1,30,124,73,51,95,119,44,25,74,77,63,56" hai3="104,127,41,19,69,62,103,98,28,75,123,15,21"/><T65/><D113/><U99/><E40/><V42/><F1/><W100/><G75/><T82/><D125/><U17/><E29/><V55/><F124/><W122/><G127/><T27/><D11/><U31/><E31/><V86/><F119/><W37/><G100/><T115/><D115/><U18/><E58/><V118/><F118/><W64/><G41/><T2/><D2/><U50/><E50/><V132/><F132/><W4/><G37/><T126/><D126/><U133/><E18/><V117/><F117/><W112/><G112/><T39/><D39/><U20/><E114/><V8/><F8/><W59/><G4/><T26/><D108/><U110/><E128/><V52/><F55/><W10/><G10/><T89/><D26/><U16/><E17/><V32/><REACH who="2" step="1"/><F95/><REACH who="2" ten="250,250,240,250" step="2"/><W67/><G67/><T91/><D53/><U49/><E133/><V6/><F6/><W135/><G135/><T7/><D7/><U45/><E93/><V9/><F9/><W94/><G94/><T109/><D109/><U129/><E92/><V46/><F46/><W96/><G96/><T66/><D66/><U102/><E129/><V36/><F36/><W60/><G64/><T97/><D97/><U48/><E102/><V84/><F84/><W33/><G98/><T72/><REACH who="0" step="1"/><D71/><REACH who="0" ten="240,250,240,250" step="2"/><U116/><E110/><V88/><F88/><W14/><G69/><T68/><D68/><U3/><E111/><V24/><F24/><W131/><G131/><T22/><D22/><U107/><E3/><V70/><F70/><W87/><G21/><T43/><D43/><U120/><E20/><RYUUKYOKU ba="0,2" sc="240,15,250,-15,240,15,250,-15" hai0="23,27,57,61,65,72,78,81,82,85,89,90,91" hai2="25,30,32,42,44,51,52,56,63,73,74,77,86" />
</Scene>
<Scene>
<INIT seed="0,1,2,5,4,32" ten="255,235,255,235" oya="0" hai0="35,106,88,123,105,64,135,57,58,73,5,8,50" hai1="41,108,20,24,9,28,101,93,113,45,56,134,125" hai2="25,121,46,117,122,120,17,44,77,119,27,18,69" hai3="124,76,19,103,66,61,86,12,39,78,72,133,3"/><T21/><D123/><U112/><E108/><V54/><F69/><W65/><G72/><T83/><D35/><U43/><E134/><V33/><F77/><W81/><G39/><T11/><D135/><U52/><E125/><V90/><F90/><W42/><G133/><T87/><D73/><U111/><E111/><V132/><F132/><W118/><G118/><N who="2" m="45065" /><F54/><W48/><G103/><T67/><D21/><U49/><E41/><V96/><F96/><W15/><G124/><T98/><D11/><U62/><E101/><V75/><F33/><W0/><G76/><T10/><D10/><U94/><REACH who="1" step="1"/><E9/><REACH who="1" ten="255,225,255,235" step="2"/><V68/><F122/><W110/><G110/><T47/><D8/><U100/><E100/><V38/><F121/><W29/><G42/><T74/><D5/><U79/><E79/><V84/><F120/><W59/><G78/><T85/><D74/><U22/><E22/><V115/><F75/><W63/><G0/><T126/><D126/><U71/><E71/><V91/><F91/><W107/><G3/><T34/><D34/><U129/><E129/><V80/><F115/><AGARI ba="1,3" hai="20,24,28,43,45,49,52,56,62,93,94,112,113,115" machi="115" ten="40,12000,2" yaku="1,1,11,1,54,1,53,3" doraHai="32" doraHaiUra="109" who="1" fromWho="2" sc="255,0,225,153,255,-123,235,0" />
</Scene>
<Scene>
<INIT seed="1,0,0,4,0,52" ten="255,378,132,235" oya="1" hai0="121,72,89,9,126,79,14,103,20,29,129,28,31" hai1="18,87,49,125,128,96,58,85,55,46,106,53,39" hai2="2,92,74,11,48,131,17,0,43,116,99,50,95" hai3="73,122,66,88,69,6,110,123,108,76,86,24,36"/><U62/><E128/><V84/><F74/><W19/><G36/><T8/><D72/><U114/><E114/><V64/><F116/><W65/><G6/><T112/><D112/><U47/><E125/><V13/><F131/><W41/><G41/><T91/><D129/><U5/><E5/><V100/><F64/><W78/><G73/><T54/><D79/><U127/><E127/><V16/><F17/><W105/><G105/><T22/><D126/><U32/><E32/><V61/><F61/><W26/><G86/><T70/><D70/><U113/><E113/><V130/><F130/><W68/><G19/><T135/><D135/><U107/><E107/><V98/><F84/><W56/><G88/><T23/><D103/><U83/><E18/><V7/><F43/><W35/><G35/><T57/><D121/><U82/><E85/><V109/><F109/><W80/><G80/><T15/><D89/><U133/><E133/><V25/><F25/><W10/><G10/><N who="0" m="4203" /><D91/><U59/><E39/><V3/><REACH who="2" step="1"/><F7/><REACH who="2" ten="255,378,122,235" step="2"/><W71/><G71/><T45/><D31/><U93/><E83/><V1/><N who="2" m="0" /><DORA hai="40" /><V60/><F60/><W119/><G119/><T34/><D29/><U77/><REACH who="1" step="1"/><E106/><REACH who="1" ten="255,368,122,235" step="2"/><V63/><F63/><W118/><G118/><T94/><D28/><U27/><E27/><V90/><AGARI ba="0,2" hai="11,13,16,48,50,90,92,95,98,99,100" m="0" machi="90" ten="60,7900,0" yaku="1,1,0,1,54,1,53,0" doraHai="52,40" doraHaiUra="67,104" who="2" fromWho="2" sc="255,-20,368,-39,122,99,235,-20" />
</Scene>
<Scene>
<INIT seed="2,0,0,0,0,116" ten="235,329,221,215" oya="2" hai0="78,55,76,60,23,114,74,42,63,75,8,64,45" hai1="36,83,99,72,86,22,19,16,96,128,4,104,17" hai2="79,35,31,26,70,115,107,48,28,95,94,113,119" hai3="112,13,126,67,33,14,124,38,135,9,25,130,7"/><V54/><F107/><W92/><G38/><T39/><D114/><U87/><E36/><V58/><F119/><W65/><G112/><T88/><D23/><U24/><E128/><V90/><F70/><W10/><G130/><T57/><D76/><U3/><E72/><V93/><F79/><W105/><G105/><T52/><D78/><U46/><E104/><V84/><F31/><N who="3" m="19695" /><G92/><T122/><D8/><U73/><E73/><V6/><F6/><N who="3" m="3255" /><G65/><T102/><D102/><U106/><E3/><V40/><F95/><W81/><G67/><T59/><D122/><U71/><E4/><V2/><F2/><W121/><G81/><T66/><D75/><U109/><E71/><V80/><F94/><W129/><G129/><T5/><D5/><U134/><E83/><V77/><REACH who="2" step="1"/><F40/><REACH who="2" ten="235,329,211,215" step="2"/><W34/><G135/><T1/><D1/><U20/><E134/><V117/><F117/><W51/><G34/><T49/><D74/><AGARI ba="0,1" hai="26,28,35,48,54,58,74,77,80,84,90,93,113,115" machi="74" ten="30,2900,0" yaku="1,1,7,1,53,0" doraHai="116" doraHaiUra="12" who="2" fromWho="0" sc="235,-29,329,0,211,39,215,0" />
</Scene>
<Scene>
<INIT seed="2,1,0,3,4,46" ten="206,329,250,215" oya="2" hai0="101,13,28,19,36,43,83,78,5,45,66,135,87" hai1="118,130,47,62,71,53,50,102,14,48,117,98,77" hai2="56,80,90,92,124,24,82,57,20,103,32,129,11" hai3="131,44,75,84,121,88,105,89,133,0,58,30,110"/><V25/><F124/><W100/><G0/><T70/><D135/><U125/><E125/><V27/><F129/><W54/><G75/><T33/><D101/><U111/><E130/><V37/><F32/><W109/><G131/><T29/><D33/><U123/><E111/><V38/><F20/><W97/><G121/><T60/><D5/><U134/><E134/><V108/><F108/><N who="3" m="41579" /><G133/><T9/><AGARI ba="1,0" hai="9,13,19,28,29,36,43,45,60,66,70,78,83,87" machi="9" ten="20,1500,0" yaku="0,1,7,1" doraHai="46" who="0" fromWho="0" sc="206,18,329,-5,250,-8,215,-5" />
</Scene>
<Scene>
<INIT seed="3,0,0,4,2,36" ten="224,324,242,210" oya="3" hai0="71,103,56,34,59,25,100,48,90,29,104,94,52" hai1="133,37,118,43,85,15,63,33,93,101,9,57,44" hai2="66,20,89,13,130,98,21,1,38,106,14,96,50" hai3="42,47,27,51,62,91,65,69,123,7,17,73,58"/><W32/><G73/><T11/><D71/><U55/><E133/><V77/><F38/><W60/><G123/><T68/><D68/><U23/><E118/><V67/><F1/><W75/><G75/><T107/><D11/><U84/><E33/><V95/><F77/><W109/><G7/><T64/><D64/><U6/><E101/><V54/><F130/><W127/><G127/><T40/><D40/><U117/><E117/><V86/><F14/><W83/><G109/><T26/><D59/><U4/><E93/><V82/><F106/><W128/><G128/><T0/><D0/><U102/><E102/><V99/><F82/><W111/><G111/><T92/><D92/><U125/><E125/><V116/><F116/><W12/><G32/><T113/><D113/><U110/><E110/><V39/><F39/><W10/><G27/><T124/><D124/><U115/><E115/><V28/><F21/><W88/><REACH who="3" step="1"/><G83/><REACH who="3" ten="224,324,242,200" step="2"/><T112/><D112/><U132/><E4/><V53/><F13/><W129/><G129/><T97/><D104/><U126/><E126/><V119/><F119/><W131/><G131/><T72/><D107/><U135/><E135/><V108/><F108/><W16/><G16/><T80/><D25/><U30/><E132/><V78/><F95/><W61/><G61/><T2/><D2/><U121/><E121/><V41/><F28/><W81/><G81/><T18/><D18/><U74/><E74/><V19/><F19/><W120/><G120/><T76/><AGARI ba="0,1" hai="26,29,34,48,52,56,72,76,80,90,94,97,100,103" machi="76" ten="30,2000,0" yaku="0,1,54,1" doraHai="36" who="0" fromWho="0" sc="224,30,324,-5,242,-5,200,-10" />
</Scene>
<Scene>
<INIT seed="4,0,0,0,1,78" ten="254,319,237,190" oya="0" hai0="72,60,4,94,44,6,112,54,87,30,37,116,26" hai1="67,35,85,100,121,80,5,29,65,96,90,134,135" hai2="108,103,66,73,16,68,126,119,56,48,20,92,3" hai3="69,77,84,21,97,18,39,64,61,110,95,24,53"/><T10/><D116/><U71/><E121/><V55/><F108/><W104/><G39/><T111/><D72/><U127/><E71/><V28/><F3/><W89/><G110/><T11/><D111/><U43/><E127/><V76/><F126/><W86/><G104/><T131/><D112/><U0/><E43/><V40/><F119/><W79/><G79/><T51/><D131/><U27/><E5/><V88/><F103/><W34/><G34/><T105/><D105/><U74/><E74/><V115/><F115/><W47/><REACH who="3" step="1"/><G77/><REACH who="3" ten="254,319,237,180" step="2"/><T109/><D109/><U42/><E35/><V106/><F106/><W113/><G113/><T83/><D37/><U32/><E32/><V124/><F124/><W101/><G101/><T133/><D133/><U36/><E100/><V7/><F76/><W13/><G13/><T123/><D123/><U132/><E36/><V23/><F73/><W9/><G9/><T49/><D11/><U122/><E122/><V15/><F15/><W46/><G46/><T12/><D4/><U62/><E134/><V130/><F7/><W129/><G129/><T59/><D44/><U19/><E132/><V82/><F130/><W57/><G57/><T14/><D14/><U31/><E135/><V81/><F56/><W25/><G25/><T125/><D125/><U120/><E27/><V128/><F128/><W38/><G38/><T50/><D26/><U45/><E45/><V8/><F8/><W117/><G117/><T58/><D58/><U118/><E120/><V17/><F68/><W70/><G70/><T99/><D10/><U93/><E118/><RYUUKYOKU ba="0,1" sc="254,-10,319,-10,237,-10,180,30" hai3="18,21,24,47,53,61,64,69,84,86,89,95,97" />
</Scene>
<Scene>
<INIT seed="5,1,1,2,4,68" ten="244,309,227,210" oya="1" hai0="41,9,69,106,2,48,7,26,120,131,134,11,17" hai1="23,130,47,22,54,55,110,99,114,63,21,3,20" hai2="113,121,81,35,61,51,56,100,72,112,67,8,66" hai3="14,125,129,39,90,60,31,15,122,117,53,88,42"/><U95/><E3/><V37/><F121/><W86/><G122/><T98/><D120/><U44/><E114/><N who="2" m="44139" /><F35/><W74/><G74/><T6/><D69/><U33/><E33/><V93/><F51/><W25/><G117/><T27/><D48/><U103/><E130/><V115/><N who="2" m="44147" /><V73/><DORA hai="126" /><F67/><W78/><G125/><T28/><D41/><U101/><E110/><V19/><F81/><W124/><G124/><T84/><D84/><U24/><E101/><V104/><F104/><W57/><G129/><T127/><D127/><U123/><E123/><V102/><F37/><W32/><G78/><T107/><D98/><U133/><E133/><V97/><F100/><W36/><G90/><T49/><D49/><U79/><E79/><V83/><F83/><W116/><G116/><T62/><D134/><U18/><REACH who="1" step="1"/><E63/><REACH who="1" ten="244,299,227,210" step="2"/><V87/><F102/><W12/><REACH who="3" step="1"/><G42/><REACH who="3" ten="244,299,227,200" step="2"/><T43/><D131/><U70/><E70/><V65/><F73/><W34/><G34/><T0/><D43/><U46/><AGARI ba="1,3" hai="18,20,21,22,23,24,44,46,47,54,55,95,99,103" machi="46" ten="30,11700,0" yaku="1,1,0,1,8,1,53,1" doraHai="68,126" doraHaiUra="105,91" who="1" fromWho="1" sc="244,-40,299,150,227,-40,200,-40" />
</Scene>
<Scene>
<INIT seed="5,2,0,5,1,77" ten="204,449,187,160" oya="1" hai0="46,38,135,20,122,134,99,21,121,74,76,71,56" hai1="12,82,48,111,75,50,93,13,15,87,80,102,34" hai2="85,72,128,92,115,81,1,62,70,104,126,117,109" hai3="101,116,63,2,11,106,107,88,83,53,35,130,133"/><U36/><E34/><V49/><RYUUKYOKU type="yao9" ba="2,0" sc="204,0,449,0,187,0,160,0" hai2="1,49,62,70,72,81,85,92,104,109,115,117,126,128" />
</Scene>
<Scene>
<INIT seed="5,3,0,1,5,63" ten="204,449,187,160" oya="1" hai0="120,122,35,135,121,82,133,16,31,102,105,38,47" hai1="44,91,59,109,62,19,106,32,110,14,21,22,81" hai2="123,46,1,50,23,77,58,54,128,7,99,89,15" hai3="90,87,56,126,41,66,37,49,25,53,73,112,125"/><U72/><E32/><V74/><F123/><W18/><G73/><T68/><D82/><U124/><E106/><V20/><F128/><W130/><G130/><T27/><D16/><N who="1" m="10391" /><E44/><V129/><F129/><W119/><G119/><T86/><D86/><N who="1" m="50639" /><E72/><V103/><F1/><W0/><G0/><T17/><D17/><U118/><E118/><V71/><F71/><W28/><G41/><N who="0" m="22967" /><D68/><U9/><E9/><V93/><F77/><W64/><G18/><T34/><D34/><U3/><E3/><V132/><F132/><N who="0" m="50762" /><D102/><U26/><E19/><V134/><F134/><W84/><G84/><T67/><D105/><U13/><E13/><V48/><F74/><W75/><G75/><T117/><D117/><U101/><E101/><V51/><F103/><W131/><G131/><T100/><D100/><U115/><E26/><V39/><F7/><W2/><G2/><T10/><D10/><U107/><E107/><V60/><F15/><W78/><G25/><T11/><D11/><U116/><E22/><N who="2" m="8235" /><F39/><W76/><G37/><T69/><D69/><U95/><E116/><V33/><F33/><W55/><G76/><T45/><D45/><AGARI ba="3,0" hai="45,46,48,50,51,54,58,60,89,93,99" m="8235" machi="45" ten="30,1000,0" yaku="8,1" doraHai="63" who="2" fromWho="0" sc="204,-19,449,0,187,19,160,0" />
</Scene>
<Scene>
<INIT seed="6,0,0,1,0,45" ten="185,449,206,160" oya="2" hai0="35,10,132,124,6,72,78,11,80,107,117,37,109" hai1="54,69,129,17,126,49,131,127,28,59,58,103,90" hai2="89,20,33,36,65,71,102,74,120,14,15,70,4" hai3="123,31,134,110,133,113,9,40,24,63,101,60,48"/><V94/><F33/><W99/><G123/><T8/><D109/><U34/><E69/><V23/><F120/><W88/><G110/><T98/><D35/><U12/><E103/><V85/><F74/><W111/><G111/><T68/><D68/><U61/><E90/><V1/><F36/><W135/><G9/><T112/><D132/><U64/><E28/><V130/><F130/><N who="1" m="49673" /><E34/><V73/><F73/><W55/><G40/><T114/><D124/><U41/><E41/><V27/><F1/><W16/><G113/><N who="0" m="43627" /><D37/><U76/><E76/><V43/><F43/><W91/><G63/><T21/><D21/><AGARI ba="0,0" hai="12,17,21,49,54,58,59,61,64,126,127" m="49673" machi="21" ten="30,2000,0" yaku="19,1,52,1" doraHai="45" who="1" fromWho="0" sc="185,-20,449,20,206,0,160,0" />
</Scene>
<Scene>
<INIT seed="7,0,0,3,3,131" ten="165,469,206,160" oya="3" hai0="63,43,116,31,75,127,65,45,24,2,115,86,4" hai1="118,104,92,70,61,55,129,57,8,56,64,80,93" hai2="88,84,62,32,117,39,83,69,37,10,47,119,7" hai3="126,27,19,94,73,66,113,72,100,42,16,15,76"/><W96/><G113/><T114/><D116/><U53/><E104/><V130/><F32/><W1/><G1/><T68/><D75/><U87/><E129/><V52/><F130/><W111/><G126/><T105/><D105/><U35/><E35/><V112/><F112/><N who="0" m="43050" /><D127/><U6/><E118/><V5/><F5/><W108/><G42/><T28/><D86/><U109/><E109/><N who="3" m="42058" /><G76/><T128/><D128/><U71/><E71/><V41/><F39/><W74/><G27/><T77/><D77/><N who="1" m="46479" /><E70/><V17/><F17/><N who="3" m="6731" /><G66/><T26/><D4/><U106/><E106/><V36/><F36/><W18/><G73/><T34/><D2/><U48/><E64/><V50/><F37/><W123/><G123/><T81/><D81/><U29/><E29/><N who="0" m="11337" /><D34/><U9/><E6/><V0/><F69/><W79/><G79/><T132/><D132/><U89/><E53/><V21/><F41/><W97/><G97/><T59/><D68/><U98/><E55/><V11/><F119/><W124/><G124/><T44/><D43/><U12/><E98/><V25/><F117/><W58/><G58/><T120/><D120/><U110/><E57/><N who="2" m="35111" /><F7/><W38/><G38/><T51/><D51/><U14/><E48/><V60/><F0/><W101/><G100/><T121/><D121/><U107/><E110/><V40/><F60/><W3/><G3/><T133/><D133/><U90/><E56/><V134/><F134/><W67/><G67/><T91/><D91/><U122/><E90/><V82/><F50/><W125/><G125/><T20/><D65/><U85/><E122/><V102/><F40/><RYUUKYOKU ba="0,0" sc="165,-10,469,-10,206,-10,160,30" hai3="15,18,72,74,94,96,101" />
</Scene>
<Scene>
<INIT seed="7,1,0,4,2,61" ten="155,459,196,190" oya="3" hai0="127,112,6,57,84,59,27,119,1,10,37,28,100" hai1="125,42,15,47,16,36,128,94,95,102,11,50,41" hai2="86,126,108,109,78,116,38,106,33,96,118,93,66" hai3="82,133,124,63,71,56,68,58,30,19,123,9,69"/><W29/><G123/><T7/><D119/><N who="2" m="45610" /><F66/><W99/><G124/><T25/><D127/><U92/><E128/><V49/><F49/><W8/><G133/><T83/><D37/><U73/><E73/><V134/><F33/><W18/><G82/><T0/><D100/><U80/><E125/><V76/><F38/><W88/><G99/><T98/><D98/><N who="1" m="59719" /><E36/><V23/><F23/><W72/><G72/><T117/><D117/><U64/><E64/><V4/><F4/><W120/><G120/><T20/><D112/><U55/><E80/><N who="2" m="47383" /><F134/><W22/><G22/><T34/><D6/><U67/><E67/><V104/><F76/><W122/><G122/><T103/><D103/><U89/><E94/><V5/><F5/><W77/><G77/><T62/><D0/><U24/><E24/><V132/><F132/><W52/><G58/><T113/><D113/><U32/><E32/><V74/><F74/><W135/><G135/><T79/><REACH who="0" step="1"/><D62/><REACH who="0" ten="145,459,196,190" step="2"/><U60/><E60/><V97/><F126/><W45/><G63/><T105/><D105/><N who="2" m="40554" /><F97/><AGARI ba="1,1" hai="11,15,16,41,42,47,50,55,89,95,97" m="59719" machi="97" ten="30,2000,0" yaku="8,1,54,1" doraHai="61" who="1" fromWho="2" sc="145,0,459,33,196,-23,190,0" owari="145,-35.0,492,59.0,173,-23.0,190,-1.0" />
</Scene>
</mjloggm>