<mjloggm ver="2.3"><GO type="169"/><UN n0="%E5%89%A3%E5%9F%8E" n1="%E3%81%A9%E3%82%80%E3%81%93" n2="%41%53%41%50%49%4E" n3="%E3%81%97%E3%81%8A%E3%82%84%E3%81%A0%E3%82%93" dan="16,16,18,17" rate="2064,2079,2241,2129" sx="M,F,M,F"/><TAIKYOKU oya="0"/>

<Scene>
<INIT seed="0,0,0,1,3,65" ten="250,250,250,250" oya="0" hai0="128,117,112,53,130,2,98,10,109,45,19,28,9" hai1="84,134,23,115,69,82,79,114,37,100,104,59,66" hai2="64,49,1,72,16,111,126,110,14,89,29,106,26" hai3="20,99,3,75,34,38,21,62,13,116,132,97,73"/><T51/><D112/><N who="1" m="43051" /><E37/><V101/><F1/><W93/><G38/><T77/><D117/><U103/><E134/><V36/><F36/><W91/><G3/><T127/><D28/><U31/><E104/><V133/><F72/><W102/><G34/><T125/><D77/><U124/><E124/><N who="0" m="47689" /><D2/><U47/><E47/><V44/><F126/><W42/><G42/><T88/><D109/><N who="2" m="41482" /><F133/><W54/><G132/><T5/><D19/><U55/><E31/><V81/><F101/><W68/><G116/><T119/><D119/><U85/><E23/><N who="2" m="11671" /><F106/><W18/><G21/><T58/><D45/><U86/><E103/><V22/><F64/><W67/><REACH who="3" step="1"/><G54/><REACH who="3" ten="250,250,250,240" step="2"/><T24/><D9/><U70/><E66/><V107/><F22/><W46/><G46/><T76/><D10/><U35/><E35/><V56/><F44/><W120/><G120/><T52/><D53/><U135/><E135/><V83/><F29/><W105/><AGARI ba="0,1" hai="13,18,20,62,67,68,73,75,91,93,97,99,102,105" machi="105" ten="20,5200,0" yaku="1,1,0,1,7,1,52,1,53,0" doraHai="65" doraHaiUra="78" who="3" fromWho="3" sc="250,-26,250,-13,250,-13,240,62" />
</Scene>
<Scene>
<INIT seed="1,0,0,0,0,8" ten="224,237,237,302" oya="1" hai0="114,1,132,65,15,91,131,105,58,107,82,47,100" hai1="29,10,62,13,23,69,97,73,104,19,27,42,130" hai2="43,83,35,14,126,76,59,96,119,92,26,34,51" hai3="88,7,37,74,77,68,80,20,124,112,54,41,60"/><U57/><E73/><V72/><F119/><W99/><G112/><T0/><D114/><U95/><E130/><V110/><F110/><W116/><G116/><T33/><D33/><U45/><E104/><V17/><F126/><W120/><G120/><T81/><D100/><U128/><E69/><V127/><F127/><W70/><G124/><T75/><D75/><U56/><E128/><V90/><F26/><W61/><G41/><T11/><D131/><U40/><E45/><V133/><F133/><W48/><G37/><T64/><D47/><U16/><E19/><V53/><REACH who="2" step="1"/><F43/><REACH who="2" ten="224,237,227,302" step="2"/><N who="1" m="16425" /><E62/><V52/><F52/><W102/><G60/><T111/><D111/><U123/><E123/><V118/><F118/><W84/><G61/><T121/><D132/><U36/><E36/><V89/><F89/><AGARI ba="0,1" hai="10,13,16,23,27,29,56,57,89,95,97" m="16425" machi="89" ten="30,5800,0" yaku="8,1,52,1,54,1" doraHai="8" who="1" fromWho="2" sc="224,0,237,68,227,-58,302,0" />
</Scene>
<Scene>
<INIT seed="1,1,0,3,5,129" ten="224,305,169,302" oya="1" hai0="21,50,95,11,27,56,66,15,36,48,46,118,126" hai1="84,38,75,62,110,72,120,42,23,71,133,55,78" hai2="90,16,85,33,59,45,73,121,63,88,125,34,105" hai3="35,117,116,130,106,86,123,9,81,79,103,40,30"/><U113/><E120/><V37/><F121/><W67/><G123/><T80/><D118/><N who="3" m="45673" /><G130/><T135/><D36/><U87/><E113/><V18/><F73/><W7/><G67/><T4/><D126/><U134/><E110/><V97/><F125/><W43/><G103/><T70/><D70/><U14/><E78/><V104/><F37/><W102/><G102/><T39/><D39/><U131/><E131/><V0/><F0/><N who="3" m="231" /><G106/><T76/><D95/><U111/><E111/><V25/><F45/><W89/><G79/><T93/><D93/><U31/><E42/><V20/><F97/><W52/><G52/><T49/><D56/><N who="1" m="35103" /><E71/><V17/><F104/><W100/><G100/><T24/><D66/><U28/><E38/><V83/><F105/><W96/><G96/><T10/><D46/><U60/><E60/><V68/><F90/><W69/><G69/><T98/><D98/><U64/><E64/><V99/><F99/><W51/><G51/><T109/><D109/><U82/><E87/><V57/><F68/><W58/><G58/><T26/><D50/><U127/><E127/><V91/><F91/><W19/><G19/><N who="0" m="10495" /><D48/><U29/><E84/><V101/><F101/><W41/><G30/><T92/><D49/><U112/><E82/><V61/><F59/><W47/><G47/><T65/><D65/><U115/><E115/><V122/><F122/><W77/><G77/><T74/><D92/><U13/><E112/><V8/><F61/><W119/><G119/><T12/><D74/><U94/><E75/><V107/><F63/><W44/><G44/><T124/><D76/><RYUUKYOKU ba="1,0" sc="224,-10,305,-10,169,-10,302,30" hai3="35,40,41,43,81,86,89" />
</Scene>
<Scene>
<INIT seed="2,2,0,5,5,4" ten="214,295,159,332" oya="2" hai0="134,36,18,39,66,96,57,71,26,110,92,16,125" hai1="0,53,114,9,116,113,79,132,38,70,1,117,54" hai2="33,89,20,55,127,3,22,105,112,93,11,74,87" hai3="62,25,121,40,21,23,50,29,24,60,30,120,131"/><V58/><F112/><W28/><G131/><T7/><D71/><U78/><E38/><V130/><F33/><W64/><G40/><T31/><D36/><U104/><E104/><V99/><F130/><W19/><G50/><T65/><D39/><U95/><E95/><V122/><F122/><W49/><G49/><T85/><D7/><U27/><E27/><V129/><F129/><W6/><G6/><T128/><D128/><U73/><E70/><V67/><F67/><W123/><G64/><T77/><D66/><U76/><E73/><V135/><F74/><W119/><G119/><N who="1" m="45642" /><E9/><V13/><F3/><N who="1" m="1097" /><E132/><V41/><F135/><W101/><G101/><T98/><D134/><U115/><AGARI ba="2,0" hai="53,54,76,78,79,113,114,115" m="1097,45642" machi="115" ten="50,3200,0" yaku="28,2" doraHai="4" who="1" fromWho="1" sc="214,-10,295,38,159,-18,332,-10" />
</Scene>
<Scene>
<INIT seed="3,0,0,4,3,91" ten="204,333,141,322" oya="3" hai0="79,99,131,114,110,68,56,128,57,39,33,32,11" hai1="96,102,83,106,14,44,29,3,48,85,24,51,117" hai2="92,53,120,34,47,94,46,86,49,67,55,80,89" hai3="73,95,134,125,17,0,5,72,31,82,62,8,71"/><W121/><G121/><T50/><D39/><U97/><E3/><V77/><F34/><W118/><G118/><T129/><D68/><U123/><E123/><V21/><F120/><W16/><G125/><T98/><D79/><U12/><E97/><N who="0" m="36873" /><D11/><U133/><E117/><V64/><F21/><W40/><G134/><T88/><D50/><U87/><E87/><V65/><F77/><W113/><G31/><T19/><D19/><U54/><E51/><AGARI ba="0,0" hai="46,47,49,51,53,55,64,65,67,80,86,89,92,94" machi="51" ten="40,8000,1" yaku="9,1,8,1,52,2" doraHai="91" who="2" fromWho="1" sc="204,0,333,-80,141,80,322,0" />
</Scene>
<Scene>
<INIT seed="4,0,0,1,0,113" ten="204,253,221,322" oya="0" hai0="33,47,76,16,30,41,51,103,31,42,71,60,2" hai1="73,49,133,134,56,61,35,95,112,86,109,66,11" hai2="4,8,127,81,1,57,77,3,28,0,126,39,55" hai3="74,91,65,12,63,70,80,46,118,17,124,38,98"/><T102/><D2/><U107/><E107/><V128/><F28/><N who="0" m="10794" /><D33/><U34/><E109/><V131/><F39/><W23/><G124/><N who="2" m="47657" /><F55/><W43/><G98/><T108/><D71/><U110/><E73/><N who="2" m="43183" /><F57/><W122/><G122/><T87/><D60/><U89/><E110/><V119/><F119/><W44/><G44/><T37/><D37/><U58/><E112/><V69/><F69/><W94/><G94/><T14/><D42/><U5/><E49/><V50/><F50/><W54/><G54/><T40/><D40/><U111/><E56/><V123/><F123/><W84/><REACH who="3" step="1"/><G74/><REACH who="3" ten="204,253,221,312" step="2"/><T68/><D108/><U26/><E111/><V88/><F131/><W10/><G10/><N who="0" m="6231" /><D68/><U24/><E35/><V92/><F128/><W27/><G27/><T15/><D15/><U83/><E34/><V20/><F20/><W21/><G21/><T135/><D135/><U125/><E125/><V101/><F101/><W130/><G130/><T104/><D47/><U25/><E133/><V29/><F29/><W100/><G100/><T6/><D102/><U120/><E134/><V67/><F67/><W18/><G18/><T36/><D41/><U106/><E120/><V99/><AGARI ba="0,1" hai="0,1,3,4,8,88,92,99" m="43183,47657" machi="99" ten="30,2000,0" yaku="18,1,54,1" doraHai="113" who="2" fromWho="2" sc="204,-10,253,-5,221,30,312,-5" />
</Scene>
<Scene>
<INIT seed="5,0,0,3,0,56" ten="194,248,251,307" oya="1" hai0="104,91,123,49,8,127,12,24,67,30,105,47,2" hai1="117,15,7,132,81,59,82,3,60,72,69,17,5" hai2="65,23,87,108,103,106,75,111,120,79,68,134,21" hai3="80,90,14,48,115,114,58,0,63,126,100,46,71"/><U78/><E117/><V101/><F120/><W74/><G0/><T4/><D127/><U118/><E118/><V52/><F75/><W70/><G100/><T85/><D2/><U122/><E122/><V124/><F124/><W96/><G126/><T43/><D123/><U41/><E69/><V62/><F134/><W44/><G44/><T31/><D67/><U36/><E132/><V76/><F87/><W25/><G25/><T121/><D121/><U35/><E35/><V110/><F103/><W135/><G135/><T129/><D129/><U57/><E82/><V113/><F113/><N who="3" m="43019" /><G14/><T20/><REACH who="0" step="1"/><D31/><REACH who="0" ten="184,248,251,307" step="2"/><U125/><E125/><V84/><F65/><N who="3" m="39159" /><G71/><T11/><D11/><U37/><E3/><V61/><F68/><W102/><G70/><T128/><D128/><U107/><E5/><V98/><F108/><W54/><G74/><T18/><D18/><U131/><E7/><V10/><F10/><W53/><G80/><AGARI ba="0,1" hai="4,8,12,20,24,30,43,47,49,80,85,91,104,105" machi="80" ten="30,3900,0" yaku="1,1,7,1,53,1" doraHai="56" doraHaiUra="22" who="0" fromWho="3" sc="184,49,248,0,251,0,307,-39" />
</Scene>
<Scene>
<INIT seed="6,0,0,1,4,17" ten="233,248,251,268" oya="2" hai0="123,115,57,94,83,106,28,47,82,110,105,122,19" hai1="108,60,51,15,103,9,5,121,54,120,40,86,112" hai2="56,13,89,107,77,74,92,43,67,34,72,21,130" hai3="27,58,33,102,49,39,71,81,131,118,24,79,78"/><V31/><F107/><N who="0" m="40970" /><D19/><U44/><E108/><V37/><F130/><W38/><G71/><T84/><D28/><U68/><E103/><V65/><F34/><W95/><G131/><T114/><D57/><U0/><E112/><N who="0" m="43049" /><D47/><U42/><E0/><V48/><F37/><W70/><G70/><T99/><D110/><U75/><E75/><V132/><F132/><W100/><G58/><T126/><D126/><U50/><E86/><V128/><F128/><W8/><G8/><T6/><D6/><U45/><REACH who="1" step="1"/><E54/><REACH who="1" ten="233,238,251,268" step="2"/><V1/><F74/><W66/><G100/><N who="0" m="60535" /><D82/><U98/><E98/><V85/><F1/><W101/><G81/><T59/><D59/><U46/><E46/><V7/><F56/><W90/><G66/><AGARI ba="0,1" hai="5,9,15,40,42,44,45,50,51,60,66,68,120,121" machi="66" ten="40,2600,0" yaku="1,1,9,1,53,0" doraHai="17" doraHaiUra="23" who="1" fromWho="3" sc="233,0,238,36,251,0,268,-26" />
</Scene>
<Scene>
<INIT seed="7,0,0,5,4,42" ten="233,274,251,242" oya="3" hai0="89,41,113,103,59,16,97,90,121,36,74,75,125" hai1="118,82,38,25,98,116,128,30,109,115,112,43,47" hai2="134,69,4,26,122,56,72,33,67,54,11,18,21" hai3="60,1,71,86,93,63,0,20,3,17,13,119,94"/><W70/><G119/><N who="1" m="45610" /><E109/><V133/><F72/><N who="0" m="27690" /><D16/><U40/><E98/><V57/><F122/><W61/><REACH who="3" step="1"/><G86/><REACH who="3" ten="233,274,251,232" step="2"/><T62/><D121/><U96/><E128/><V117/><F117/><W127/><G127/><T44/><D125/><U101/><E40/><V6/><F134/><W12/><G12/><T83/><D83/><U106/><E82/><V79/><F133/><W135/><G135/><T99/><D113/><U76/><E76/><V19/><F79/><W108/><G108/><T92/><D99/><U87/><E87/><V124/><F124/><W105/><G105/><T31/><D97/><U10/><E10/><V123/><F11/><W132/><G132/><T23/><D92/><AGARI ba="0,1" hai="0,1,3,13,17,20,60,61,63,70,71,92,93,94" machi="92" ten="50,2400,0" yaku="1,1,53,0" doraHai="42" doraHaiUra="84" who="3" fromWho="0" sc="233,-24,274,0,251,0,232,34" />
</Scene>
<Scene>
<INIT seed="7,1,0,3,0,85" ten="209,274,251,266" oya="3" hai0="81,11,95,88,51,0,107,9,47,16,4,86,35" hai1="43,25,90,71,125,40,114,18,83,6,103,124,80" hai2="119,2,14,3,49,73,46,55,53,128,75,44,112" hai3="36,33,27,1,106,62,74,45,76,42,7,132,54"/><W23/><G132/><T108/><D108/><U69/><E103/><V117/><F14/><W102/><G33/><T77/><D35/><U59/><E6/><V57/><F112/><W39/><G39/><T34/><D34/><U134/><E114/><V122/><F57/><W111/><G111/><T130/><D130/><U101/><E101/><V70/><F49/><W92/><G106/><T133/><D133/><U105/><E105/><V48/><F48/><W41/><G41/><N who="1" m="15946" /><E59/><V79/><F79/><W99/><G54/><T104/><D47/><U20/><E80/><V30/><F30/><W97/><G97/><T60/><D51/><U29/><E29/><V37/><F128/><W38/><G62/><T91/><D60/><U17/><E17/><V96/><F96/><W31/><G38/><T82/><D16/><N who="1" m="12423" /><E134/><V123/><REACH who="2" step="1"/><F37/><REACH who="2" ten="209,274,241,266" step="2"/><W94/><G76/><T127/><D11/><U15/><E15/><V68/><AGARI ba="1,1" hai="2,3,44,46,53,55,68,70,73,75,117,119,122,123" machi="68" ten="25,12000,2" yaku="1,1,2,1,0,1,22,2,53,2" doraHai="85" doraHaiUra="113" who="2" fromWho="2" sc="209,-31,274,-31,241,133,266,-61" owari="178,-32.0,243,4.0,374,47.0,205,-19.0" />
</Scene>
</mjloggm>