<mjloggm ver="2.3"><GO type="169"/><UN n0="%E3%81%82%E3%82%93%E3%81%96%E3%82%93" n1="%E3%82%86%E3%81%8B%E3%81%A1%E3%83%BC" n2="%41%53%41%50%49%4E" n3="%E3%83%9A%E3%83%81%E3%83%A7%E3%83%BC%E3%83%AA%E3%83%B3" dan="17,16,18,18" rate="2130,2133,2246,2189" sx="M,F,M,M"/><TAIKYOKU oya="0"/>

<Scene>
<INIT seed="0,0,0,0,2,77" ten="250,250,250,250" oya="0" hai0="13,132,59,90,62,109,47,35,79,104,117,96,129" hai1="26,20,75,23,37,3,46,5,101,15,78,80,68" hai2="72,107,113,7,22,43,19,8,31,76,29,56,71" hai3="83,112,125,91,122,64,40,4,92,100,73,65,94"/><T85/><D117/><U95/><E68/><V127/><F113/><W98/><G112/><T134/><D35/><U123/><E123/><V10/><F71/><W88/><G125/><T41/><D129/><U21/><E15/><V119/><F107/><W74/><G40/><T32/><D32/><U50/><E101/><V11/><F127/><W81/><G4/><T128/><D128/><U6/><E95/><V108/><F108/><W44/><G44/><T135/><D109/><U105/><E105/><V63/><F119/><W17/><G17/><T12/><D79/><U39/><E26/><V51/><F7/><W89/><G122/><T115/><D115/><U60/><E60/><V9/><F76/><W34/><G34/><T110/><D96/><U42/><REACH who="1" step="1"/><E3/><REACH who="1" ten="250,240,250,250" step="2"/><V70/><F70/><W87/><G65/><N who="0" m="39135" /><D104/><U130/><E130/><V24/><F63/><W86/><G64/><T38/><D110/><U25/><E25/><V67/><F67/><W33/><G33/><T69/><D69/><U57/><E57/><V36/><F56/><W102/><G102/><T27/><D27/><U28/><E28/><V118/><F29/><W61/><G61/><T45/><D45/><U114/><E114/><V54/><F31/><W66/><G66/><T14/><D13/><U16/><E16/><V133/><F19/><W48/><G48/><T2/><D2/><U103/><E103/><V82/><F51/><W52/><G52/><T84/><D84/><AGARI ba="0,1" hai="73,74,81,83,84,86,87,88,89,91,92,94,98,100" machi="84" ten="30,24000,4" yaku="7,1,9,1,35,6,52,2,54,1" doraHai="77" who="3" fromWho="0" sc="250,-240,240,0,250,0,250,250" />
</Scene>
<Scene>
<INIT seed="1,0,0,1,5,52" ten="10,240,250,500" oya="1" hai0="86,93,34,39,58,54,38,44,14,49,66,62,128" hai1="120,92,114,131,36,126,10,105,1,60,77,83,40" hai2="135,76,124,107,110,67,123,5,98,26,125,95,112" hai3="96,111,97,113,87,122,102,29,118,70,16,20,57"/><U74/><E105/><V28/><F123/><W109/><G70/><T79/><D128/><U19/><E114/><V25/><F107/><W116/><G113/><T22/><D34/><U89/><E120/><V21/><F112/><W24/><G122/><T129/><D129/><U133/><E131/><V71/><F76/><W37/><G37/><T13/><D79/><U33/><E33/><V61/><F5/><W78/><G78/><T119/><D119/><N who="3" m="45609" /><G87/><T108/><D108/><N who="3" m="41545" /><G102/><T51/><D51/><U134/><E126/><N who="2" m="48747" /><F135/><N who="1" m="51721" /><E40/><V53/><F110/><W127/><G127/><T32/><D32/><U7/><E36/><V42/><F42/><W27/><G57/><T46/><D46/><U101/><E101/><N who="2" m="60639" /><F53/><W6/><G6/><T55/><D55/><U82/><E82/><V2/><F2/><W15/><G27/><AGARI ba="0,0" hai="21,25,26,27,28,61,67,71" m="60639,48747" machi="27" ten="30,1000,0" yaku="18,1" doraHai="52" who="2" fromWho="3" sc="10,0,240,0,250,10,500,-10" />
</Scene>
<Scene>
<INIT seed="2,0,0,1,3,105" ten="10,240,260,490" oya="2" hai0="50,87,35,116,109,99,26,82,114,117,42,49,68" hai1="130,104,12,95,14,119,38,123,46,110,124,30,37" hai2="57,28,29,106,90,0,51,88,86,8,55,133,5" hai3="13,11,131,4,10,54,121,15,52,75,76,22,126"/><V93/><F106/><W120/><G126/><T113/><D68/><U79/><E104/><V122/><F122/><W128/><G22/><T81/><D35/><U3/><E3/><V20/><F133/><W47/><G76/><T108/><D26/><U63/><E119/><N who="0" m="45641" /><D42/><U61/><E79/><V23/><F23/><W72/><G47/><T107/><D50/><U102/><E102/><V98/><F20/><W31/><G31/><T65/><D49/><U16/><E95/><V40/><F40/><W17/><G17/><T70/><D65/><U111/><E30/><V1/><F1/><W115/><G115/><N who="0" m="44043" /><D70/><U127/><E46/><V56/><F56/><W84/><G84/><T21/><D21/><U73/><E16/><V94/><AGARI ba="0,0" hai="0,5,8,28,29,51,55,57,86,88,90,93,94,98" machi="94" ten="20,3900,0" yaku="0,1,7,1,54,1" doraHai="105" who="2" fromWho="2" sc="10,-13,240,-13,260,39,490,-13" owari="-3,-50.0,227,-17.0,299,10.0,477,57.0" />
</Scene>
</mjloggm>