<mjloggm ver="2.3"><GO type="169"/><UN n0="%E3%83%90%E3%83%AB%E3%81%B0%E3%82%8B" n1="%E3%81%BF%E3%82%84%E3%81%93%E3%82%93%EF%BC%99%E6%AD%B3" n2="%41%53%41%50%49%4E" n3="%E3%82%A2%E3%83%8B%E3%82%AA%E3%83%B3" dan="16,16,19,16" rate="2013,2083,2286,2099" sx="M,F,M,F"/><TAIKYOKU oya="0"/>

<Scene>
<INIT seed="0,0,0,2,1,66" ten="250,250,250,250" oya="0" hai0="77,33,105,65,106,2,53,44,108,23,57,73,89" hai1="97,59,55,69,109,85,8,76,130,6,31,49,21" hai2="84,25,80,29,119,10,27,1,93,41,35,4,112" hai3="116,52,111,132,110,54,28,71,87,118,83,62,17"/><T7/><D33/><U125/><E109/><N who="3" m="41482" /><G28/><T122/><D108/><U38/><E38/><V86/><F112/><W12/><G132/><T101/><D122/><U11/><E130/><V95/><F119/><N who="3" m="45611" /><G12/><T117/><D117/><U67/><E125/><V45/><F27/><W94/><G94/><T32/><D32/><U46/><E97/><V42/><F42/><W18/><G18/><T133/><D105/><U3/><E11/><V72/><F86/><W100/><G17/><T126/><D133/><U98/><E98/><V102/><F102/><W92/><G92/><T79/><D2/><U113/><E85/><V0/><F0/><W22/><G22/><T30/><D106/><U114/><E76/><V63/><F63/><W74/><G74/><T124/><D73/><U20/><E46/><V50/><F72/><W129/><G129/><T48/><D124/><U64/><E64/><V90/><AGARI ba="0,0" hai="1,4,10,25,29,35,41,45,50,80,84,90,93,95" machi="90" ten="20,1500,0" yaku="0,1,7,1" doraHai="66" who="2" fromWho="2" sc="250,-7,250,-4,250,15,250,-4" />
</Scene>
<Scene>
<INIT seed="1,0,0,3,4,128" ten="243,246,265,246" oya="1" hai0="16,8,36,9,110,2,74,13,55,120,53,114,124" hai1="19,18,127,29,71,28,75,27,59,102,48,61,129" hai2="0,23,45,118,30,67,68,37,85,22,32,116,40" hai3="14,70,42,34,134,39,47,117,52,25,63,111,82"/><U15/><E75/><V65/><F0/><W96/><G117/><T104/><D74/><U20/><E129/><V64/><F68/><W95/><G111/><T89/><D104/><U79/><E127/><V84/><F32/><W109/><G109/><T26/><D36/><U43/><E71/><V92/><F30/><W97/><G14/><T44/><D120/><U46/><E79/><V108/><F108/><W12/><G12/><T66/><D66/><U107/><E102/><V62/><F62/><W38/><G38/><T132/><D26/><U51/><E51/><V73/><F73/><W54/><G82/><T58/><D110/><U135/><E135/><V56/><F56/><W49/><G134/><T131/><D132/><U76/><E76/><V57/><F57/><N who="3" m="32911" /><G95/><T125/><D131/><U35/><E107/><V11/><F11/><W103/><G54/><T17/><D125/><U101/><E101/><V86/><REACH who="2" step="1"/><F92/><REACH who="2" ten="243,246,255,246" step="2"/><W4/><G70/><T69/><D69/><U126/><E126/><V81/><F81/><W7/><G63/><T130/><D124/><U123/><E123/><V5/><F5/><W119/><G7/><T113/><D2/><U77/><E35/><V3/><F3/><W21/><G4/><T1/><D1/><U105/><E105/><V60/><F60/><W87/><G34/><T106/><D106/><U98/><E61/><V72/><F72/><W33/><G33/><T80/><D58/><U31/><E59/><V83/><F83/><W94/><G94/><T99/><D80/><U10/><E77/><V50/><F50/><W78/><G39/><RYUUKYOKU ba="0,1" sc="243,-15,246,15,255,15,246,-15" hai1="10,15,18,19,20,27,28,29,31,43,46,48,98" hai2="22,23,37,40,45,64,65,67,84,85,86,116,118" />
</Scene>
<Scene>
<INIT seed="1,1,1,4,2,110" ten="228,261,270,231" oya="1" hai0="111,3,2,49,13,61,124,119,63,53,78,126,92" hai1="133,67,96,34,127,135,27,91,57,68,59,100,94" hai2="36,18,56,48,71,6,11,88,14,89,7,80,83" hai3="108,32,54,19,79,102,77,90,9,12,104,35,23"/><U29/><E127/><N who="0" m="48681" /><D119/><U107/><E91/><N who="2" m="34891" /><F71/><W8/><G108/><T85/><D111/><U45/><E45/><V103/><F103/><W72/><G90/><N who="0" m="53327" /><D78/><U16/><E16/><N who="2" m="8287" /><F36/><W101/><G104/><T22/><D22/><U60/><REACH who="1" step="1"/><E94/><REACH who="1" ten="228,251,270,231" step="2"/><V120/><F18/><W69/><G19/><T105/><D105/><U117/><E117/><V50/><F120/><W95/><G95/><T116/><D116/><U37/><E37/><V97/><F97/><W125/><G125/><T33/><D33/><U70/><E70/><V42/><F42/><W106/><G69/><T52/><D3/><U17/><E17/><V39/><F39/><W81/><G106/><T28/><D2/><U109/><E109/><V113/><F56/><AGARI ba="1,2" hai="27,29,34,56,57,59,60,67,68,96,100,107,133,135" machi="56" ten="40,12000,1" yaku="1,1,25,2,53,1" doraHai="110" doraHaiUra="66" who="1" fromWho="2" sc="228,0,251,143,270,-123,231,0" />
</Scene>
<Scene>
<INIT seed="1,2,0,5,1,124" ten="228,394,147,231" oya="1" hai0="107,117,63,85,0,82,37,93,92,113,15,20,76" hai1="19,7,87,53,60,120,67,128,72,42,98,12,26" hai2="62,95,123,121,16,86,125,30,23,110,126,97,57" hai3="102,43,56,24,106,48,17,29,52,49,39,59,84"/><U116/><E72/><V46/><F110/><W65/><G17/><T122/><D0/><U115/><E120/><V104/><F104/><W33/><G84/><T51/><D107/><U10/><E116/><V28/><F46/><W111/><G111/><T11/><D37/><U35/><E115/><V108/><F108/><W100/><G106/><T2/><D117/><U78/><E53/><V58/><F86/><W47/><G65/><T50/><D63/><U79/><E42/><V129/><F129/><W74/><G74/><T133/><D133/><U8/><E87/><V90/><F121/><W38/><G39/><T134/><D134/><U103/><E128/><V81/><F81/><W6/><G6/><T105/><D105/><N who="1" m="63735" /><E10/><V118/><F118/><W89/><G89/><T88/><D122/><U114/><E19/><V77/><F77/><W73/><G73/><T68/><D68/><N who="1" m="42087" /><E114/><V40/><F40/><W127/><G127/><N who="2" m="48649" /><F123/><W109/><G109/><T119/><D113/><U44/><E44/><V14/><F58/><W135/><G135/><T55/><D119/><U21/><E21/><V45/><F45/><W66/><G66/><AGARI ba="2,0" hai="14,16,23,28,30,57,62,66,90,95,97" m="48649" machi="66" ten="30,2000,0" yaku="18,1,54,1" doraHai="124" who="2" fromWho="3" sc="228,0,394,0,147,26,231,-26" />
</Scene>
<Scene>
<INIT seed="2,0,0,3,0,98" ten="228,394,173,205" oya="2" hai0="123,84,49,11,22,3,17,52,70,87,55,113,19" hai1="29,79,72,48,107,93,6,120,32,118,10,74,33" hai2="9,13,46,121,59,101,129,114,1,5,117,104,54" hai3="125,81,34,69,4,25,76,35,57,80,14,109,16"/><V90/><F114/><W97/><G69/><T89/><D70/><U96/><E118/><V12/><F117/><W24/><G109/><T88/><D123/><U26/><E107/><V110/><F121/><W66/><G125/><T21/><D113/><U124/><E120/><V108/><F129/><W111/><G111/><N who="2" m="42537" /><F46/><W2/><G2/><T105/><D105/><U50/><E33/><V62/><F90/><W94/><G4/><T0/><D49/><U64/><E64/><V68/><F68/><W58/><G34/><T27/><D11/><U73/><E79/><V60/><F62/><N who="3" m="38223" /><G58/><T86/><D86/><U47/><E47/><V130/><F130/><W65/><G65/><T82/><D27/><N who="3" m="10313" /><G76/><T119/><D119/><U106/><E106/><V20/><F20/><N who="3" m="11287" /><G35/><T126/><D126/><U116/><E124/><V36/><F36/><W77/><G77/><T100/><D3/><U133/><E116/><V41/><F41/><W18/><G18/><T38/><D38/><U75/><E32/><V103/><F104/><W91/><AGARI ba="0,0" hai="80,81,91,94,97" m="11287,10313,38223" machi="91" ten="30,2000,0" yaku="8,1,54,1" doraHai="98" who="3" fromWho="3" sc="228,-5,394,-5,173,-10,205,20" />
</Scene>
<Scene>
<INIT seed="3,0,0,3,2,82" ten="223,389,163,225" oya="3" hai0="43,81,16,42,80,59,40,93,78,106,71,87,34" hai1="135,66,33,107,76,77,90,54,35,94,36,49,91" hai2="126,58,51,85,95,119,6,73,83,8,113,98,18" hai3="134,123,60,38,116,55,70,92,45,19,108,41,122"/><W130/><G116/><T131/><D106/><U22/><E107/><V25/><F119/><W74/><G74/><T15/><D71/><U65/><E36/><V27/><F113/><W118/><G118/><T14/><D34/><U62/><E135/><V100/><F73/><W61/><G19/><T12/><D131/><U128/><E128/><V133/><F133/><W1/><G130/><T86/><D93/><U68/><E66/><V10/><F126/><W121/><G1/><T31/><D59/><U2/><E2/><V96/><F96/><W29/><G134/><T13/><D31/><U84/><E22/><V114/><F114/><W75/><G92/><T17/><D12/><U26/><E26/><V64/><F18/><W32/><G75/><T44/><D44/><U72/><E72/><V124/><F124/><W120/><G121/><T3/><D3/><U46/><REACH who="1" step="1"/><E90/><AGARI ba="0,0" hai="13,14,15,16,17,40,42,43,78,80,81,86,87,90" machi="90" ten="40,8000,1" yaku="8,1,52,2,54,1" doraHai="82" who="0" fromWho="1" sc="223,80,389,-80,163,0,225,0" />
</Scene>
<Scene>
<INIT seed="4,0,0,0,2,64" ten="303,309,163,225" oya="0" hai0="50,99,10,12,61,84,49,81,87,48,105,109,70" hai1="51,120,45,55,36,117,53,130,93,22,29,115,60" hai2="96,126,75,135,78,86,132,83,32,74,134,42,18" hai3="124,16,25,76,88,80,28,43,123,11,41,7,85"/><T30/><D30/><U66/><E120/><V111/><F32/><W112/><G112/><T116/><D116/><U58/><E117/><V107/><F42/><W90/><G123/><T82/><D109/><U56/><E115/><V3/><F3/><W125/><G7/><T108/><D108/><U113/><E113/><V19/><F111/><W89/><G28/><T110/><D110/><U101/><E36/><V38/><F38/><W59/><G59/><T103/><D82/><U91/><E101/><N who="2" m="62887" /><F19/><W118/><G118/><T94/><D105/><U52/><E130/><V14/><F18/><W65/><G65/><T100/><D100/><U6/><E6/><V129/><F14/><N who="3" m="7263" /><G25/><T71/><D61/><U106/><E106/><V34/><F34/><W133/><G133/><N who="2" m="34049" /><V92/><DORA hai="40" /><F126/><AGARI ba="0,0" hai="41,43,76,80,85,88,89,90,124,125,126" m="7263" machi="126" ten="30,3900,0" yaku="18,1,54,2" doraHai="64,40" who="3" fromWho="2" sc="303,0,309,0,163,-39,225,39" />
</Scene>
<Scene>
<INIT seed="5,0,0,0,0,96" ten="303,309,124,264" oya="1" hai0="55,51,128,76,73,119,44,121,123,90,3,56,134" hai1="122,39,17,9,88,115,36,103,46,81,129,114,37" hai2="110,33,118,58,21,60,75,127,131,50,91,59,66" hai3="15,116,102,4,101,87,18,132,125,45,135,68,53"/><U32/><E32/><V71/><F118/><W74/><G74/><T47/><D3/><U1/><E122/><V25/><F110/><W86/><G68/><T24/><D128/><U83/><E129/><V77/><F131/><W79/><G4/><T6/><D6/><U10/><E46/><V95/><F127/><W5/><G5/><T112/><D112/><N who="1" m="43051" /><E1/><V85/><F33/><W20/><G125/><T82/><D119/><U94/><E17/><V84/><F75/><W120/><G116/><T29/><D90/><U27/><E27/><V111/><F111/><W8/><G120/><N who="0" m="46155" /><D134/><N who="3" m="51241" /><G20/><AGARI ba="0,0" hai="20,24,29,44,47,51,55,56,73,76,82" m="46155" machi="20" ten="30,1000,0" yaku="13,1" doraHai="96" who="0" fromWho="3" sc="303,10,309,0,124,0,264,-10" />
</Scene>
<Scene>
<INIT seed="6,0,0,1,1,131" ten="313,309,124,254" oya="2" hai0="3,50,100,133,29,45,53,8,68,7,119,70,71" hai1="31,86,103,12,10,113,19,18,96,116,28,66,126" hai2="0,118,36,65,39,23,44,84,33,49,107,51,2" hai3="82,61,27,85,35,121,57,127,74,108,25,106,98"/><V93/><F118/><W42/><G108/><T59/><D119/><U124/><E116/><V58/><F33/><W78/><G121/><T72/><D72/><U24/><E113/><V115/><F115/><W6/><G127/><N who="1" m="48682" /><E66/><V37/><F107/><W41/><G6/><T111/><D29/><N who="1" m="11339" /><E86/><V52/><F23/><W55/><G74/><T83/><D100/><U4/><E24/><V92/><F65/><W13/><G13/><T14/><D14/><U69/><E69/><V63/><F63/><W90/><G35/><T20/><D20/><U128/><E128/><V79/><F79/><W132/><G132/><T109/><D133/><U40/><E40/><N who="3" m="15466" /><G106/><AGARI ba="0,0" hai="4,10,12,18,19,96,103,106" m="11339,48682" machi="106" ten="30,1000,0" yaku="18,1" doraHai="131" who="1" fromWho="3" sc="313,0,309,10,124,0,254,-10" />
</Scene>
<Scene>
<INIT seed="7,0,0,1,3,3" ten="313,319,124,244" oya="3" hai0="28,5,1,21,91,122,132,101,73,19,43,89,115" hai1="92,123,78,42,20,48,52,64,8,76,58,131,93" hai2="40,127,79,4,69,81,102,2,134,44,51,87,112" hai3="109,119,75,80,90,117,57,13,49,7,39,10,113"/><W16/><G39/><T100/><D122/><U104/><E123/><V68/><F102/><W62/><G75/><T32/><D43/><U83/><E104/><V55/><F112/><W124/><G113/><T86/><D91/><U33/><E33/><V63/><F134/><W45/><G109/><T116/><D132/><U77/><E131/><V29/><F127/><W98/><G124/><T67/><D67/><U94/><E42/><V85/><F29/><W18/><G117/><T60/><D60/><N who="1" m="37911" /><E8/><V47/><F85/><N who="3" m="50471" /><G98/><T82/><D116/><U128/><E128/><V135/><F135/><W99/><G99/><T133/><D73/><U30/><E20/><V88/><F79/><W11/><G11/><N who="0" m="2479" /><D133/><U9/><E9/><V114/><F114/><W74/><G74/><T95/><D82/><U6/><E6/><V12/><F2/><W15/><G15/><N who="0" m="9471" /><D115/><U56/><E83/><V22/><F22/><W105/><G105/><T25/><AGARI ba="0,0" hai="25,28,32,86,89,95,100,101" m="9471,2479" machi="25" ten="30,2000,0" yaku="24,1,52,1" doraHai="3" who="0" fromWho="0" sc="313,20,319,-5,124,-5,244,-10" owari="333,44.0,314,11.0,119,-38.0,234,-17.0" />
</Scene>
</mjloggm>