<mjloggm ver="2.3"><GO type="169" lobby="0"/><UN n0="%E3%81%93%E3%81%BE%E3%81%A3%E3%81%95%E3%82%93" n1="%E3%83%95%E3%83%AA%E3%83%86%E3%83%B3" n2="%41%53%41%50%49%4E" n3="%EF%BC%A0%E6%A3%AE" dan="16,16,18,17" rate="2121,2099,2196,2127" sx="M,M,M,F"/><TAIKYOKU oya="0"/>

<Scene>
<INIT seed="0,0,0,2,0,28" ten="250,250,250,250" oya="0" hai0="36,64,5,86,116,99,66,105,117,29,26,20,96" hai1="1,123,69,112,85,120,82,56,89,22,6,38,129" hai2="106,70,41,25,73,121,109,101,47,0,55,78,35" hai3="67,14,23,58,75,34,16,115,92,80,68,53,83"/><T43/><D5/><U111/><E69/><V95/><F95/><W104/><G104/><T24/><D36/><U107/><E112/><V102/><F55/><W57/><G115/><T134/><D43/><U21/><E107/><V98/><F101/><W79/><G68/><T52/><D86/><U76/><E21/><V128/><F121/><W60/><G92/><T30/><D134/><U48/><E1/><V131/><F109/><W59/><G83/><T91/><D105/><U108/><E6/><V61/><F0/><W19/><G34/><T31/><D52/><N who="1" m="31751" /><E22/><V126/><F126/><W114/><G114/><T8/><D8/><U27/><E27/><V84/><F84/><W135/><G135/><T71/><D71/><U2/><E2/><V18/><F18/><W94/><G94/><T74/><D74/><N who="1" m="43287" /><E129/><V87/><F87/><W127/><G127/><T42/><D42/><U62/><E62/><V130/><F78/><W113/><G113/><T46/><D31/><U103/><E38/><N who="2" m="21943" /><F73/><W9/><REACH who="3" step="1"/><G67/><REACH who="3" ten="250,250,250,240" step="2"/><T63/><D64/><U32/><E32/><V88/><F70/><W54/><G54/><T124/><D66/><U11/><E103/><V133/><F133/><W3/><G3/><T15/><D124/><U119/><E111/><V50/><F35/><W33/><G33/><T49/><D99/><U39/><E108/><V13/><F98/><W12/><AGARI ba="0,1" hai="9,12,14,16,19,23,53,57,58,59,60,75,79,80" machi="12" ten="20,5200,0" yaku="1,1,0,1,7,1,54,1,53,0" doraHai="28" doraHaiUra="132" who="3" fromWho="3" sc="250,-26,250,-13,250,-13,240,62" />
</Scene>
<Scene>
<INIT seed="1,0,0,5,0,95" ten="224,237,237,302" oya="1" hai0="45,113,130,80,72,86,135,0,124,92,41,2,55" hai1="127,84,93,17,36,39,48,82,35,116,74,46,52" hai2="129,3,61,14,88,64,54,102,33,47,66,117,5" hai3="128,63,30,24,57,31,112,9,8,101,60,87,85"/><U62/><E116/><V1/><F117/><W83/><G128/><T110/><D113/><U16/><E35/><V104/><F33/><W6/><G112/><T27/><D72/><U99/><E74/><V65/><F129/><W111/><G111/><T91/><D130/><U90/><E127/><V40/><F102/><W133/><G133/><T132/><D110/><U11/><E11/><V38/><F104/><W68/><G68/><T125/><D55/><U34/><E34/><V105/><F105/><W67/><G101/><T114/><D80/><U18/><REACH who="1" step="1"/><E62/><REACH who="1" ten="224,227,237,302" step="2"/><V81/><F61/><W51/><G63/><T109/><D109/><U75/><E75/><V23/><F23/><W28/><G9/><T76/><D114/><U121/><E121/><V42/><F3/><W103/><G8/><T96/><D0/><U106/><E106/><V79/><F1/><W70/><G60/><T119/><D2/><U115/><E115/><V59/><F66/><W97/><G67/><T10/><D10/><U89/><AGARI ba="0,1" hai="16,17,18,36,39,46,48,52,82,84,89,90,93,99" machi="89" ten="30,12000,1" yaku="1,1,0,1,52,1,54,2,53,0" doraHai="95" doraHaiUra="122" who="1" fromWho="1" sc="224,-40,227,130,237,-40,302,-40" />
</Scene>
<Scene>
<INIT seed="1,1,0,5,1,113" ten="184,357,197,262" oya="1" hai0="106,96,9,67,0,50,127,109,24,58,118,31,86" hai1="95,36,12,34,105,8,94,41,80,5,119,133,33" hai2="85,54,128,7,17,56,90,37,11,26,112,14,81" hai3="57,100,111,2,102,129,61,39,27,87,72,4,134"/><U75/><E105/><V123/><F112/><W59/><G72/><T42/><D86/><U77/><E133/><V130/><F37/><W83/><G134/><T122/><D9/><U76/><E76/><V47/><F47/><W120/><G120/><T73/><D73/><U107/><E107/><V89/><F123/><W116/><G116/><T19/><D0/><N who="1" m="39" /><E119/><V93/><F26/><W28/><G39/><T92/><D106/><U51/><E51/><V66/><F66/><W65/><G129/><T45/><D122/><U132/><E12/><V70/><F70/><W55/><G111/><T20/><D109/><U117/><E117/><V121/><F121/><W64/><G4/><T18/><D118/><U22/><E22/><V131/><F7/><W79/><G2/><T110/><D110/><U32/><E132/><V74/><F74/><W46/><G46/><AGARI ba="1,0" hai="32,33,34,36,41,46,75,77,80,94,95" m="39" machi="46" ten="30,1500,0" yaku="25,1" doraHai="113" who="1" fromWho="3" sc="184,0,357,18,197,0,262,-18" />
</Scene>
<Scene>
<INIT seed="1,2,0,2,5,9" ten="184,375,197,244" oya="1" hai0="28,70,60,27,91,12,66,86,119,81,118,48,54" hai1="26,131,41,2,63,114,30,97,13,106,51,52,111" hai2="115,1,56,59,34,31,85,92,133,134,126,77,71" hai3="29,129,8,6,32,83,11,42,79,4,117,40,20"/><U62/><E114/><V87/><F71/><W112/><G112/><T49/><D48/><U128/><E2/><V22/><F34/><W110/><G110/><T69/><D70/><U95/><E106/><V89/><F115/><W45/><G129/><N who="1" m="49738" /><E41/><V104/><F1/><W57/><G32/><T103/><D103/><N who="1" m="60863" /><E111/><V15/><F126/><W113/><G113/><T98/><D98/><U125/><E125/><V37/><F37/><W17/><G29/><T58/><REACH who="0" step="1"/><D12/><REACH who="0" ten="174,375,197,244" step="2"/><U122/><E13/><V84/><F15/><W3/><G117/><T93/><D93/><U108/><E108/><V16/><F92/><W35/><G3/><T24/><D24/><U65/><E122/><V82/><F104/><W80/><G40/><T130/><D130/><U7/><E7/><V5/><F5/><W105/><G42/><T101/><D101/><U124/><E124/><V55/><F134/><W43/><G105/><T121/><D121/><U127/><E127/><V50/><F133/><W116/><G43/><T76/><D76/><U0/><E0/><V68/><F77/><W39/><G79/><T33/><AGARI ba="2,1" hai="27,28,33,49,54,58,60,66,69,81,86,91,118,119" machi="33" ten="20,2700,0" yaku="1,1,0,1,7,1,53,0" doraHai="9" doraHaiUra="14" who="0" fromWho="0" sc="174,43,375,-15,197,-9,244,-9" />
</Scene>
<Scene>
<INIT seed="2,0,0,2,3,75" ten="217,360,188,235" oya="2" hai0="98,54,122,107,131,40,37,42,63,70,71,0,81" hai1="80,105,55,116,53,14,11,78,18,27,111,29,87" hai2="62,79,125,119,12,103,3,47,9,61,124,45,73" hai3="19,17,91,76,133,16,22,67,102,109,6,59,2"/><V85/><F119/><W121/><G121/><T51/><D0/><U96/><E111/><V52/><F3/><W88/><G109/><T126/><D98/><U65/><E116/><V127/><F73/><W26/><G102/><T41/><D81/><U10/><E65/><V4/><F103/><W83/><G6/><T128/><D107/><U135/><E135/><V35/><F35/><W60/><G2/><T101/><D101/><U31/><E105/><V90/><F79/><W24/><G133/><T130/><D122/><U69/><E69/><N who="0" m="26121" /><D63/><U20/><E96/><V117/><F117/><W7/><G7/><T49/><D126/><U118/><E118/><V95/><REACH who="2" step="1"/><F62/><REACH who="2" ten="217,360,178,235" step="2"/><W1/><G1/><T46/><D51/><U129/><E129/><N who="0" m="33025" /><T108/><DORA hai="23" /><D108/><U99/><E78/><V93/><F93/><W66/><G67/><T48/><D49/><U32/><E32/><V77/><F77/><W132/><G132/><T104/><D104/><U57/><E80/><V112/><F112/><W84/><G22/><T39/><AGARI ba="0,1" hai="37,39,40,41,42,46,48,54" m="33025,26121" machi="39" ten="50,6400,0" yaku="19,1,34,2" doraHai="75,23" who="0" fromWho="0" sc="217,74,360,-16,178,-32,235,-16" />
</Scene>
<Scene>
<INIT seed="3,0,0,4,0,10" ten="291,344,146,219" oya="3" hai0="73,36,100,45,133,91,62,80,48,55,90,125,131" hai1="129,101,14,107,128,135,86,46,70,28,113,114,97" hai2="126,39,79,115,66,77,119,71,1,110,20,4,103" hai3="22,61,89,31,99,25,68,88,106,53,44,5,8"/><W74/><G74/><T41/><D133/><U42/><E70/><V127/><F115/><W27/><G27/><T64/><D131/><N who="1" m="50251" /><E135/><V120/><F119/><W130/><G130/><T3/><D3/><U105/><E107/><V72/><F39/><W78/><G78/><T56/><D125/><U35/><E86/><V87/><F72/><W60/><G68/><T23/><D100/><U54/><E54/><V134/><F134/><W75/><G75/><T43/><D43/><U98/><E97/><V47/><F71/><W52/><G106/><T15/><D73/><U84/><E84/><V85/><F77/><W33/><G33/><T81/><D80/><U96/><E96/><V121/><F79/><W30/><G99/><T16/><D81/><U69/><E14/><V95/><F85/><W19/><G53/><T32/><D32/><U17/><E17/><V59/><F87/><W122/><G60/><T67/><D67/><U37/><E69/><AGARI ba="0,0" hai="15,16,23,36,41,45,48,55,56,62,64,69,90,91" machi="69" ten="30,8000,1" yaku="7,1,24,2,52,1,54,1" doraHai="10" who="0" fromWho="1" sc="291,80,344,-80,146,0,219,0" />
</Scene>
<Scene>
<INIT seed="4,0,0,5,1,107" ten="371,264,146,219" oya="0" hai0="129,44,7,86,4,39,50,120,46,90,98,9,76" hai1="0,60,91,84,33,25,57,36,73,135,112,14,54" hai2="122,1,47,12,52,114,68,109,95,11,93,17,72" hai3="55,132,92,117,130,21,19,105,134,3,70,65,133"/><T22/><D120/><U82/><E0/><V111/><F122/><W104/><G117/><T131/><D98/><U79/><E135/><V127/><F68/><W119/><G119/><T106/><D106/><U97/><E36/><V66/><F66/><W61/><G3/><T63/><D76/><U6/><E112/><V101/><F114/><W64/><G130/><N who="0" m="49675" /><D63/><U51/><E97/><V18/><F127/><W75/><G75/><T42/><D22/><U26/><E33/><V87/><F72/><W35/><G35/><T28/><D28/><U15/><E60/><V78/><F1/><W128/><G128/><T69/><D69/><U124/><E124/><V29/><F29/><W118/><G118/><T56/><D56/><U16/><E6/><V49/><F17/><W32/><G32/><T58/><D58/><U41/><E41/><V53/><F53/><W71/><G70/><T88/><D86/><U45/><E45/><V77/><F101/><W40/><G71/><T103/><D103/><U59/><E57/><V81/><REACH who="2" step="1"/><F77/><REACH who="2" ten="371,264,136,219" step="2"/><W2/><G2/><N who="0" m="151" /><D7/><U80/><E15/><V24/><F24/><W110/><G134/><T62/><D62/><U10/><AGARI ba="0,1" hai="10,14,16,25,26,51,54,59,73,79,80,82,84,91" machi="10" ten="20,5200,0" yaku="0,1,7,1,52,1,54,1" doraHai="107" who="1" fromWho="1" sc="371,-26,264,62,136,-13,219,-13" />
</Scene>
<Scene>
<INIT seed="5,0,0,5,3,16" ten="345,326,123,206" oya="1" hai0="132,80,43,44,90,123,8,9,109,32,83,115,78" hai1="36,45,114,42,64,135,88,111,25,113,95,103,23" hai2="75,6,68,20,26,96,89,65,63,69,85,66,74" hai3="70,14,3,5,108,35,97,79,127,67,73,60,29"/><U112/><E135/><V91/><F6/><W52/><G108/><T122/><D109/><U116/><E111/><V30/><F96/><W46/><G127/><T51/><D32/><U124/><E124/><V12/><F12/><W94/><G3/><T50/><D132/><U13/><E64/><V99/><F99/><W21/><G35/><T2/><D115/><U102/><E13/><V93/><REACH who="2" step="1"/><F89/><REACH who="2" ten="345,326,113,206" step="2"/><W27/><G5/><T39/><D90/><U24/><E24/><V61/><AGARI ba="0,1" hai="20,26,30,61,63,65,66,68,69,74,75,85,91,93" machi="61" ten="30,8000,1" yaku="1,1,2,1,0,1,9,1,52,1,53,0" doraHai="16" doraHaiUra="41" who="2" fromWho="2" sc="345,-20,326,-40,113,90,206,-20" />
</Scene>
<Scene>
<INIT seed="6,0,0,2,5,98" ten="325,286,203,186" oya="2" hai0="68,43,125,61,6,51,111,84,96,20,127,89,99" hai1="115,135,114,108,120,36,13,129,97,119,58,60,130" hai2="42,88,55,77,31,52,34,64,16,15,53,113,87" hai3="74,1,126,85,121,49,79,104,28,67,101,73,18"/><V110/><F113/><N who="1" m="43017" /><E13/><V46/><F110/><W91/><G1/><T102/><D111/><U94/><E108/><V66/><F77/><W17/><G121/><T50/><D6/><U22/><E22/><V33/><F31/><W27/><G126/><N who="0" m="48139" /><D96/><U23/><E23/><N who="2" m="11679" /><F33/><W62/><G49/><T29/><D43/><U8/><E8/><V83/><F34/><W118/><G118/><T69/><D20/><U93/><E119/><V47/><F42/><W63/><G79/><T37/><D29/><U122/><E36/><V131/><F131/><N who="1" m="50185" /><E135/><V100/><F100/><W92/><G101/><T10/><D10/><U128/><N who="1" m="50193" /><U56/><DORA hai="70" /><E94/><V86/><F86/><W40/><G104/><N who="0" m="63583" /><D37/><U103/><E58/><V2/><F2/><W78/><G92/><N who="0" m="54311" /><D69/><U0/><E0/><V71/><F71/><W57/><G57/><T112/><D112/><U26/><E26/><V81/><F81/><W11/><G27/><T5/><D5/><U75/><E75/><V106/><F106/><W54/><G73/><T19/><D19/><U12/><E12/><V4/><F4/><W132/><G17/><T44/><D44/><AGARI ba="0,0" hai="44,46,47,52,53,55,64,66,83,87,88" m="11679" machi="44" ten="30,11600,0" yaku="8,1,54,3" doraHai="98,70" who="2" fromWho="0" sc="325,-116,286,0,203,116,186,0" />
</Scene>
<Scene>
<INIT seed="6,1,0,0,5,42" ten="209,286,319,186" oya="2" hai0="104,28,124,4,38,81,5,116,65,80,106,57,77" hai1="75,123,26,102,19,128,86,119,31,97,100,12,96" hai2="15,112,125,101,44,62,78,83,17,121,9,13,64" hai3="120,89,3,47,91,59,29,67,117,110,73,134,2"/><V43/><F121/><W72/><G120/><T25/><D116/><U98/><E75/><V103/><F125/><W107/><G117/><T24/><D38/><U122/><E119/><V115/><F13/><W69/><G107/><T10/><D124/><U68/><E68/><V95/><F95/><W37/><G69/><T130/><D130/><U52/><E128/><V20/><F20/><W85/><G134/><T50/><D106/><U35/><E123/><V23/><F23/><W94/><G29/><T22/><D25/><U14/><E122/><V30/><F30/><W129/><G110/><T90/><D104/><U76/><E14/><V34/><F34/><W84/><G129/><T135/><D90/><U0/><E0/><V114/><F62/><W27/><G27/><T127/><D135/><U126/><E86/><N who="2" m="48503" /><F64/><W133/><G133/><T33/><D33/><U56/><E76/><V7/><F17/><W54/><G67/><T132/><D132/><U45/><E126/><V21/><F21/><W32/><G32/><T92/><D92/><U46/><E102/><V74/><F74/><W61/><G2/><T18/><D127/><U58/><E100/><V66/><F66/><W48/><G3/><T108/><D108/><U40/><E12/><V41/><F41/><W109/><G109/><T36/><D36/><AGARI ba="1,0" hai="7,9,15,36,43,44,101,103,112,114,115" m="48503" machi="36" ten="30,2900,0" yaku="15,1,52,1" doraHai="42" who="2" fromWho="0" sc="209,-32,286,0,319,32,186,0" />
</Scene>
<Scene>
<INIT seed="6,2,0,3,3,102" ten="177,286,351,186" oya="2" hai0="52,34,125,126,70,65,25,19,111,128,29,115,51" hai1="33,91,88,39,100,123,64,98,124,71,97,67,107" hai2="80,129,32,118,20,62,4,96,30,94,74,131,75" hai3="86,54,60,2,87,76,122,114,110,130,79,112,61"/><V24/><F118/><W35/><G110/><T11/><D111/><U119/><E119/><V50/><F4/><W68/><G2/><T92/><D128/><N who="2" m="49226" /><F80/><W109/><G109/><T57/><D115/><N who="3" m="44073" /><G35/><T99/><D65/><U82/><E39/><V81/><F81/><W78/><G122/><T10/><D70/><U116/><E116/><V16/><F50/><W37/><G37/><T18/><D10/><U59/><E123/><V43/><F43/><W48/><G130/><T55/><D55/><U6/><E6/><V90/><F62/><N who="3" m="24171" /><G68/><T135/><D135/><U133/><E82/><V77/><F77/><W21/><G21/><T104/><D11/><U31/><E133/><V36/><F36/><W27/><G27/><AGARI ba="2,0" hai="16,20,24,27,30,32,74,75,90,94,96" m="49226" machi="27" ten="30,2900,0" yaku="19,1,54,1" doraHai="102" who="2" fromWho="3" sc="177,0,286,0,351,35,186,-35" />
</Scene>
<Scene>
<INIT seed="6,3,0,4,4,116" ten="177,286,386,151" oya="2" hai0="120,88,61,64,41,68,30,92,84,28,55,4,128" hai1="94,93,16,101,19,29,110,87,34,2,25,14,114" hai2="23,7,83,81,122,51,118,6,44,46,103,80,67" hai3="60,40,0,27,70,56,39,8,20,113,43,74,115"/><V59/><F122/><W97/><G74/><T132/><D41/><N who="3" m="15945" /><G39/><T18/><D4/><N who="2" m="1578" /><F103/><W124/><G0/><T85/><D120/><U32/><E2/><V9/><F9/><W53/><G8/><T47/><D132/><U129/><E110/><V33/><F33/><W111/><G111/><T38/><D128/><U90/><E129/><V106/><F106/><W102/><G70/><T105/><D105/><U66/><E114/><N who="3" m="43530" /><G124/><T117/><D117/><U3/><E3/><V37/><F37/><W79/><G79/><T125/><D38/><U76/><E34/><V21/><F118/><W17/><G102/><T96/><D125/><U10/><E76/><V95/><F95/><W121/><G97/><T123/><D123/><AGARI ba="3,0" hai="17,20,27,53,56,60,121,123" m="43530,15945" machi="123" ten="30,7700,0" yaku="15,1,11,1,52,2" doraHai="116" who="3" fromWho="0" sc="177,-86,286,0,386,0,151,86" />
</Scene>
<Scene>
<INIT seed="7,0,0,4,5,127" ten="91,286,386,237" oya="3" hai0="26,30,36,54,80,41,25,12,49,78,121,48,99" hai1="92,100,108,68,79,29,46,104,31,50,110,45,9" hai2="55,37,11,131,63,109,112,135,40,42,118,60,69" hai3="64,71,15,73,84,1,39,77,20,128,57,88,126"/><W124/><G39/><T97/><D121/><U4/><E104/><V8/><F109/><W32/><G1/><T114/><D36/><U133/><E68/><V56/><F118/><W113/><G32/><T24/><D114/><U44/><E133/><V47/><F135/><W82/><G113/><T85/><D30/><U59/><E79/><V81/><F112/><W123/><G123/><T53/><D41/><U94/><E110/><V27/><F42/><W93/><G71/><T105/><D105/><U52/><E108/><V58/><F69/><W3/><G3/><T66/><D66/><U134/><E134/><V16/><F81/><W23/><G128/><T130/><D12/><N who="1" m="5159" /><E100/><V65/><F131/><W119/><G119/><T28/><D28/><AGARI ba="0,0" hai="28,29,31,44,45,46,50,52,59,92,94" m="5159" machi="28" ten="30,2000,0" yaku="8,1,54,1" doraHai="127" who="1" fromWho="0" sc="91,-20,286,20,386,0,237,0" owari="71,-43.0,306,11.0,386,48.0,237,-16.0" />
</Scene>
</mjloggm>