<mjloggm ver="2.3"><GO type="169"/><UN n0="%E3%83%87%E3%82%B8%E3%82%BF%E3%83%AB%E4%BB%99%E4%BA%BA" n1="%79%69%6E%6E%65%72%30%36" n2="%4B%E3%80%82" n3="%41%53%41%50%49%4E" dan="18,16,17,19" rate="2235,2095,2193,2216" sx="F,M,M,M"/><TAIKYOKU oya="0"/>

<Scene>
<INIT seed="0,0,0,3,3,22" ten="250,250,250,250" oya="0" hai0="91,131,73,32,113,48,95,127,23,76,88,18,97" hai1="38,132,118,7,105,84,16,37,77,49,92,41,112" hai2="110,58,39,69,47,4,14,21,99,20,24,5,96" hai3="75,86,44,34,72,122,125,65,109,10,129,117,82"/><T56/><D113/><U116/><E105/><V26/><F69/><W80/><G117/><T19/><D32/><U9/><E132/><V33/><F33/><W68/><G34/><T55/><D131/><U126/><E126/><V134/><F134/><W54/><G10/><T93/><D127/><U102/><E112/><V115/><F115/><W130/><G44/><T78/><D73/><U27/><E102/><V15/><F58/><W53/><G65/><T60/><D18/><U31/><E49/><V52/><F47/><W98/><G125/><T85/><D60/><U6/><E77/><V106/><F106/><W64/><G64/><T2/><D2/><U124/><E124/><V128/><F52/><W67/><G67/><T51/><D51/><U17/><E84/><V57/><F57/><W89/><G86/><T59/><D56/><U133/><E92/><V62/><F62/><W74/><G74/><T29/><D29/><U101/><E101/><V66/><F66/><W46/><G46/><T35/><D35/><U25/><E31/><V8/><F8/><W61/><G61/><T90/><D90/><U103/><E103/><V42/><F39/><W12/><G89/><T100/><D100/><U50/><E50/><V36/><F36/><W123/><G68/><T120/><D120/><U121/><E133/><V108/><REACH who="2" step="1"/><F128/><REACH who="2" ten="250,250,240,250" step="2"/><W119/><G129/><T63/><D63/><U3/><E9/><V135/><F135/><W45/><G130/><T28/><D28/><U114/><E114/><V81/><F81/><W83/><G83/><T94/><D95/><U111/><E37/><RYUUKYOKU ba="0,1" sc="250,15,250,-15,240,15,250,-15" hai0="19,23,48,55,59,76,78,85,88,91,93,94,97" hai2="4,5,14,15,20,21,24,26,42,96,99,108,110" />
</Scene>
<Scene>
<INIT seed="0,1,1,0,1,121" ten="265,235,255,235" oya="0" hai0="30,20,119,34,132,11,56,55,32,40,91,67,115" hai1="73,53,99,2,25,110,79,125,8,48,126,9,107" hai2="120,18,5,122,31,45,21,26,35,12,98,95,87" hai3="13,116,42,72,6,50,76,15,117,133,96,108,27"/><T111/><D119/><U104/><E73/><V10/><F45/><W4/><G133/><T94/><D115/><U90/><E79/><V128/><F87/><W46/><G96/><T82/><D132/><U17/><E110/><V1/><REACH who="2" step="1"/><F128/><REACH who="2" ten="265,235,245,235" step="2"/><W43/><G46/><T85/><D85/><U80/><E80/><V16/><F16/><W83/><G83/><T124/><D82/><U103/><E17/><V135/><F135/><W102/><G116/><T130/><D130/><U38/><E126/><V7/><F7/><W105/><G4/><T61/><D124/><U134/><E125/><V129/><F129/><W68/><G6/><T84/><D84/><U100/><E134/><V78/><F78/><W51/><G76/><T114/><D114/><U81/><E99/><V19/><F19/><W14/><G117/><T23/><D30/><U60/><E104/><V69/><F69/><W109/><G68/><T24/><D40/><U97/><E107/><V58/><F58/><W47/><G105/><T106/><D56/><U0/><E97/><V92/><F92/><W39/><G43/><T29/><D94/><U88/><E81/><V71/><F71/><W86/><G86/><T22/><D29/><U75/><E75/><V49/><F49/><N who="3" m="18443" /><G72/><T36/><D106/><U65/><E48/><V44/><F44/><W28/><G102/><AGARI ba="1,2" hai="1,5,10,12,18,21,26,31,35,95,98,102,120,122" machi="102" ten="30,7700,0" yaku="1,1,7,1,24,2,53,0" doraHai="121" doraHaiUra="41" who="2" fromWho="3" sc="265,0,235,0,245,100,235,-80" />
</Scene>
<Scene>
<INIT seed="1,0,0,2,2,49" ten="265,235,345,155" oya="1" hai0="104,17,42,111,76,21,35,103,82,13,39,102,40" hai1="46,113,55,34,62,54,33,24,80,16,87,2,120" hai2="134,71,20,79,97,95,22,0,30,12,133,77,86" hai3="132,44,128,122,84,6,88,108,117,125,107,74,37"/><U118/><E120/><V135/><F71/><W19/><RYUUKYOKU type="yao9" ba="0,0" sc="265,0,235,0,345,0,155,0" hai3="6,19,37,44,74,84,88,107,108,117,122,125,128,132" />
</Scene>
<Scene>
<INIT seed="1,1,0,2,0,83" ten="265,235,345,155" oya="1" hai0="84,29,58,2,109,42,96,125,10,33,122,111,65" hai1="1,36,135,21,106,68,8,66,13,99,60,20,77" hai2="94,45,35,40,19,113,134,90,74,41,115,53,80" hai3="128,51,34,14,126,31,93,119,129,95,88,32,86"/><U114/><E114/><N who="2" m="43531" /><F35/><W59/><G119/><T55/><D122/><U78/><E36/><V44/><F19/><W11/><G126/><T70/><D125/><U37/><E37/><V133/><F53/><N who="3" m="32191" /><G31/><T105/><D42/><N who="2" m="16490" /><F80/><W112/><G93/><T4/><D65/><U82/><E135/><N who="2" m="51723" /><F74/><W110/><G112/><T76/><D70/><U47/><E1/><V18/><F18/><N who="3" m="8543" /><G110/><T0/><D0/><U127/><E127/><V25/><F25/><W28/><G28/><T63/><D29/><U69/><E69/><V81/><F81/><W107/><G107/><T85/><D33/><U61/><E78/><V92/><F92/><W56/><G56/><T124/><D76/><U43/><E106/><V116/><F116/><W104/><G104/><T120/><D124/><U75/><E99/><AGARI ba="1,0" hai="44,45,90,94,99" m="51723,16490,43531" machi="99" ten="30,2000,0" yaku="11,1,20,1" doraHai="83" who="2" fromWho="1" sc="265,0,235,-23,345,23,155,0" />
</Scene>
<Scene>
<INIT seed="2,0,0,4,4,25" ten="265,212,368,155" oya="2" hai0="43,69,2,14,41,82,101,15,45,9,21,68,71" hai1="115,126,108,38,39,79,118,31,127,117,116,92,50" hai2="29,62,120,47,10,104,129,135,76,112,54,58,125" hai3="12,74,24,102,78,66,67,97,36,91,49,13,35"/><V113/><F104/><W124/><G36/><T72/><D101/><U90/><E79/><V73/><F120/><W121/><G121/><T46/><D21/><U65/><E65/><V19/><F47/><W53/><G124/><N who="1" m="47658" /><E115/><V134/><F125/><W98/><G78/><T26/><D26/><U80/><E80/><V32/><F32/><W85/><G74/><T40/><D82/><U33/><E50/><V11/><F29/><W37/><G37/><T100/><D100/><U114/><E114/><V86/><F73/><W59/><G67/><T130/><D72/><U83/><E83/><N who="2" m="47463" /><F129/><W122/><G122/><T51/><D130/><U0/><E0/><V81/><F81/><W5/><G66/><T95/><D95/><U27/><E108/><V61/><F61/><W1/><G1/><T22/><D2/><U123/><E123/><V103/><F103/><W16/><G102/><T63/><D63/><U88/><E90/><V96/><F113/><W132/><G91/><T17/><D46/><U64/><E64/><V75/><F75/><W57/><G49/><T109/><D109/><U110/><E110/><V84/><F112/><W56/><G57/><T133/><D51/><U87/><AGARI ba="0,0" hai="27,31,33,38,39,87,88,92,116,117,118" m="47658" machi="87" ten="40,5200,0" yaku="18,1,52,1,54,1" doraHai="25" who="1" fromWho="1" sc="265,-13,212,52,368,-26,155,-13" />
</Scene>
<Scene>
<INIT seed="3,0,0,2,4,34" ten="252,264,342,142" oya="3" hai0="68,2,46,20,77,94,12,100,130,127,86,90,93" hai1="53,72,29,122,96,71,64,106,25,65,47,73,10" hai2="132,15,55,58,41,63,82,23,30,35,56,59,125" hai3="95,38,118,92,128,76,60,121,81,69,99,104,14"/><W50/><G121/><T79/><D2/><U74/><E122/><V85/><F132/><W114/><G38/><T61/><D130/><U115/><E115/><V109/><F109/><W27/><G114/><T87/><D127/><U98/><E10/><V107/><F107/><W31/><G118/><T112/><D112/><U4/><E4/><V75/><F75/><W11/><G128/><T5/><D46/><U43/><E53/><V105/><F105/><W28/><G50/><T49/><D49/><U78/><E78/><V44/><F125/><W9/><G9/><T22/><D68/><U123/><E123/><V116/><F35/><W97/><G69/><T108/><D61/><U62/><E65/><V129/><F129/><W6/><G60/><T117/><D108/><U88/><E106/><V18/><F30/><W39/><G39/><T124/><D117/><U37/><REACH who="1" step="1"/><E88/><REACH who="1" ten="252,254,342,142" step="2"/><N who="2" m="51255" /><F116/><W113/><G113/><T89/><D124/><U102/><E102/><V84/><F84/><N who="3" m="48167" /><G104/><T120/><D120/><U0/><E0/><V51/><AGARI ba="0,1" hai="15,18,23,41,44,51,55,56,58,59,63" m="51255" machi="51" ten="30,2000,0" yaku="8,1,54,1" doraHai="34" who="2" fromWho="2" sc="252,-5,254,-5,342,30,142,-10" />
</Scene>
<Scene>
<INIT seed="4,0,0,0,5,16" ten="247,249,372,132" oya="0" hai0="132,129,97,1,63,10,106,21,121,120,35,69,80" hai1="89,14,41,33,34,124,131,114,20,29,107,104,98" hai2="110,37,0,22,38,94,66,96,19,13,42,18,47" hai3="102,115,134,90,77,128,25,26,85,53,71,32,5"/><T54/><D35/><U23/><E131/><V44/><F110/><W67/><G128/><T130/><D132/><U116/><E116/><V113/><F0/><W119/><G119/><T52/><D80/><U4/><E41/><V12/><F113/><W95/><G115/><T40/><D40/><U91/><E114/><V92/><F66/><W48/><G134/><T82/><D82/><U93/><E4/><V123/><F123/><W76/><G5/><T50/><D130/><U72/><E72/><V60/><F60/><W2/><G2/><T30/><D129/><U101/><E104/><V87/><F87/><W15/><G15/><T61/><D69/><U17/><E124/><V11/><F96/><W135/><G135/><T133/><D133/><U56/><E56/><V112/><F112/><W81/><G102/><T122/><D10/><U117/><E117/><V39/><F39/><W68/><G77/><T79/><D79/><U64/><E64/><V78/><F78/><W24/><G32/><T57/><D1/><U43/><E43/><AGARI ba="0,0" hai="11,12,13,18,19,22,37,38,42,43,44,47,92,94" machi="43" ten="40,2600,0" yaku="9,1,52,1" doraHai="16" who="2" fromWho="1" sc="247,0,249,-26,372,26,132,0" />
</Scene>
<Scene>
<INIT seed="5,0,0,5,0,66" ten="247,223,398,132" oya="1" hai0="101,33,24,41,129,52,81,134,44,29,8,7,73" hai1="105,95,32,103,85,40,130,30,17,49,133,90,74" hai2="57,51,20,99,3,77,42,93,83,113,11,21,118" hai3="18,63,91,43,45,35,135,0,70,97,36,102,2"/><U87/><E130/><V25/><F118/><W128/><G91/><T80/><D129/><U112/><E112/><V5/><F113/><W115/><G128/><T23/><D134/><U6/><E6/><V46/><F57/><W61/><G115/><T109/><D109/><U65/><E74/><V116/><F25/><W120/><G120/><T131/><D131/><U13/><E133/><V4/><F4/><W47/><G135/><T60/><D101/><U88/><E65/><V64/><F64/><N who="3" m="41231" /><G18/><T38/><D33/><U82/><E105/><V78/><F78/><W127/><G63/><T72/><D72/><U69/><E103/><V76/><F76/><W27/><G47/><T53/><D60/><U22/><E69/><V89/><F116/><W117/><G117/><T14/><REACH who="0" step="1"/><D73/><AGARI ba="0,0" hai="3,5,11,20,21,42,46,51,73,77,83,89,93,99" machi="73" ten="30,1000,0" yaku="7,1" doraHai="66" who="2" fromWho="0" sc="247,-10,223,0,398,10,132,0" />
</Scene>
<Scene>
<INIT seed="6,0,0,4,4,61" ten="237,223,408,132" oya="2" hai0="22,121,59,30,109,48,79,133,69,116,26,60,98" hai1="86,65,13,135,58,66,83,5,49,91,77,90,131" hai2="50,15,36,57,4,76,51,106,14,97,20,107,96" hai3="33,42,1,63,85,108,100,12,117,134,18,114,10"/><V118/><F36/><W38/><G117/><T29/><D116/><U88/><E135/><V0/><F76/><W75/><G75/><T62/><D133/><U125/><E125/><V78/><F78/><W101/><G134/><T73/><D121/><U52/><E131/><V89/><F118/><W47/><G108/><T112/><D112/><U103/><E103/><V56/><F89/><W68/><G114/><T67/><D109/><U53/><E5/><V37/><F37/><W41/><G33/><T3/><D3/><U115/><E115/><V40/><F20/><W43/><G1/><T24/><D48/><N who="1" m="30983" /><E13/><V55/><F55/><W35/><G35/><T64/><D98/><U17/><E17/><V6/><F40/><W94/><G100/><T113/><D113/><U120/><E120/><V126/><F0/><W95/><G95/><T122/><D122/><U93/><E93/><V132/><F132/><W27/><G27/><T34/><D79/><U105/><E105/><V2/><F2/><W32/><G32/><T21/><D34/><U45/><AGARI ba="0,0" hai="45,49,53,65,66,77,83,86,88,90,91" m="30983" machi="45" ten="30,8000,1" yaku="8,1,52,2,54,2" doraHai="61" who="1" fromWho="1" sc="237,-20,223,80,408,-40,132,-20" />
</Scene>
<Scene>
<INIT seed="7,0,0,5,2,48" ten="217,303,368,112" oya="3" hai0="134,105,86,7,94,79,17,34,11,85,69,70,30" hai1="130,125,100,89,131,25,78,44,128,98,116,133,52" hai2="73,53,84,42,49,9,68,29,74,58,39,1,26" hai3="101,8,45,2,37,3,119,121,75,117,50,71,77"/><W61/><G121/><T114/><D105/><U83/><E116/><V41/><F84/><W27/><G101/><T0/><D134/><U97/><E25/><V81/><F42/><N who="3" m="22735" /><G27/><T22/><D114/><U76/><E133/><V129/><F1/><N who="3" m="11" /><G50/><T124/><D85/><N who="1" m="50367" /><E125/><V31/><F9/><W32/><G8/><T72/><D124/><U62/><E97/><V111/><F49/><W112/><G112/><T55/><D30/><U135/><E135/><V123/><F31/><W5/><G5/><T4/><D34/><U113/><E113/><V91/><F26/><W92/><G92/><T99/><D4/><U132/><E132/><V18/><F29/><W16/><G16/><T35/><D35/><U23/><E23/><V108/><F18/><W106/><G106/><T47/><D86/><U19/><E19/><V127/><F127/><W15/><G15/><T33/><D33/><U90/><E90/><V20/><F91/><W12/><G12/><T80/><D17/><U38/><E38/><V96/><F39/><W115/><G115/><T103/><D22/><U64/><E64/><V88/><F20/><W59/><G32/><T66/><D66/><U102/><E102/><V87/><F123/><W67/><G71/><T118/><D118/><U109/><E44/><V60/><F68/><W107/><G107/><T28/><D28/><U93/><E128/><V13/><F129/><W82/><G119/><T6/><D6/><U104/><E131/><V126/><F126/><W46/><G117/><T21/><D21/><U95/><E130/><V54/><F13/><W65/><G46/><RYUUKYOKU ba="0,0" sc="217,15,303,-15,368,-15,112,15" hai0="0,7,11,47,55,69,70,72,79,80,94,99,103" hai3="59,61,65,67,75,77,82" />
</Scene>
<Scene>
<INIT seed="7,1,0,5,3,91" ten="232,288,353,127" oya="3" hai0="76,85,29,40,17,110,61,56,41,80,35,114,16" hai1="4,124,63,121,72,83,7,132,53,108,26,44,36" hai2="60,51,3,39,31,81,100,82,11,112,70,59,19" hai3="111,73,99,125,10,30,20,84,37,54,98,116,43"/><W122/><G116/><T94/><D110/><U89/><E108/><V52/><F39/><W45/><G122/><T15/><D114/><U65/><E121/><V135/><F135/><W115/><G111/><T66/><D17/><U107/><E107/><V55/><F112/><W128/><G115/><T104/><D104/><U68/><E132/><V18/><F31/><W24/><G73/><T123/><D123/><U22/><E124/><V14/><F3/><W90/><G125/><T23/><D35/><U106/><E106/><V48/><F100/><W101/><G101/><T134/><D29/><U86/><E72/><V62/><F70/><W42/><G128/><T34/><D34/><U0/><E0/><V38/><F38/><W109/><G109/><T32/><D32/><U77/><E77/><V130/><F130/><W69/><G69/><T129/><D134/><U103/><E103/><V113/><F113/><W6/><G54/><T46/><D129/><U92/><E83/><N who="2" m="31755" /><F19/><W49/><G43/><T67/><D67/><U71/><E68/><V87/><F87/><W88/><G37/><T33/><D33/><U119/><E119/><V79/><F79/><W133/><G133/><T120/><D120/><U131/><E131/><V12/><F12/><N who="3" m="5207" /><G90/><N who="0" m="53583" /><D46/><AGARI ba="1,0" hai="11,14,18,46,48,51,52,55,59,60,62" m="31755" machi="46" ten="30,2000,0" yaku="8,1,54,1" doraHai="91" who="2" fromWho="0" sc="232,-23,288,0,353,23,127,0" owari="209,-19.0,288,9.0,376,47.0,127,-37.0" />
</Scene>
</mjloggm>