<mjloggm ver="2.3"><GO type="169"/><UN n0="%E5%88%BB%E5%AD%90%E5%B8%82%E6%B0%91" n1="%43%4F%52%41%4C" n2="%41%53%41%50%49%4E" n3="%E6%9C%A7%E5%A4%8F%E6%9C%88" dan="16,16,18,18" rate="2074,2065,2203,2193" sx="M,M,M,M"/><TAIKYOKU oya="0"/>

<Scene>
<INIT seed="0,0,0,3,4,38" ten="250,250,250,250" oya="0" hai0="71,103,98,53,22,45,76,108,43,128,95,26,135" hai1="61,68,70,51,32,114,73,49,46,47,19,56,21" hai2="2,33,29,31,111,67,132,102,37,74,134,125,41" hai3="83,92,63,119,118,121,48,110,113,127,6,10,17"/><T13/><D108/><U124/><E73/><V96/><F74/><W62/><G113/><T87/><D71/><U59/><E32/><V15/><F2/><W123/><G110/><T104/><D135/><N who="2" m="51754" /><F111/><W14/><G127/><T126/><D126/><U80/><E80/><V7/><F33/><W11/><G83/><N who="0" m="47591" /><D104/><U20/><E124/><V30/><F67/><W129/><G92/><T4/><D128/><U106/><E106/><N who="2" m="63815" /><F125/><W40/><G129/><T5/><D13/><U65/><E114/><V42/><F37/><W97/><G97/><T130/><D53/><U81/><E81/><V24/><F24/><W57/><G119/><T90/><D103/><U133/><E133/><V39/><F39/><W120/><G118/><T79/><D79/><U23/><E70/><V16/><F7/><W52/><REACH who="3" step="1"/><G40/><REACH who="3" ten="250,250,250,240" step="2"/><T94/><D130/><U89/><E89/><V82/><F82/><W64/><G64/><T58/><D95/><U18/><E68/><V50/><F50/><W27/><G27/><T44/><D43/><N who="1" m="24799" /><E59/><V99/><F99/><W69/><G69/><T78/><D58/><U105/><E105/><V101/><F101/><W8/><G8/><AGARI ba="0,1" hai="8,15,16,29,30,31,41,42" m="63815,51754" machi="8" ten="30,7700,0" yaku="20,1,52,2,54,1" doraHai="38" who="2" fromWho="3" sc="250,0,250,0,250,87,240,-77" />
</Scene>
<Scene>
<INIT seed="1,0,0,0,0,64" ten="250,250,337,163" oya="1" hai0="19,124,25,129,111,126,72,114,48,47,35,1,62" hai1="29,34,78,7,9,46,33,59,76,117,98,119,68" hai2="65,43,16,127,82,100,84,103,105,36,132,128,56" hai3="13,101,63,94,66,75,80,20,22,95,53,104,87"/><U73/><E98/><V130/><F105/><W27/><G75/><T91/><D72/><U49/><E59/><V50/><F36/><W6/><G104/><T79/><D79/><U134/><E134/><V89/><F132/><W108/><G108/><T60/><D1/><U96/><E96/><V54/><F127/><W106/><G53/><T14/><D114/><U71/><E49/><V44/><F65/><W93/><G106/><T41/><D129/><N who="2" m="49770" /><F16/><W51/><G51/><T17/><D111/><U92/><E92/><V12/><F12/><W38/><G38/><T70/><D70/><N who="1" m="26667" /><E46/><V39/><AGARI ba="0,0" hai="39,43,44,50,54,56,82,84,89,100,103" m="49770" machi="39" ten="30,1100,0" yaku="19,1" doraHai="64" who="2" fromWho="2" sc="250,-3,250,-5,337,11,163,-3" />
</Scene>
<Scene>
<INIT seed="2,0,0,0,1,94" ten="247,245,348,160" oya="2" hai0="74,81,47,93,33,51,111,92,38,59,34,64,46" hai1="70,36,96,23,41,54,99,32,114,25,56,88,39" hai2="109,61,105,62,14,8,132,98,77,79,126,45,0" hai3="106,60,129,53,134,87,65,135,21,103,27,76,44"/><V115/><F115/><W37/><G129/><T83/><D38/><U17/><E70/><V4/><F132/><W1/><G1/><T101/><D111/><U95/><E114/><V119/><F119/><W127/><G127/><T63/><D74/><U10/><E41/><V73/><F126/><W24/><G76/><T18/><D34/><U57/><E57/><V31/><F109/><W131/><G87/><T121/><D33/><U52/><E54/><V35/><F45/><W128/><G106/><T125/><D121/><U71/><E71/><V58/><F73/><W19/><G103/><T78/><D125/><U55/><E55/><V26/><F0/><W107/><G107/><T40/><D78/><U6/><E32/><V116/><F62/><W49/><G27/><T7/><D7/><U66/><E66/><V2/><F2/><W69/><G37/><T117/><D117/><U84/><E39/><V82/><F82/><N who="0" m="31242" /><D101/><U86/><E86/><V118/><F116/><W5/><G5/><T100/><D100/><U102/><E102/><V20/><F118/><W13/><G24/><T50/><D18/><U113/><E36/><V29/><F29/><W112/><G112/><T67/><D67/><U124/><E124/><V42/><F35/><W85/><G85/><T75/><D75/><U28/><E28/><V80/><F80/><W130/><AGARI ba="0,0" hai="13,19,21,44,49,53,60,65,69,128,130,131,134,135" machi="130" ten="40,2700,0" yaku="0,1,19,1" doraHai="94" who="3" fromWho="3" sc="247,-7,245,-7,348,-13,160,27" />
</Scene>
<Scene>
<INIT seed="3,0,0,3,2,112" ten="240,238,335,187" oya="3" hai0="110,89,68,127,97,86,78,96,72,48,66,108,16" hai1="0,75,100,111,37,5,121,92,130,51,34,99,58" hai2="43,82,35,50,54,59,105,123,49,40,19,71,39" hai3="30,62,11,52,26,2,6,45,25,103,33,20,122"/><W116/><G122/><T69/><D127/><U55/><E34/><V18/><F35/><W53/><G116/><T17/><D78/><U135/><E75/><V76/><F105/><W41/><G103/><T29/><D72/><U24/><E121/><V3/><F123/><W12/><G62/><T132/><D29/><U128/><E37/><V83/><F3/><W27/><G27/><T88/><D48/><U73/><E73/><V80/><F71/><N who="0" m="27210" /><D66/><U70/><E70/><V113/><F113/><W93/><G93/><T126/><D126/><U133/><E24/><V107/><F107/><W61/><G61/><T21/><D132/><N who="1" m="50763" /><E111/><N who="0" m="42537" /><D89/><U42/><E42/><N who="2" m="15915" /><F39/><N who="3" m="21695" /><G26/><N who="0" m="14631" /><D17/><AGARI ba="0,0" hai="2,6,11,12,17,20,25,30,33,52,53" m="21695" machi="17" ten="30,2900,0" yaku="24,1,54,1" doraHai="112" who="3" fromWho="0" sc="240,-29,238,0,335,0,187,29" />
</Scene>
<Scene>
<INIT seed="3,1,0,2,4,112" ten="211,238,335,216" oya="3" hai0="45,110,99,123,49,76,70,39,133,20,44,83,104" hai1="88,55,62,8,72,23,59,41,56,75,24,52,48" hai2="4,95,25,21,60,113,103,90,85,131,80,121,119" hai3="57,116,117,5,127,71,13,7,108,67,81,53,100"/><W98/><G67/><T65/><D123/><U92/><E41/><V106/><F113/><W14/><G71/><T64/><D110/><U94/><E94/><V132/><F119/><W15/><G108/><T38/><D133/><U27/><E8/><V47/><F132/><W84/><G127/><T1/><D1/><U120/><E120/><V42/><F121/><W125/><G125/><T118/><D20/><U12/><E12/><V124/><F124/><W79/><G7/><T128/><D128/><U28/><REACH who="1" step="1"/><E24/><REACH who="1" ten="211,228,335,216" step="2"/><V93/><F95/><W61/><REACH who="3" step="1"/><G5/><REACH who="3" ten="211,228,335,206" step="2"/><T58/><D70/><U35/><E35/><V9/><F4/><W91/><G91/><T26/><D76/><U63/><E63/><V37/><F60/><W97/><G97/><AGARI ba="1,2" hai="23,27,28,48,52,55,56,59,62,72,75,88,92,97" machi="97" ten="30,8000,1" yaku="1,1,7,1,54,2,53,1" doraHai="112" doraHaiUra="86" who="1" fromWho="3" sc="211,0,228,103,335,0,206,-83" />
</Scene>
<Scene>
<INIT seed="4,0,0,4,4,60" ten="211,331,335,123" oya="0" hai0="48,117,110,72,103,14,94,54,15,129,64,116,68" hai1="21,106,135,26,71,134,121,1,40,124,93,63,66" hai2="38,17,130,8,111,132,101,79,76,108,27,10,131" hai3="126,3,0,87,105,42,52,65,41,119,28,89,83"/><T19/><D72/><U96/><E1/><V120/><F38/><W30/><G119/><T53/><D129/><N who="2" m="49162" /><F120/><W57/><G105/><T18/><D110/><N who="2" m="42026" /><F132/><N who="1" m="50729" /><E106/><V4/><F101/><W43/><G126/><T37/><D37/><U78/><E78/><N who="2" m="29739" /><F4/><W35/><G35/><T11/><D94/><U16/><E121/><V25/><F17/><W56/><G3/><T109/><D103/><N who="1" m="60815" /><E40/><V20/><F20/><W32/><G32/><T58/><D109/><U39/><E39/><V67/><F67/><W7/><G7/><T62/><REACH who="0" step="1"/><D54/><REACH who="0" ten="201,331,335,123" step="2"/><U12/><E124/><V75/><F75/><W97/><G97/><T85/><D85/><U99/><E99/><V45/><F45/><W55/><G55/><T69/><D69/><U86/><E86/><V100/><F100/><W95/><G52/><T74/><D74/><U98/><E98/><V6/><F6/><W13/><G87/><T47/><D47/><U77/><E77/><V114/><F114/><W31/><G42/><T73/><D73/><U91/><E91/><V88/><F88/><W128/><G41/><T59/><D59/><U36/><E36/><V49/><F49/><W24/><G43/><T122/><D122/><U81/><E81/><V2/><F2/><W44/><G0/><T5/><D5/><U22/><E71/><V70/><F70/><W84/><G128/><T9/><AGARI ba="0,1" hai="9,11,14,15,18,19,48,53,58,62,64,68,116,117" machi="9" ten="20,18000,2" yaku="1,1,0,1,7,1,9,1,52,1,53,2" doraHai="60" doraHaiUra="112" who="0" fromWho="0" sc="201,190,331,-60,335,-60,123,-60" />
</Scene>
<Scene>
<INIT seed="4,1,0,3,3,122" ten="391,271,275,63" oya="0" hai0="108,26,12,44,37,91,89,58,111,96,52,29,82" hai1="117,53,86,113,54,34,124,80,14,40,104,90,85" hai2="125,75,18,112,21,105,66,67,65,28,9,5,70" hai3="87,63,119,107,128,13,33,59,78,93,36,25,118"/><T55/><D12/><U131/><E34/><V19/><F75/><W99/><G36/><T43/><D82/><U73/><E73/><V123/><F123/><W23/><G128/><T2/><D2/><U106/><E117/><V77/><F105/><W8/><G33/><T126/><D126/><U51/><E131/><V15/><F125/><W1/><G107/><T132/><D132/><U16/><E124/><V56/><F70/><W83/><G1/><T3/><D3/><U10/><E113/><V110/><F110/><N who="0" m="42026" /><D96/><U22/><E86/><V31/><F77/><W127/><G127/><T134/><D134/><U61/><E106/><V102/><F102/><W64/><G13/><T129/><D129/><U41/><E104/><V6/><F112/><W62/><G62/><N who="0" m="36167" /><D55/><U32/><E10/><V97/><F97/><W72/><G8/><T38/><D37/><U35/><E41/><V98/><F98/><W103/><REACH who="3" step="1"/><G72/><REACH who="3" ten="391,271,275,53" step="2"/><T42/><D42/><U115/><E40/><V39/><F39/><W109/><G109/><T76/><D76/><U133/><E133/><V60/><F15/><W84/><G84/><T81/><D81/><U0/><E0/><V47/><F60/><W94/><G94/><T46/><D46/><U120/><E115/><V45/><F47/><W100/><G100/><T95/><D95/><U88/><E80/><V121/><F45/><W69/><G69/><T71/><D71/><U11/><E11/><V7/><F9/><W74/><G74/><T30/><D26/><U101/><E101/><V79/><F79/><W48/><G48/><T17/><D38/><RYUUKYOKU ba="1,1" sc="391,-10,271,-10,275,-10,53,30" hai3="23,25,59,63,64,78,83,87,93,99,103,118,119" />
</Scene>
<Scene>
<INIT seed="5,2,1,3,1,30" ten="381,261,265,83" oya="1" hai0="131,115,105,63,43,95,101,72,96,119,28,84,122" hai1="3,48,114,46,36,103,4,130,41,91,116,34,27" hai2="38,111,74,80,86,56,2,32,87,123,20,94,128" hai3="51,100,71,42,77,29,108,107,55,124,53,21,129"/><U58/><E116/><V120/><F111/><W134/><G108/><T26/><D119/><U67/><E3/><V19/><F2/><W118/><G118/><T61/><D43/><U76/><E4/><V133/><F38/><W126/><G77/><T25/><D115/><U68/><E103/><V66/><F32/><W62/><G100/><T49/><D131/><U69/><E76/><V15/><F128/><W52/><G107/><T81/><D122/><U104/><E104/><V125/><F74/><W110/><G110/><T112/><D112/><U79/><E79/><V13/><F80/><W35/><G129/><T135/><D135/><U12/><E12/><V33/><F33/><W6/><G6/><T1/><D1/><U83/><E130/><V23/><F133/><W54/><G21/><T117/><D117/><U59/><E69/><V78/><F125/><N who="3" m="48235" /><G42/><T17/><D17/><U113/><E113/><V10/><F78/><W37/><G37/><T92/><D72/><U88/><E114/><V102/><F20/><W65/><G134/><T0/><D0/><U47/><E83/><V39/><F39/><W50/><N who="3" m="13824" /><DORA hai="8" /><W45/><G45/><T40/><D81/><U70/><E47/><V16/><F123/><W98/><G98/><T85/><D105/><U99/><E99/><N who="2" m="59767" /><F120/><W106/><G106/><T64/><D101/><U22/><E36/><V82/><F82/><W44/><G44/><T9/><D96/><U75/><E75/><V60/><AGARI ba="2,1" hai="10,13,15,16,19,23,56,60,66,86,87" m="59767" machi="60" ten="30,7900,0" yaku="8,1,52,2,54,1" doraHai="30,8" who="2" fromWho="2" sc="381,-22,261,-41,265,95,83,-22" />
</Scene>
<Scene>
<INIT seed="6,0,0,0,5,67" ten="359,220,360,61" oya="2" hai0="78,114,43,52,28,40,15,20,44,122,93,0,135" hai1="38,106,72,132,120,8,70,22,69,27,116,59,41" hai2="91,57,76,104,2,88,77,127,81,50,89,102,98" hai3="66,74,131,118,117,32,53,123,96,100,17,71,113"/><V34/><F34/><W10/><G123/><T21/><D0/><U56/><E116/><V79/><F2/><W75/><G131/><T86/><D122/><U109/><E106/><V48/><F57/><W31/><G53/><T60/><D114/><U3/><E72/><V54/><F54/><W37/><G37/><T65/><D135/><U55/><E109/><V126/><F50/><W36/><G36/><T99/><D65/><U101/><E101/><V124/><REACH who="2" step="1"/><F48/><REACH who="2" ten="359,220,350,61" step="2"/><W128/><G118/><T115/><D52/><U110/><E59/><V125/><N who="2" m="31744" /><DORA hai="14" /><V19/><F19/><W26/><G117/><T64/><D28/><U82/><E56/><V112/><F112/><W24/><G113/><T30/><D30/><U4/><E55/><V25/><F25/><W83/><G128/><T94/><D115/><U80/><E120/><V33/><F33/><W47/><G26/><T7/><D7/><U105/><E4/><V87/><AGARI ba="0,1" hai="76,77,79,81,87,88,89,91,98,102,104" m="31744" machi="87" ten="60,18000,2" yaku="1,1,0,1,18,1,34,3,54,1,53,0" doraHai="67,14" doraHaiUra="42,9" who="2" fromWho="2" sc="359,-60,220,-60,350,190,61,-60" />
</Scene>
<Scene>
<INIT seed="6,1,0,1,0,129" ten="299,160,540,1" oya="2" hai0="39,52,122,91,107,108,62,71,109,55,74,1,66" hai1="26,78,99,6,85,31,132,15,29,41,68,23,59" hai2="37,106,126,10,102,64,110,104,20,81,4,49,73" hai3="118,50,18,61,82,46,27,70,96,101,51,100,30"/><V21/><F37/><W115/><G118/><T135/><D74/><U86/><E68/><V42/><F126/><W134/><G18/><T17/><D107/><U54/><E41/><V48/><F110/><W88/><G115/><T125/><D1/><U67/><E67/><V25/><F64/><N who="3" m="41231" /><G100/><T35/><D35/><U79/><E99/><V117/><F102/><W98/><G46/><T116/><D17/><U111/><E111/><V14/><F117/><W44/><G44/><T112/><D112/><U75/><E31/><V76/><F104/><N who="3" m="63527" /><G134/><T89/><D135/><U33/><E132/><V133/><F106/><W92/><G82/><T124/><D116/><U22/><E75/><V130/><F130/><W114/><G114/><T90/><D39/><U2/><E2/><V16/><F42/><W53/><G53/><N who="0" m="20555" /><D122/><U60/><E79/><V94/><F133/><W69/><G69/><T0/><D0/><U40/><E40/><V7/><F94/><W28/><G28/><T121/><D121/><U113/><E78/><V13/><F7/><W38/><G38/><T131/><D131/><U58/><E113/><V5/><F5/><W8/><G8/><T103/><D103/><U24/><E6/><V127/><F127/><AGARI ba="1,0" hai="62,66,71,89,90,91,108,109,124,125,127" m="20555" machi="127" ten="30,2000,0" yaku="18,1,54,1" doraHai="129" who="0" fromWho="2" sc="299,23,160,0,540,-23,1,0" />
</Scene>
<Scene>
<INIT seed="7,0,0,5,5,16" ten="322,160,517,1" oya="3" hai0="34,94,57,59,40,7,69,107,41,100,65,22,89" hai1="134,62,125,54,60,81,20,3,39,106,122,86,98" hai2="78,50,114,91,113,103,128,110,8,38,105,80,124" hai3="37,95,14,18,11,1,51,43,28,73,12,63,10"/><W48/><G1/><T35/><D7/><U82/><E39/><V9/><F110/><W135/><G73/><T108/><D108/><U27/><E3/><V101/><F38/><W90/><G135/><T83/><D107/><U42/><E122/><V2/><F128/><W19/><G28/><T68/><D100/><N who="2" m="38474" /><F2/><W87/><G63/><T133/><D83/><U66/><E106/><V25/><F105/><W116/><G116/><T111/><D111/><U0/><E0/><V31/><F124/><W32/><G32/><T120/><D89/><U58/><E42/><V47/><F91/><W49/><G37/><T67/><D94/><U123/><E123/><V85/><F50/><W26/><G26/><T13/><D13/><U112/><E125/><V130/><F47/><AGARI ba="0,0" hai="10,11,12,14,18,19,43,47,48,49,51,87,90,95" machi="47" ten="40,3900,0" yaku="9,1,8,1" doraHai="16" who="3" fromWho="2" sc="322,0,160,0,517,-39,1,39" />
</Scene>
<Scene>
<INIT seed="7,1,0,2,5,28" ten="322,160,478,40" oya="3" hai0="117,85,7,38,71,100,113,1,110,36,2,132,122" hai1="134,67,89,92,16,44,35,4,126,50,45,129,41" hai2="124,68,103,53,19,46,6,58,10,57,109,101,22" hai3="116,24,82,23,79,119,73,90,94,66,131,105,102"/><W123/><G123/><T93/><D93/><U52/><E134/><V26/><F109/><W12/><G66/><T74/><D85/><U106/><E106/><V112/><F68/><W80/><G12/><T39/><D100/><U42/><E129/><V120/><F112/><W8/><G8/><T25/><D25/><U61/><E4/><V108/><F108/><W98/><G131/><T30/><D30/><U97/><E126/><V130/><F124/><W55/><G55/><T40/><D36/><U49/><E61/><V11/><F130/><W104/><G82/><T118/><D39/><U48/><E67/><V96/><F120/><W54/><G54/><T83/><D83/><U70/><E70/><V29/><F46/><W5/><G5/><T125/><D40/><U75/><E75/><V95/><F101/><W111/><G111/><T17/><D17/><U47/><E16/><V62/><F6/><W77/><G77/><T31/><D31/><U34/><AGARI ba="1,0" hai="34,35,41,42,44,45,47,48,49,50,52,89,92,97" machi="34" ten="30,8000,1" yaku="0,1,9,1,52,2,54,1" doraHai="28" who="1" fromWho="1" sc="322,-21,160,83,478,-21,40,-41" owari="301,10.0,243,-16.0,457,56.0,-1,-50.0" />
</Scene>
</mjloggm>