<mjloggm ver="2.3"><GO type="169"/><UN n0="%E3%81%91%E3%82%93%31%39%37%30" n1="%E3%81%94%E3%82%8D%E3%81%AB%E3%82%83%E3%83%BC" n2="%41%53%41%50%49%4E" n3="%E7%AB%8B%E8%8F%AF%E5%A5%8F" dan="16,16,19,16" rate="2116,2107,2198,2104" sx="M,M,M,F"/><TAIKYOKU oya="0"/>

<Scene>
<INIT seed="0,0,0,2,2,71" ten="250,250,250,250" oya="0" hai0="107,91,110,22,73,59,54,25,0,57,50,67,37" hai1="114,109,28,106,94,105,13,63,88,131,45,56,46" hai2="76,128,81,74,27,36,16,18,48,61,62,125,19" hai3="58,117,5,123,52,30,111,53,103,38,75,14,83"/><T49/><D0/><U84/><E109/><V121/><F121/><W31/><G111/><T70/><D110/><U132/><E132/><V26/><F128/><W127/><G117/><T3/><D3/><U2/><E2/><V35/><F125/><W44/><G127/><T97/><D73/><U95/><E131/><V47/><F36/><W130/><G130/><T77/><D77/><U33/><E114/><V99/><F99/><W82/><G123/><T89/><D70/><U122/><E122/><V85/><F74/><W20/><G103/><T134/><D134/><U126/><E126/><V79/><F79/><W8/><G75/><T12/><D12/><U9/><E105/><V24/><REACH who="2" step="1"/><F35/><REACH who="2" ten="250,250,240,250" step="2"/><W119/><G119/><T32/><D32/><U80/><E106/><V113/><F113/><W1/><G38/><T40/><D37/><U21/><E33/><V68/><F68/><W65/><G1/><T60/><D107/><U10/><E95/><V104/><F104/><W17/><G83/><T101/><D101/><U96/><E9/><V98/><F98/><W41/><G82/><T4/><D97/><U112/><E112/><V93/><F93/><W34/><G34/><T135/><D135/><U100/><E21/><V124/><F124/><W115/><G20/><T42/><D91/><U29/><E29/><V102/><F102/><W78/><G31/><N who="0" m="17847" /><D89/><U51/><E28/><V129/><F129/><W6/><G30/><T120/><D120/><U90/><E90/><V92/><F92/><W86/><G115/><T116/><D116/><U55/><E51/><N who="0" m="19465" /><D4/><AGARI ba="0,1" hai="4,10,13,45,46,55,56,63,80,84,88,94,96,100" machi="4" ten="30,3900,0" yaku="7,1,8,1,54,1" doraHai="71" who="1" fromWho="0" sc="250,-39,250,49,240,0,250,0" />
</Scene>
<Scene>
<INIT seed="1,0,0,1,2,30" ten="211,299,240,250" oya="1" hai0="77,112,88,36,102,12,80,18,81,52,29,117,22" hai1="99,110,63,131,39,19,28,111,64,43,87,9,105" hai2="96,82,83,24,11,4,23,121,46,35,103,125,56" hai3="67,54,72,109,95,25,13,104,44,7,108,8,60"/><U130/><E87/><V49/><F121/><W62/><G104/><T65/><D117/><U1/><E28/><V84/><F125/><W89/><G72/><T93/><D112/><U100/><E43/><V97/><F56/><W3/><G3/><T107/><D36/><U135/><E39/><V15/><F35/><W57/><G25/><T58/><D65/><U118/><E118/><V119/><F119/><W86/><REACH who="3" step="1"/><G44/><REACH who="3" ten="211,299,240,240" step="2"/><T47/><D47/><U78/><E135/><V40/><F103/><W123/><G123/><T132/><D132/><U16/><E1/><V127/><F127/><W45/><G45/><T2/><D2/><U55/><E78/><N who="2" m="46167" /><F49/><W59/><AGARI ba="0,1" hai="7,8,13,54,57,59,60,62,67,86,89,95,108,109" machi="59" ten="30,2000,0" yaku="1,1,0,1,53,0" doraHai="30" doraHaiUra="68" who="3" fromWho="3" sc="211,-5,299,-10,240,-5,240,30" />
</Scene>
<Scene>
<INIT seed="2,0,0,5,3,77" ten="206,289,235,270" oya="2" hai0="81,83,111,113,103,30,51,94,93,19,91,54,62" hai1="24,69,72,122,0,7,66,22,15,29,3,127,108" hai2="56,2,78,68,115,55,10,82,100,63,87,1,123" hai3="99,34,74,88,89,106,45,21,76,6,31,35,90"/><V130/><F115/><W75/><G6/><T9/><D113/><U109/><E72/><V44/><F123/><W32/><G45/><T64/><D30/><U73/><E73/><V12/><F130/><W23/><G31/><T27/><D111/><N who="1" m="42571" /><E66/><V48/><F100/><W79/><G75/><T43/><D43/><U38/><E38/><V67/><REACH who="2" step="1"/><F68/><REACH who="2" ten="206,289,225,270" step="2"/><W14/><G74/><T135/><D103/><U129/><E69/><V119/><F119/><W57/><G57/><T60/><D135/><U39/><E129/><V112/><F112/><W65/><G65/><T50/><D64/><U49/><E122/><V116/><F116/><W59/><G59/><T92/><D91/><U16/><E39/><V71/><F71/><W118/><G118/><T86/><D86/><U97/><E97/><V125/><F125/><W11/><G99/><T41/><D41/><U18/><E127/><V26/><F26/><W20/><G106/><T126/><D126/><U131/><E131/><V25/><F25/><W80/><G80/><N who="0" m="30795" /><D27/><U110/><E110/><V13/><F13/><W85/><G85/><T33/><D33/><U105/><E105/><V28/><F28/><W128/><G128/><T17/><D54/><U61/><E29/><V104/><F104/><W4/><AGARI ba="0,1" hai="4,11,14,20,21,23,32,34,35,76,79,88,89,90" machi="4" ten="40,8000,1" yaku="0,1,29,2,54,1" doraHai="77" who="3" fromWho="3" sc="206,-20,289,-20,225,-40,270,90" />
</Scene>
<Scene>
<INIT seed="3,0,0,1,2,47" ten="186,269,185,360" oya="3" hai0="2,104,91,8,93,53,0,31,80,36,128,37,85" hai1="26,115,3,60,103,19,16,32,38,1,105,49,87" hai2="131,78,108,20,35,6,55,107,69,50,102,34,100" hai3="64,51,110,24,29,14,117,111,54,121,129,81,113"/><W27/><G113/><T109/><D104/><U30/><E38/><V56/><F69/><W130/><G117/><T75/><D128/><N who="3" m="49257" /><G121/><T124/><D31/><U77/><E115/><V25/><F131/><W62/><G81/><T61/><D37/><U52/><E105/><V5/><F108/><N who="3" m="41515" /><G14/><T28/><D109/><U88/><E103/><V74/><F78/><W43/><G43/><T57/><D80/><U72/><E60/><V44/><F74/><W23/><G24/><T40/><D40/><U17/><E77/><V7/><F107/><W127/><G127/><T89/><D75/><U22/><E32/><V12/><F12/><W18/><G29/><T45/><D124/><U73/><E73/><V84/><F35/><W76/><G76/><T59/><D28/><U99/><E99/><V97/><F34/><W96/><G96/><T39/><D2/><U106/><E106/><V132/><F97/><W134/><G134/><T58/><D0/><U79/><E79/><V71/><F132/><W120/><G120/><T66/><D8/><U10/><E10/><V101/><F84/><W4/><G4/><T9/><D9/><U82/><REACH who="1" step="1"/><E72/><REACH who="1" ten="186,259,185,360" step="2"/><V125/><F125/><W94/><G94/><T135/><D135/><U33/><E33/><V70/><F101/><W116/><G116/><T95/><D95/><U46/><AGARI ba="0,1" hai="1,3,16,17,19,22,26,30,46,49,52,82,87,88" machi="46" ten="30,12000,2" yaku="1,1,0,1,52,1,54,3,53,0" doraHai="47" doraHaiUra="126" who="1" fromWho="1" sc="186,-30,259,130,185,-30,360,-60" />
</Scene>
<Scene>
<INIT seed="4,0,0,5,2,76" ten="156,389,155,300" oya="0" hai0="10,112,72,130,37,1,47,28,4,60,6,15,87" hai1="125,25,42,46,62,8,75,22,18,44,29,133,11" hai2="117,96,16,74,43,23,108,7,38,55,94,109,102" hai3="33,73,126,122,36,24,2,35,13,66,91,124,80"/><T52/><D130/><U17/><E75/><V116/><F74/><W41/><G122/><T83/><D112/><U97/><E133/><V101/><F7/><W98/><G2/><T49/><D72/><U90/><E125/><N who="3" m="48234" /><G66/><T115/><D115/><U104/><E62/><V26/><F102/><W3/><G3/><T81/><D37/><U132/><E132/><V106/><F106/><W51/><G36/><T105/><D105/><U123/><E123/><V5/><F5/><W85/><G73/><T107/><D107/><U69/><E69/><V39/><F39/><W82/><G98/><T34/><D60/><U119/><E119/><N who="2" m="45643" /><F55/><W59/><G13/><T20/><D34/><N who="3" m="12809" /><G24/><N who="0" m="16391" /><D1/><U77/><E104/><V53/><F53/><N who="3" m="32191" /><G41/><T99/><D99/><U32/><E97/><V14/><F14/><W114/><G114/><T56/><D6/><U111/><E42/><V128/><F128/><W48/><G48/><N who="0" m="30727" /><D87/><U12/><E32/><V63/><F63/><W71/><G71/><T110/><D110/><U135/><E111/><V64/><F64/><W100/><G100/><T127/><D127/><U84/><E135/><V134/><F134/><W89/><G85/><T88/><D88/><AGARI ba="0,0" hai="80,82,88,89,91" m="32191,12809,48234" machi="88" ten="30,7700,0" yaku="18,1,52,2,54,1" doraHai="76" who="3" fromWho="0" sc="156,-77,389,0,155,0,300,77" />
</Scene>
<Scene>
<INIT seed="5,0,0,5,5,117" ten="79,389,155,377" oya="1" hai0="13,65,17,131,111,135,70,54,82,62,6,118,105" hai1="94,12,98,21,123,113,41,66,71,27,127,63,25" hai2="56,57,20,59,90,103,49,93,106,100,116,102,23" hai3="7,26,28,77,2,104,52,108,51,67,74,0,89"/><U101/><E113/><V46/><F116/><W61/><G108/><T134/><D118/><U37/><E127/><V39/><F106/><W78/><G104/><T107/><D111/><U50/><E37/><V91/><F39/><W79/><G74/><T38/><D6/><U30/><E123/><V18/><F93/><W14/><G89/><T5/><D5/><U55/><E41/><V42/><REACH who="2" step="1"/><F23/><REACH who="2" ten="79,389,145,377" step="2"/><W84/><G0/><T130/><D38/><U133/><E133/><V129/><F129/><W121/><G2/><T132/><D82/><U83/><E83/><V43/><F43/><W124/><G124/><T19/><D107/><U112/><E112/><V35/><F35/><W97/><G78/><T24/><D105/><U1/><E1/><V53/><F53/><W99/><G79/><T96/><D131/><U115/><E115/><V95/><F95/><W10/><G52/><T109/><D130/><U86/><E21/><V128/><F128/><W16/><G77/><T33/><D109/><U32/><E55/><V64/><F64/><W9/><G67/><T125/><D125/><U60/><E66/><V81/><F81/><W76/><G76/><T75/><D54/><U122/><E94/><V15/><AGARI ba="0,1" hai="15,18,20,42,46,49,56,57,59,90,91,100,102,103" machi="15" ten="30,4000,0" yaku="1,1,0,1,8,1,53,0" doraHai="117" doraHaiUra="22" who="2" fromWho="2" sc="79,-10,389,-20,145,50,377,-10" />
</Scene>
<Scene>
<INIT seed="6,0,0,1,0,6" ten="69,369,195,367" oya="2" hai0="75,21,126,12,47,134,76,66,10,127,95,14,15" hai1="123,26,4,113,46,44,86,1,7,90,131,78,100" hai2="49,63,92,124,108,130,56,2,70,17,24,41,67" hai3="48,45,40,103,99,27,79,23,9,101,129,69,0"/><V33/><F2/><W121/><G121/><T57/><D75/><U106/><E123/><V29/><F130/><W91/><G69/><T61/><D76/><U19/><E131/><V34/><F124/><W60/><G129/><T53/><D134/><U62/><E78/><V82/><F108/><W39/><G39/><T87/><D21/><U135/><E135/><V89/><F82/><W97/><G79/><T102/><D127/><U111/><E111/><V77/><F77/><W85/><G60/><T37/><D126/><U105/><E62/><V36/><F36/><W22/><G22/><T28/><D28/><U5/><E1/><V43/><F33/><W74/><G74/><T65/><D65/><U11/><E26/><V16/><F70/><W133/><G133/><T20/><D20/><U110/><E110/><V58/><F58/><W50/><G50/><T128/><D128/><U18/><E105/><V73/><F73/><W71/><G71/><T13/><D37/><U125/><E106/><V98/><REACH who="2" step="1"/><F49/><REACH who="2" ten="69,369,185,367" step="2"/><W104/><G0/><T59/><D47/><U81/><E125/><V52/><F52/><W116/><G48/><N who="0" m="30887" /><D102/><U83/><E100/><V72/><F72/><W80/><G45/><T42/><D42/><AGARI ba="0,1" hai="16,17,24,29,34,41,42,43,56,63,67,89,92,98" machi="42" ten="40,3900,0" yaku="1,1,54,1,53,0" doraHai="6" doraHaiUra="117" who="2" fromWho="0" sc="69,-39,369,0,185,49,367,0" />
</Scene>
<Scene>
<INIT seed="6,1,0,5,3,77" ten="30,369,234,367" oya="2" hai0="28,108,83,115,70,134,13,91,0,99,57,41,38" hai1="130,132,63,43,17,135,55,102,23,82,131,97,112" hai2="14,113,120,65,100,101,64,90,61,21,96,8,126" hai3="37,62,119,30,80,72,106,49,54,19,74,11,26"/><V31/><F120/><W44/><G106/><T5/><D108/><U20/><E43/><V47/><F113/><W67/><G119/><T79/><D70/><U50/><E63/><V122/><F122/><W71/><G37/><T104/><D115/><U16/><E112/><V60/><F126/><W76/><G11/><T40/><D134/><N who="1" m="51243" /><E82/><V117/><F117/><W118/><G118/><T125/><D125/><U36/><E36/><V127/><F127/><W114/><G19/><N who="1" m="7242" /><E20/><V22/><F47/><W86/><REACH who="3" step="1"/><G114/><REACH who="3" ten="30,369,234,357" step="2"/><T111/><D38/><U35/><E35/><AGARI ba="1,1" hai="26,30,35,44,49,54,62,67,71,72,74,76,80,86" machi="35" ten="30,8000,1" yaku="1,1,2,1,7,1,52,1,53,1" doraHai="77" doraHaiUra="25" who="3" fromWho="1" sc="30,0,369,-83,234,0,357,93" />
</Scene>
<Scene>
<INIT seed="7,0,0,4,3,49" ten="30,286,234,450" oya="3" hai0="78,131,26,81,90,76,61,6,16,2,51,29,111" hai1="41,109,123,11,96,119,97,50,94,125,118,21,102" hai2="74,63,108,114,91,79,0,85,80,122,69,20,58" hai3="88,87,99,82,57,72,7,66,27,42,101,53,47"/><W28/><G72/><T56/><D111/><U130/><E109/><V116/><F108/><W25/><G66/><T18/><D131/><U62/><E123/><V45/><F116/><N who="1" m="44585" /><E125/><V35/><F122/><W59/><G7/><T135/><D135/><U127/><E127/><V67/><F114/><W120/><G120/><T46/><D6/><U95/><E62/><V64/><F35/><W92/><G28/><T55/><D2/><U4/><E21/><V48/><F0/><W68/><G68/><T65/><D90/><U107/><E130/><V133/><F133/><W71/><G71/><T132/><D78/><U115/><E115/><V44/><F69/><W105/><G105/><T17/><D132/><U113/><E113/><V31/><F67/><W129/><G129/><T33/><REACH who="0" step="1"/><D18/><REACH who="0" ten="20,286,234,450" step="2"/><U3/><E97/><V37/><F91/><W93/><G82/><T10/><D10/><U73/><E3/><V128/><F79/><W19/><G19/><T100/><D100/><U5/><E4/><V8/><F8/><W134/><G134/><T106/><D106/><U23/><E5/><V103/><F103/><W52/><G25/><T15/><D15/><U14/><E14/><V13/><F13/><W83/><G27/><T121/><D121/><U1/><E11/><V104/><F104/><W32/><G32/><T39/><D39/><U43/><E1/><V124/><F37/><W112/><G83/><T24/><D24/><U9/><E102/><V75/><F80/><W30/><G112/><T38/><D38/><U22/><E107/><V77/><F128/><W12/><G99/><RYUUKYOKU ba="0,1" sc="20,30,286,-10,234,-10,450,-10" hai0="16,17,26,29,33,46,51,55,56,61,65,76,81" owari="50,-45.0,276,8.0,224,-18.0,450,55.0" />
</Scene>
</mjloggm>