<mjloggm ver="2.3"><GO type="169" lobby="0"/><UN n0="%E7%8B%AC%E6%AD%A9" n1="%41%53%41%50%49%4E" n2="%6B%6D%6F%32" n3="%E3%81%8A%E3%81%8B%E3%82%82%E3%81%A8" dan="17,19,16,17" rate="2156,2223,2004,2126" sx="M,M,M,M"/><TAIKYOKU oya="0"/>

<Scene>
<INIT seed="0,0,0,1,4,35" ten="250,250,250,250" oya="0" hai0="6,94,129,88,74,2,131,124,0,119,95,115,77" hai1="36,93,44,99,58,40,86,89,109,128,43,121,85" hai2="10,92,79,46,117,62,134,83,24,14,12,18,3" hai3="9,71,66,106,120,82,87,123,16,65,45,97,60"/><T122/><D122/><N who="3" m="46633" /><G66/><T26/><D119/><U69/><E121/><V23/><F117/><W100/><G45/><T96/><D115/><U61/><E109/><V1/><F134/><W38/><G38/><T47/><D124/><U127/><E127/><V80/><F14/><N who="3" m="7247" /><G87/><T114/><D114/><U39/><E128/><N who="0" m="49225" /><D6/><U78/><E69/><V113/><F113/><W112/><G112/><T56/><D26/><U29/><E29/><V76/><F46/><W13/><G82/><N who="0" m="45367" /><D56/><U20/><E78/><V33/><F33/><W54/><G13/><T63/><D63/><U70/><E70/><V91/><F62/><W34/><G34/><T17/><D17/><U130/><E130/><V105/><F105/><W118/><G118/><T37/><D95/><U8/><E61/><V31/><F80/><W133/><G133/><T132/><D132/><U135/><E58/><V53/><F53/><AGARI ba="0,0" hai="53,54,60,65,71,97,100,106" m="7247,46633" machi="53" ten="30,2000,0" yaku="13,1,54,1" doraHai="35" who="3" fromWho="2" sc="250,0,250,0,250,-20,250,20" />
</Scene>
<Scene>
<INIT seed="1,0,0,0,3,32" ten="250,250,230,270" oya="1" hai0="128,54,98,43,9,11,40,135,56,87,41,5,68" hai1="22,88,15,7,37,71,59,67,44,30,117,23,114" hai2="89,25,115,62,78,113,16,39,61,118,116,96,100" hai3="80,126,8,125,50,12,52,49,101,29,123,3,48"/><U103/><E114/><N who="2" m="43531" /><F39/><W99/><G123/><T122/><D122/><U73/><E117/><N who="2" m="45163" /><F78/><W109/><G109/><T42/><D68/><U76/><E71/><V106/><F89/><W18/><G29/><T72/><D72/><U110/><E110/><V127/><F127/><N who="3" m="48651" /><G80/><T84/><D128/><U55/><E67/><V105/><F106/><N who="3" m="63807" /><G3/><T104/><D135/><U133/><E133/><V102/><F102/><W79/><G79/><T0/><N who="0" m="10240" /><DORA hai="129" /><T86/><D11/><U82/><E103/><V93/><F105/><W92/><G92/><T124/><D124/><U14/><E37/><V70/><F70/><W57/><AGARI ba="0,0" hai="8,12,18,48,49,50,52,57" m="63807,48651" machi="57" ten="30,2000,0" yaku="18,1,54,1" doraHai="32,129" who="3" fromWho="3" sc="250,-5,250,-10,230,-5,270,20" />
</Scene>
<Scene>
<INIT seed="2,0,0,0,4,34" ten="245,240,225,290" oya="2" hai0="134,82,54,124,128,123,75,32,9,130,43,98,52" hai1="69,59,60,3,47,37,13,84,1,89,70,61,66" hai2="126,6,104,131,22,93,102,17,41,114,68,14,91" hai3="107,90,26,21,79,110,62,83,117,45,50,36,87"/><V78/><F114/><W81/><G117/><T94/><D123/><U31/><E31/><V49/><F68/><W121/><G107/><T119/><D32/><U11/><E37/><V56/><F131/><N who="0" m="50218" /><D119/><U10/><E47/><V77/><F126/><W8/><G36/><T27/><D27/><U133/><E133/><V103/><F6/><W96/><G121/><T125/><D43/><U116/><E116/><V5/><F5/><W2/><G110/><T33/><D33/><U118/><E118/><V115/><F115/><W95/><G62/><T106/><D106/><U28/><E28/><V42/><F104/><W74/><G8/><T105/><D9/><U58/><E84/><N who="2" m="52455" /><F42/><W86/><G74/><T48/><D105/><U129/><E89/><V55/><F41/><W100/><G2/><T4/><D4/><U63/><E129/><V111/><F111/><W109/><G109/><T67/><D67/><U7/><E63/><V108/><F108/><W64/><G64/><T18/><D18/><U71/><REACH who="1" step="1"/><E11/><REACH who="1" ten="245,230,225,290" step="2"/><V88/><F88/><W30/><G50/><T23/><D134/><U35/><E35/><V57/><F57/><W97/><G97/><T53/><D48/><U127/><E127/><N who="0" m="48713" /><D23/><U113/><E113/><V112/><F112/><W38/><G38/><T135/><D135/><U101/><E101/><AGARI ba="0,1" hai="14,17,22,49,55,56,77,78,101,102,103" m="52455" machi="101" ten="30,2900,0" yaku="25,1,8,1" doraHai="34" who="2" fromWho="1" sc="245,0,230,-29,225,39,290,0" />
</Scene>
<Scene>
<INIT seed="2,1,0,2,5,24" ten="245,201,264,290" oya="2" hai0="59,3,70,22,112,31,37,94,76,114,2,81,60" hai1="103,108,55,19,130,42,88,105,16,121,118,90,80" hai2="102,15,135,46,127,129,47,48,89,50,100,9,85" hai3="74,13,38,25,125,111,29,117,68,36,43,93,67"/><V128/><F127/><W7/><G117/><T21/><D37/><U54/><E118/><V91/><F135/><W32/><G74/><T12/><D70/><U6/><E108/><V82/><F91/><N who="1" m="34857" /><E130/><N who="2" m="50283" /><F48/><W61/><G125/><T49/><D94/><U104/><E80/><V96/><F96/><W134/><G111/><T45/><D3/><U66/><E42/><N who="2" m="24919" /><F47/><W124/><G124/><T23/><D2/><U58/><E6/><AGARI ba="1,0" hai="6,9,15,82,85,89,100,102" m="24919,50283" machi="6" ten="30,1500,0" yaku="19,1" doraHai="24" who="2" fromWho="1" sc="245,0,201,-18,264,18,290,0" />
</Scene>
<Scene>
<INIT seed="2,2,0,5,3,90" ten="245,183,282,290" oya="2" hai0="111,108,105,2,130,89,80,25,41,96,5,87,66" hai1="117,11,102,36,42,31,99,64,54,95,73,30,50" hai2="97,82,0,115,118,67,61,49,101,128,72,126,110" hai3="65,16,29,124,113,20,112,1,13,120,131,51,7"/><V94/><F118/><W10/><G65/><T27/><D66/><U93/><E117/><V58/><F115/><N who="3" m="44107" /><G51/><T57/><D57/><U92/><E73/><V19/><F0/><W119/><G119/><T39/><D130/><U60/><E11/><V56/><F128/><W134/><G131/><T86/><D5/><U14/><E14/><V121/><F121/><W88/><G134/><T62/><D62/><U3/><E3/><V38/><F38/><W135/><G135/><T21/><D2/><U104/><E42/><V52/><F126/><W83/><G124/><T76/><D41/><U40/><E40/><V69/><F110/><N who="0" m="42026" /><D39/><U75/><E75/><V12/><F72/><W125/><G125/><T44/><D44/><U109/><E36/><V22/><REACH who="2" step="1"/><F82/><REACH who="2" ten="245,183,272,290" step="2"/><W70/><G120/><T37/><D37/><U43/><E109/><V74/><F74/><W4/><G83/><N who="0" m="49407" /><D21/><U129/><E129/><V79/><F79/><W34/><G20/><T116/><D116/><U8/><E8/><V71/><AGARI ba="2,1" hai="12,19,22,49,52,56,58,61,67,69,71,94,97,101" machi="71" ten="30,11700,0" yaku="1,1,0,1,52,1,54,1,53,0" doraHai="90" doraHaiUra="28" who="2" fromWho="2" sc="245,-41,183,-41,272,133,290,-41" />
</Scene>
<Scene>
<INIT seed="2,3,0,2,5,5" ten="204,142,405,249" oya="2" hai0="50,132,79,54,59,125,51,101,104,66,96,97,71" hai1="27,41,110,76,8,116,94,17,12,90,56,105,74" hai2="34,3,53,130,98,107,73,43,1,103,45,19,36" hai3="86,108,92,128,60,120,10,131,106,135,0,122,22"/><V85/><F73/><W100/><G106/><T121/><D121/><U57/><E116/><V44/><F34/><W81/><G135/><T114/><D114/><U37/><E105/><V111/><F130/><N who="3" m="49707" /><G108/><T49/><D132/><U112/><E112/><V65/><F111/><W119/><G119/><T33/><D125/><U38/><E110/><V72/><F72/><W7/><G60/><T93/><D79/><U134/><E134/><V15/><F65/><W52/><G22/><T70/><D33/><U75/><E75/><V2/><F85/><W129/><N who="3" m="49715" /><W67/><DORA hai="32" /><G67/><T20/><D20/><U80/><E27/><V42/><F53/><W47/><G92/><T39/><D39/><U16/><E17/><V102/><F102/><W124/><G100/><T109/><D109/><U9/><E9/><V123/><F123/><W95/><G95/><T83/><D83/><U55/><E41/><V64/><F64/><W91/><G124/><T6/><D6/><U127/><E127/><V126/><F126/><W63/><G47/><T40/><D40/><U58/><REACH who="1" step="1"/><E55/><REACH who="1" ten="204,132,405,249" step="2"/><V78/><F43/><W4/><G4/><T11/><D11/><U18/><E18/><V23/><F42/><W31/><G31/><T29/><D29/><U88/><E88/><V115/><F115/><W26/><G26/><T77/><D66/><U84/><AGARI ba="3,1" hai="8,12,16,37,38,56,57,58,74,76,80,84,90,94" machi="84" ten="30,8000,1" yaku="1,1,0,1,52,1,54,1,53,1" doraHai="5,32" doraHaiUra="24,82" who="1" fromWho="1" sc="204,-23,132,99,405,-43,249,-23" />
</Scene>
<Scene>
<INIT seed="3,0,0,3,3,33" ten="181,231,362,226" oya="3" hai0="51,118,7,130,32,31,107,56,104,102,48,111,6" hai1="87,134,74,106,17,109,105,101,91,24,13,57,108" hai2="133,64,78,94,34,117,65,61,84,21,89,23,40" hai3="4,35,125,90,10,27,0,116,72,30,114,2,131"/><W98/><G72/><T3/><D32/><U77/><E134/><V20/><F133/><W53/><G116/><T55/><D31/><U86/><E24/><V121/><F117/><W14/><G114/><T67/><D118/><U124/><E124/><V42/><F34/><W95/><G125/><T46/><D130/><U110/><E101/><V122/><F78/><W26/><G131/><T135/><D135/><U58/><E74/><V63/><F42/><W85/><G27/><T54/><D111/><U49/><E77/><V22/><F40/><W38/><G38/><T45/><D102/><U37/><E37/><V28/><F28/><W71/><G71/><T44/><D67/><U129/><E129/><V47/><F47/><W99/><REACH who="3" step="1"/><G53/><REACH who="3" ten="181,231,362,216" step="2"/><T115/><D115/><U128/><E128/><V11/><F122/><W41/><G41/><T19/><D19/><U25/><E25/><V127/><F121/><W97/><AGARI ba="0,1" hai="0,2,4,10,14,26,30,35,85,90,95,97,98,99" machi="97" ten="30,11700,0" yaku="1,1,0,1,52,2,53,0" doraHai="33" doraHaiUra="79" who="3" fromWho="3" sc="181,-39,231,-39,362,-39,216,127" />
</Scene>
<Scene>
<INIT seed="3,1,0,4,5,118" ten="142,192,323,343" oya="3" hai0="64,98,127,96,79,45,36,72,0,94,41,66,3" hai1="61,65,63,57,67,50,130,83,102,110,13,18,12" hai2="15,71,14,84,124,100,104,126,33,92,122,68,78" hai3="99,21,132,81,16,44,134,46,32,20,26,5,25"/><W88/><G5/><T108/><D108/><U27/><E110/><V103/><F33/><W2/><G2/><T52/><D127/><N who="2" m="48682" /><F122/><W131/><G32/><T6/><D98/><U106/><E130/><V19/><F104/><W85/><G99/><T75/><D75/><U48/><E102/><N who="2" m="38955" /><F15/><W39/><G131/><T112/><D112/><U86/><E106/><V76/><F92/><W80/><G80/><T93/><D93/><U22/><E13/><V49/><F49/><W35/><G35/><T4/><D4/><U24/><E24/><V111/><F111/><W55/><G55/><T59/><D3/><U8/><E65/><V114/><F114/><W73/><G73/><T117/><D117/><U29/><REACH who="1" step="1"/><E63/><REACH who="1" ten="142,182,323,343" step="2"/><V101/><F101/><W74/><G25/><T1/><D66/><U40/><E40/><V31/><F31/><W42/><G26/><T128/><D64/><U58/><E58/><V10/><F84/><W34/><G74/><T30/><D30/><U109/><E109/><V54/><F54/><W60/><G34/><T105/><D105/><U95/><E95/><V116/><F116/><W123/><G60/><T77/><D128/><U119/><E119/><V28/><F28/><W62/><G62/><N who="0" m="36199" /><D72/><U121/><E121/><V69/><AGARI ba="1,1" hai="10,14,19,68,69,71,76,78" m="38955,48682" machi="69" ten="40,1500,0" yaku="18,1" doraHai="118" who="2" fromWho="2" sc="142,-5,182,-5,323,28,343,-8" />
</Scene>
<Scene>
<INIT seed="4,0,0,0,4,129" ten="137,177,351,335" oya="0" hai0="5,127,37,91,8,77,76,41,101,118,26,84,122" hai1="53,81,78,13,63,93,42,105,65,33,96,62,4" hai2="12,58,3,51,10,2,22,19,18,68,67,57,15" hai3="108,124,116,0,100,16,83,106,104,45,72,29,39"/><T9/><D122/><U32/><E105/><V66/><F68/><W61/><G0/><T52/><D118/><U25/><E42/><V20/><F51/><W64/><G108/><T43/><D127/><U49/><E25/><V56/><F56/><W114/><G116/><T40/><D101/><U54/><E4/><V113/><REACH who="2" step="1"/><F10/><REACH who="2" ten="137,177,341,335" step="2"/><N who="0" m="4202" /><D37/><U117/><E49/><V69/><F69/><W88/><G39/><T46/><D5/><U97/><E117/><V128/><F128/><W86/><G124/><T11/><D26/><U99/><E62/><V120/><F120/><W95/><G61/><T59/><N who="0" m="4210" /><T102/><DORA hai="24" /><D102/><U1/><E63/><V48/><F48/><W44/><G100/><T119/><D119/><U107/><E1/><V94/><F94/><W7/><G95/><N who="0" m="54759" /><D46/><U131/><E131/><V30/><F30/><W74/><G44/><T134/><D134/><U115/><E107/><V6/><F6/><W130/><G45/><T36/><D36/><U135/><E135/><V132/><F132/><W121/><G7/><T126/><D126/><U82/><E93/><V34/><F34/><W28/><G104/><T98/><D98/><U75/><E33/><V31/><F31/><W35/><G106/><T27/><D27/><U109/><E32/><V92/><F92/><W50/><G35/><T70/><D70/><U90/><E99/><V103/><F103/><W47/><G47/><T55/><D59/><U87/><E96/><V125/><F125/><W111/><G130/><T23/><D23/><U71/><E97/><V89/><F89/><W17/><G121/><RYUUKYOKU ba="0,1" sc="137,15,177,-15,341,15,335,-15" hai0="40,41,43,52,55,76,77" hai2="2,3,12,15,18,19,20,22,57,58,66,67,113" />
</Scene>
<Scene>
<INIT seed="4,1,1,5,5,79" ten="152,162,356,320" oya="0" hai0="129,34,82,105,28,17,78,90,33,18,114,70,116" hai1="104,118,97,3,132,56,124,94,68,46,71,120,85" hai2="96,4,127,1,21,41,92,39,87,47,111,74,84" hai3="0,86,19,51,64,59,24,8,112,125,117,131,31"/><T25/><D116/><U95/><E118/><V130/><F111/><W42/><G117/><T73/><D129/><U102/><E120/><V50/><F130/><W66/><G131/><T43/><D114/><U62/><E3/><V100/><F74/><W113/><G112/><T98/><D34/><U75/><E75/><V101/><F127/><W32/><G125/><T103/><D43/><U49/><E124/><V76/><F101/><W133/><G113/><T9/><D9/><U52/><E132/><V53/><F76/><W63/><G133/><T54/><D54/><U5/><E5/><V7/><F21/><W29/><G29/><T67/><REACH who="0" step="1"/><D90/><REACH who="0" ten="142,162,356,320" step="2"/><U16/><E16/><V40/><F40/><W27/><G42/><T12/><D12/><U57/><E57/><V23/><F1/><W37/><G59/><T60/><AGARI ba="1,2" hai="17,18,25,28,33,60,67,70,73,78,82,98,103,105" machi="60" ten="30,12000,1" yaku="1,1,0,1,25,2,52,1,53,0" doraHai="79" doraHaiUra="123" who="0" fromWho="0" sc="142,143,162,-41,356,-41,320,-41" />
</Scene>
<Scene>
<INIT seed="4,2,0,0,5,35" ten="285,121,315,279" oya="0" hai0="113,125,52,92,108,50,119,13,129,130,91,76,99" hai1="53,82,84,3,43,114,6,80,24,65,61,60,104" hai2="105,58,64,22,134,51,100,44,40,131,41,95,23" hai3="2,20,7,25,29,115,83,128,96,101,15,86,132"/><T85/><D119/><U122/><E122/><V69/><F105/><W63/><G115/><T8/><D113/><U62/><E104/><V71/><F131/><N who="0" m="50186" /><D108/><U68/><E114/><V57/><F134/><W49/><G128/><T72/><D125/><U45/><E24/><V11/><F11/><W127/><G132/><T126/><D126/><U110/><E110/><V124/><F124/><W10/><G127/><T87/><D72/><U30/><E30/><V79/><F79/><W89/><G63/><T54/><D76/><U70/><E53/><N who="0" m="20585" /><D50/><U4/><E4/><AGARI ba="2,0" hai="4,8,13,85,87,91,92,99" m="20585,50186" machi="4" ten="30,2900,0" yaku="19,1,54,1" doraHai="35" who="0" fromWho="1" sc="285,35,121,-35,315,0,279,0" />
</Scene>
<Scene>
<INIT seed="4,3,0,2,4,79" ten="320,86,315,279" oya="0" hai0="103,110,54,22,129,84,88,27,37,97,10,115,60" hai1="35,92,33,93,100,19,14,123,12,121,46,6,28" hai2="85,42,20,69,1,8,102,56,107,17,21,3,0" hai3="77,9,94,59,98,127,133,128,23,34,65,70,71"/><T89/><D110/><U68/><E68/><V55/><F69/><W90/><G34/><T26/><D37/><U44/><E19/><V125/><F125/><W48/><G127/><T95/><D129/><U106/><E100/><V87/><F42/><W105/><G128/><T73/><D73/><U58/><E58/><V51/><F8/><W104/><G133/><T74/><D74/><U62/><E62/><V119/><F119/><W112/><G112/><T7/><D115/><U24/><E24/><V78/><F78/><W82/><G70/><T41/><D41/><U43/><E43/><V118/><F118/><W126/><G126/><T72/><D72/><U50/><E50/><V114/><F114/><W63/><G9/><T4/><D10/><U117/><E117/><V31/><F31/><W101/><G23/><T108/><D108/><U53/><E53/><V40/><F40/><W49/><G71/><T30/><D27/><U96/><E96/><V64/><F64/><W81/><G105/><T120/><D120/><U132/><E106/><V45/><F56/><W32/><G32/><T109/><D109/><U57/><E57/><V36/><F36/><W80/><REACH who="3" step="1"/><G77/><REACH who="3" ten="320,86,315,269" step="2"/><T86/><D60/><U39/><E39/><V29/><F21/><W113/><G113/><T131/><D131/><U111/><E111/><V25/><F107/><W52/><G52/><T15/><D54/><U47/><E132/><V67/><F67/><W16/><G16/><T5/><D15/><U83/><E123/><V13/><F17/><W11/><G11/><T99/><D103/><U61/><E121/><RYUUKYOKU ba="3,1" sc="320,15,86,-15,315,-15,269,15" hai0="4,5,7,22,26,30,84,86,88,89,95,97,99" hai3="48,49,59,63,65,80,81,82,90,94,98,101,104" />
</Scene>
<Scene>
<INIT seed="4,4,1,4,0,34" ten="335,71,300,284" oya="0" hai0="130,44,85,101,53,27,132,86,111,92,38,125,19" hai1="70,133,67,25,14,119,123,3,61,9,56,103,7" hai2="41,87,58,73,88,126,4,97,63,69,49,66,40" hai3="104,84,52,83,99,11,106,15,74,115,127,21,50"/><T65/><D111/><U76/><E119/><V55/><F73/><W135/><G74/><T102/><D130/><U112/><E123/><V81/><F126/><W59/><G127/><T105/><D105/><U68/><E133/><V134/><F134/><W82/><G135/><T79/><D132/><U95/><E112/><V45/><F4/><W39/><G39/><T64/><D125/><U31/><E76/><V120/><F120/><W57/><G115/><T91/><D38/><U100/><E14/><V17/><F17/><W26/><G99/><T113/><D113/><U60/><E60/><V78/><F69/><W13/><G106/><T20/><D65/><U48/><E48/><V24/><REACH who="2" step="1"/><F24/><REACH who="2" ten="335,71,290,284" step="2"/><W36/><G15/><T6/><D6/><U47/><E70/><V116/><F116/><W80/><G104/><T109/><D109/><U114/><E68/><V35/><F35/><W29/><G36/><T121/><D121/><U107/><E114/><V110/><F110/><W16/><REACH who="3" step="1"/><G57/><REACH who="3" ten="335,71,290,274" step="2"/><T22/><D27/><U30/><E107/><V37/><F37/><W98/><G98/><T108/><D108/><U1/><E25/><V33/><F33/><W75/><G75/><T94/><D85/><AGARI ba="4,3" hai="11,13,16,21,26,29,50,52,59,80,82,83,84,85" machi="85" ten="40,8000,1" yaku="1,1,8,1,54,2,53,0" doraHai="34" doraHaiUra="72" who="3" fromWho="0" sc="335,-92,71,0,290,0,274,122" />
</Scene>
<Scene>
<INIT seed="5,0,0,0,2,116" ten="243,71,290,396" oya="1" hai0="43,40,59,16,29,125,91,51,55,60,89,24,34" hai1="87,64,108,33,85,133,30,56,122,99,14,11,37" hai2="83,135,50,23,35,124,113,63,68,22,26,9,109" hai3="27,31,1,131,57,86,8,100,62,18,119,13,65"/><U121/><E37/><V79/><F109/><W120/><G119/><T114/><D114/><U127/><E108/><V3/><F113/><W12/><G1/><T32/><D125/><U129/><E127/><V130/><F124/><W126/><G126/><T74/><D74/><U58/><E129/><V115/><F115/><W112/><G112/><T107/><D107/><U72/><E72/><V41/><F130/><W36/><G36/><T69/><D34/><U88/><E133/><V103/><F135/><W39/><G39/><T7/><D7/><U52/><E99/><V0/><F103/><W10/><G131/><T78/><D78/><U47/><E47/><V75/><F35/><W19/><G100/><T95/><D89/><U4/><E85/><V21/><F26/><W17/><G120/><T38/><D38/><U49/><E30/><V101/><F9/><W110/><G86/><T117/><D117/><U132/><E33/><V53/><F101/><W73/><G73/><T105/><D105/><U104/><E104/><V76/><F76/><W98/><G98/><T46/><D69/><U80/><REACH who="1" step="1"/><E132/><REACH who="1" ten="243,61,290,396" step="2"/><V20/><F75/><W93/><G110/><T82/><D32/><U6/><E6/><V66/><F41/><W15/><G31/><T84/><D29/><U97/><E97/><V48/><F79/><W77/><G77/><T96/><D43/><U94/><E94/><V71/><F83/><W67/><G93/><T25/><D96/><U45/><E45/><V118/><F118/><W54/><G19/><T5/><D5/><U123/><E123/><V106/><F106/><RYUUKYOKU ba="0,1" sc="243,-10,61,30,290,-10,396,-10" hai1="4,11,14,49,52,56,58,64,80,87,88,121,122" />
</Scene>
<Scene>
<INIT seed="5,1,1,0,4,103" ten="233,91,280,386" oya="1" hai0="67,110,57,17,132,89,1,22,99,58,11,36,84" hai1="12,124,116,56,66,83,81,61,14,126,9,19,23" hai2="74,123,133,105,46,3,43,31,37,101,24,48,68" hai3="111,131,76,109,75,28,90,44,122,80,32,121,49"/><U50/><E116/><V88/><F123/><N who="3" m="47115" /><G49/><T15/><D36/><U64/><E64/><V45/><F74/><W104/><G44/><T77/><D132/><U60/><E60/><V41/><F133/><W78/><G131/><T59/><D110/><U27/><E14/><V129/><F129/><W65/><G65/><T70/><D70/><U127/><REACH who="1" step="1"/><E50/><REACH who="1" ten="233,81,280,386" step="2"/><V33/><F3/><W10/><G111/><T2/><D2/><U94/><E94/><V135/><F135/><W69/><G109/><T13/><D1/><U125/><N who="1" m="31744" /><DORA hai="93" /><U0/><E0/><V6/><F48/><W7/><G69/><T87/><D67/><U47/><E47/><V120/><F68/><W71/><G71/><T96/><D15/><U107/><E107/><V63/><F120/><W97/><G104/><T92/><D11/><U51/><E51/><V52/><F45/><W82/><G10/><T113/><D113/><U114/><E114/><V29/><F46/><W117/><G117/><T72/><D72/><U54/><E54/><V85/><F52/><W21/><G75/><T18/><D18/><AGARI ba="1,2" hai="9,12,18,19,23,27,56,61,66,81,83" m="31744" machi="18" ten="70,6800,0" yaku="1,1,18,1,53,0" doraHai="103,93" doraHaiUra="130,91" who="1" fromWho="0" sc="233,-71,81,91,280,0,386,0" />
</Scene>
<Scene>
<INIT seed="5,2,0,4,1,131" ten="162,172,280,386" oya="1" hai0="111,47,72,95,41,3,106,21,48,23,53,90,87" hai1="110,107,130,40,15,116,114,18,104,113,126,120,36" hai2="99,62,83,64,68,42,76,31,65,30,29,37,56" hai3="96,6,27,101,50,84,129,43,17,135,38,55,26"/><U59/><E116/><V34/><F34/><W33/><G129/><T93/><D72/><U112/><E120/><V92/><F68/><W67/><G6/><T9/><D106/><U32/><E130/><V94/><F65/><W66/><G43/><T133/><D111/><U69/><E69/><V128/><F128/><W51/><G38/><T105/><D105/><U0/><E0/><V75/><REACH who="2" step="1"/><F99/><REACH who="2" ten="162,172,270,386" step="2"/><W28/><G67/><T102/><D133/><U127/><E32/><V123/><F123/><W2/><G66/><T49/><D3/><U98/><E110/><V13/><F13/><W88/><G96/><N who="0" m="59679" /><D9/><U35/><E35/><V5/><F5/><W71/><G135/><T103/><D103/><U91/><E98/><V70/><F70/><W122/><G27/><T124/><D124/><U77/><E126/><V45/><AGARI ba="2,1" hai="29,30,31,37,42,45,56,62,64,75,76,83,92,94" machi="45" ten="30,4000,0" yaku="1,1,0,1,53,1" doraHai="131" doraHaiUra="39" who="2" fromWho="2" sc="162,-12,172,-22,270,56,386,-12" />
</Scene>
<Scene>
<INIT seed="6,0,0,4,0,95" ten="150,150,326,374" oya="2" hai0="11,54,50,9,30,60,110,33,17,127,117,96,92" hai1="10,34,132,32,48,19,134,131,107,2,46,38,43" hai2="98,121,26,114,39,133,24,135,112,5,122,57,123" hai3="4,84,103,31,71,69,51,28,109,82,52,116,64"/><V76/><F39/><W118/><G109/><T91/><D110/><U42/><E107/><V67/><F76/><W62/><G4/><T66/><D117/><U6/><E131/><V78/><F78/><W14/><G69/><T90/><D127/><U105/><E105/><V56/><F5/><W0/><G0/><T86/><D33/><U3/><E3/><V21/><F98/><W35/><G14/><T99/><D30/><U58/><E19/><N who="2" m="12351" /><F26/><W1/><G1/><T12/><D11/><U115/><E115/><N who="2" m="44075" /><F67/><W53/><G103/><T79/><D79/><U70/><E70/><V40/><F40/><W29/><G35/><T111/><D111/><U80/><E42/><V15/><F15/><W18/><G18/><T100/><D91/><U44/><E34/><V120/><N who="2" m="30720" /><DORA hai="89" /><V128/><F128/><W75/><G75/><T36/><D36/><U74/><E32/><V55/><F55/><W85/><G53/><T106/><D106/><U20/><E20/><V16/><F16/><W94/><G116/><T113/><D113/><U88/><E74/><V25/><F25/><W7/><G7/><T49/><D100/><U68/><E68/><V126/><F126/><W65/><G65/><T47/><REACH who="0" step="1"/><D50/><REACH who="0" ten="140,150,326,374" step="2"/><U87/><E38/><V93/><F135/><N who="1" m="51753" /><E43/><V97/><F133/><W108/><G118/><T124/><D124/><U8/><E8/><V63/><F63/><W45/><G108/><T129/><D129/><U61/><E48/><V27/><F27/><W104/><G104/><T77/><D77/><U73/><E73/><V130/><F130/><W23/><G51/><RYUUKYOKU ba="0,1" sc="140,10,150,10,326,10,374,-30" hai0="9,12,17,47,49,54,60,66,86,90,92,96,99" hai1="2,6,10,44,46,58,61,80,87,88" hai2="56,57,93,97" />
</Scene>
<Scene>
<INIT seed="6,1,1,4,5,101" ten="150,160,336,344" oya="2" hai0="21,72,97,53,30,23,51,65,40,39,3,13,88" hai1="69,60,10,79,83,1,94,27,14,112,123,5,102" hai2="114,135,125,0,4,35,36,133,46,105,25,41,82" hai3="66,55,85,96,50,104,117,108,131,113,56,64,54"/><V38/><F105/><W24/><G108/><T127/><D3/><U8/><E112/><V92/><F114/><W116/><G113/><T80/><D127/><U118/><E118/><V6/><F125/><W68/><G68/><T20/><D65/><U59/><E69/><V77/><F38/><W81/><G131/><T43/><D39/><U103/><E123/><V98/><F25/><W109/><G109/><T12/><D30/><U28/><E94/><V106/><F106/><W78/><G117/><T124/><D72/><U7/><E59/><V31/><F31/><W122/><G122/><T86/><D97/><U132/><E60/><V107/><F107/><W26/><G116/><T52/><D53/><U62/><E62/><V100/><F35/><W111/><G111/><T71/><D71/><U11/><E11/><V134/><REACH who="2" step="1"/><F0/><REACH who="2" ten="150,160,326,344" step="2"/><W99/><G104/><T49/><D124/><U16/><E132/><V74/><AGARI ba="1,2" hai="4,6,36,41,46,74,77,82,92,98,100,133,134,135" machi="74" ten="30,11700,0" yaku="1,1,2,1,0,1,20,1,53,0" doraHai="101" doraHaiUra="48" who="2" fromWho="2" sc="150,-40,160,-40,326,140,344,-40" />
</Scene>
<Scene>
<INIT seed="6,2,0,0,2,74" ten="110,120,466,304" oya="2" hai0="111,5,123,7,26,21,77,58,112,0,28,6,24" hai1="78,106,52,101,37,132,85,35,20,129,8,108,90" hai2="72,1,12,124,128,96,16,120,57,22,122,130,113" hai3="34,126,117,76,79,25,89,92,50,87,56,11,13"/><V47/><F1/><W103/><G117/><T65/><D111/><U133/><E108/><V48/><F72/><W94/><G126/><T14/><D123/><U98/><E35/><V93/><F57/><W64/><G34/><T4/><D112/><U99/><E37/><V51/><F124/><W107/><G107/><T125/><D125/><U42/><E42/><N who="2" m="24695" /><F51/><W109/><G25/><T43/><D43/><U10/><E129/><N who="2" m="49771" /><F113/><W66/><G109/><T30/><D77/><N who="3" m="29769" /><G103/><AGARI ba="2,0" hai="12,16,22,93,96,103,120,122" m="49771,24695" machi="103" ten="30,2900,0" yaku="19,1,54,1" doraHai="74" who="2" fromWho="3" sc="110,0,120,0,466,35,304,-35" />
</Scene>
<Scene>
<INIT seed="6,3,0,0,2,52" ten="110,120,501,269" oya="2" hai0="13,99,72,39,82,128,59,35,79,14,7,73,96" hai1="129,133,95,37,70,106,44,122,61,104,113,117,100" hai2="33,36,114,8,119,19,49,42,63,110,9,17,93" hai3="54,15,62,12,16,58,60,121,71,4,68,105,130"/><V135/><F119/><W98/><G121/><T22/><D35/><U46/><E117/><V47/><F33/><W26/><G130/><T90/><D128/><U51/><E122/><V29/><F29/><W55/><G26/><T107/><D39/><U83/><E129/><V127/><F110/><W23/><G105/><T101/><D72/><U116/><E116/><V80/><F114/><W91/><G4/><T123/><D123/><U48/><E113/><V102/><F135/><W53/><G71/><T2/><D2/><U134/><E37/><V89/><F102/><W97/><G68/><T75/><D75/><U81/><E70/><V84/><F36/><W69/><G69/><T85/><D96/><N who="3" m="36969" /><G62/><T131/><D131/><U41/><E61/><V67/><F127/><W94/><G15/><T111/><D111/><U77/><E95/><V30/><F30/><W65/><G65/><T24/><D13/><U20/><E20/><V3/><F93/><W103/><G103/><T5/><D14/><U78/><E41/><V118/><F118/><W34/><G34/><T57/><D5/><U25/><E25/><V112/><F112/><W108/><G108/><T21/><D7/><U74/><E100/><V32/><F32/><W86/><AGARI ba="3,0" hai="12,16,23,53,54,55,58,60,86,91,94" m="36969" machi="86" ten="30,4000,0" yaku="8,1,52,1,54,1" doraHai="52" who="3" fromWho="3" sc="110,-13,120,-13,501,-23,269,49" />
</Scene>
<Scene>
<INIT seed="7,0,0,3,0,53" ten="97,107,478,318" oya="3" hai0="68,109,48,37,19,60,86,5,31,36,88,14,42" hai1="50,8,16,39,11,24,120,59,67,21,132,18,26" hai2="35,124,40,115,73,44,96,32,56,125,9,72,27" hai3="112,113,87,121,76,61,43,47,83,71,89,38,95"/><W106/><G106/><T79/><D109/><U92/><E39/><V57/><F115/><W110/><G110/><T65/><D31/><U123/><E132/><V100/><F9/><N who="1" m="3657" /><E123/><V12/><F12/><W77/><G121/><T4/><D79/><U69/><E69/><V17/><F17/><N who="1" m="6761" /><E120/><V118/><F118/><W116/><G116/><T58/><D37/><U104/><E104/><N who="2" m="63495" /><F27/><N who="1" m="10281" /><E21/><V134/><F134/><W52/><G77/><T66/><D36/><U64/><E92/><V20/><F20/><W49/><G71/><T80/><D68/><U46/><E59/><N who="2" m="22603" /><F73/><W131/><G131/><T22/><D66/><U74/><E74/><V127/><F72/><W63/><G38/><AGARI ba="0,0" hai="32,35,38,40,44,124,125,127" m="22603,63495" machi="38" ten="30,7700,0" yaku="18,1,52,3" doraHai="53" who="2" fromWho="3" sc="97,0,107,0,478,77,318,-77" owari="97,-40.0,107,-29.0,555,65.0,241,4.0" />
</Scene>
</mjloggm>