<mjloggm ver="2.3"><GO type="169" lobby="0"/><UN n0="%E6%9C%88%E9%95%B7%E7%9F%B3" n1="%E3%81%B2%E3%81%A3%E3%81%B4%E3%81%93%E3%82%93" n2="%41%53%41%50%49%4E" n3="%E3%81%8A%E3%81%8B%E3%82%82%E3%81%A8" dan="16,16,18,17" rate="2122,2066,2187,2149" sx="M,M,M,M"/><TAIKYOKU oya="0"/>

<Scene>
<INIT seed="0,0,0,0,2,95" ten="250,250,250,250" oya="0" hai0="72,76,133,23,9,59,6,73,27,121,119,104,117" hai1="70,5,103,128,85,106,105,8,10,134,115,75,39" hai2="41,61,51,98,49,29,47,36,135,56,48,86,79" hai3="94,110,4,87,84,81,109,1,50,101,15,120,108"/><T68/><D121/><U28/><E28/><V69/><F135/><W97/><G120/><T129/><D133/><U124/><E85/><V3/><F3/><W122/><G122/><T58/><D68/><U127/><E105/><V26/><F69/><W37/><G37/><T77/><D129/><U38/><E10/><V102/><F86/><W13/><G87/><T33/><D33/><U40/><E134/><V18/><F18/><W34/><G34/><T111/><D104/><U107/><E128/><V2/><F79/><N who="3" m="46143" /><G50/><T91/><D91/><U46/><E107/><V16/><F2/><W78/><G78/><T60/><D111/><U35/><E39/><V11/><F29/><W30/><G30/><T21/><D27/><U116/><E116/><V12/><F26/><W71/><G71/><T14/><D60/><U45/><E45/><V112/><F112/><W54/><G54/><T74/><D74/><U53/><E53/><V43/><F43/><W99/><G99/><T126/><D126/><N who="1" m="48171" /><E115/><V63/><REACH who="2" step="1"/><F56/><REACH who="2" ten="250,250,240,250" step="2"/><W25/><G25/><T19/><D19/><U90/><E70/><V22/><F22/><W125/><G125/><T20/><D6/><U132/><E35/><V64/><F64/><W93/><G1/><T52/><D72/><U114/><E75/><V7/><F7/><W24/><G24/><T89/><D73/><U31/><E132/><V44/><F44/><W118/><G4/><N who="0" m="3367" /><D59/><U123/><E114/><V83/><F83/><W66/><G66/><T113/><D58/><U131/><E131/><V82/><F82/><W65/><G109/><T92/><D113/><RYUUKYOKU ba="0,1" sc="250,-10,250,-10,240,30,250,-10" hai2="11,12,16,36,41,47,48,49,51,61,63,98,102" />
</Scene>
<Scene>
<INIT seed="1,1,1,0,0,27" ten="240,240,270,240" oya="1" hai0="1,14,121,130,89,18,25,30,94,129,122,22,51" hai1="19,132,60,32,52,17,55,23,20,7,33,134,6" hai2="29,108,111,133,3,26,112,100,81,120,66,47,105" hai3="35,38,34,0,36,85,24,11,78,44,45,104,118"/><U115/><REACH who="1" step="1"/><E60/><REACH who="1" ten="240,230,270,240" step="2"/><V65/><F111/><W67/><G118/><T96/><D51/><U83/><E83/><V57/><F108/><W74/><G36/><T113/><D113/><AGARI ba="1,2" hai="6,7,17,19,20,23,32,33,52,55,113,115,132,134" machi="113" ten="25,12000,1" yaku="21,2,22,2,54,1,53,0" doraHai="27" doraHaiUra="95" who="1" fromWho="0" sc="240,-123,230,143,270,0,240,0" />
</Scene>
<Scene>
<INIT seed="1,2,0,5,4,17" ten="117,373,270,240" oya="1" hai0="96,111,104,22,42,1,74,19,107,68,2,59,100" hai1="55,33,50,62,13,67,123,40,11,69,65,56,32" hai2="26,129,64,75,52,20,112,85,3,101,122,134,118" hai3="124,43,72,73,83,108,91,49,7,10,128,132,37"/><U103/><E67/><V23/><F118/><W71/><G37/><T113/><D113/><U31/><E123/><V54/><F122/><W89/><G71/><T97/><D68/><U105/><E31/><V110/><F75/><W76/><G124/><T133/><D133/><U109/><E109/><V135/><F3/><W99/><G132/><N who="2" m="50729" /><F110/><W30/><G108/><T125/><D125/><U87/><E87/><V53/><F129/><W12/><G73/><T102/><D74/><U16/><REACH who="1" step="1"/><E40/><REACH who="1" ten="117,363,270,240" step="2"/><V24/><F64/><W5/><G30/><T78/><D111/><U94/><E94/><V0/><F112/><W95/><G43/><T66/><D42/><U84/><E84/><V51/><F85/><W98/><G72/><T9/><D78/><U81/><E81/><V77/><F77/><W126/><G83/><T117/><D117/><U15/><E15/><V47/><F0/><W131/><G76/><T8/><D1/><U25/><E25/><N who="2" m="9835" /><F101/><W28/><G126/><T92/><D2/><U86/><E86/><V44/><F51/><W121/><G49/><T106/><D92/><U6/><E6/><V116/><F116/><W48/><G48/><T27/><REACH who="0" step="1"/><D104/><REACH who="0" ten="107,363,270,240" step="2"/><U36/><E36/><V88/><F88/><N who="3" m="55655" /><G121/><T58/><D58/><U35/><E35/><V70/><F70/><W21/><G91/><T18/><D18/><U34/><E34/><V14/><F14/><W61/><G89/><T93/><D93/><U79/><E79/><V41/><F41/><W82/><G12/><T46/><D46/><AGARI ba="2,2" hai="20,23,44,46,47,52,53,54" m="9835,50729" machi="46" ten="40,12000,2" yaku="28,2,20,1,52,2,54,1" doraHai="17" who="2" fromWho="0" sc="107,-126,363,0,270,146,240,0" owari="-19,-52.0,363,16.0,416,52.0,240,-16.0" />
</Scene>
</mjloggm>