<mjloggm ver="2.3"><GO type="169" lobby="0"/><UN n0="%41%53%41%50%49%4E" n1="%E5%AF%9B%E3%83%94%E3%82%A8%E3%83%AD" n2="%E3%81%84%E3%81%A1%E3%81%8B%E3%82%8F%E2%99%AA" n3="%E3%82%86%E3%82%86" dan="19,16,17,16" rate="2244.85,2057.63,2185.59,2111.91" sx="M,M,M,M"/><TAIKYOKU oya="0"/>

<Scene>
<INIT seed="0,0,0,1,5,1" ten="250,250,250,250" oya="0" hai0="0,105,51,89,101,53,130,109,55,24,95,38,7" hai1="12,106,15,93,127,58,81,39,54,78,2,9,64" hai2="20,52,84,83,36,49,17,19,112,69,61,74,48" hai3="134,94,119,25,115,97,23,10,30,45,29,118,90"/><T82/><BYE who="3" /><D38/><U8/><E106/><V122/><F36/><W63/><G63/><T129/><D109/><U13/><E127/><V117/><F74/><UN n3="%E3%82%86%E3%82%86" /><W59/><G115/><T21/><D82/><U68/><E39/><V103/><F117/><W5/><G134/><T22/><D101/><U116/><E116/><V88/><F122/><W125/><G125/><T60/><D105/><U104/><E104/><V86/><F103/><W87/><G45/><T32/><D32/><U11/><E93/><N who="2" m="54407" /><F69/><W4/><G59/><T132/><D132/><U75/><E2/><V18/><F112/><W35/><G97/><N who="0" m="57583" /><D60/><U126/><E126/><V42/><F42/><W133/><G133/><T110/><D110/><U73/><E68/><V6/><F6/><N who="3" m="2667" /><G35/><T26/><D7/><U131/><E64/><V80/><F20/><N who="0" m="7786" /><D0/><U107/><E107/><V99/><F99/><W85/><G119/><T14/><D14/><U96/><E96/><V135/><F86/><N who="3" m="52567" /><G118/><T114/><D114/><U92/><E73/><V66/><F66/><W3/><G3/><T120/><D120/><U65/><E65/><V43/><F135/><W46/><G10/><T50/><D55/><U123/><E9/><V41/><F48/><W124/><G124/><T77/><D50/><U128/><E8/><V111/><F61/><W27/><G46/><T56/><D51/><U102/><E11/><V16/><N who="2" m="4096" /><DORA hai="28" /><V113/><F113/><W44/><G44/><T76/><D53/><U34/><E34/><V57/><F111/><W33/><G33/><T91/><D56/><U108/><E108/><V37/><F37/><RYUUKYOKU ba="0,0" sc="250,-15,250,-15,250,15,250,15" hai2="41,43,49,52,57,80,83" hai3="23,25,27,29,30,85,87" />
</Scene>
<Scene>
<INIT seed="1,1,0,5,0,51" ten="235,235,265,265" oya="1" hai0="72,93,14,98,102,117,67,106,49,118,64,62,27" hai1="126,1,84,58,94,70,13,109,65,18,92,135,36" hai2="79,103,47,107,41,9,50,34,43,11,57,99,105" hai3="121,132,2,0,71,110,87,127,33,29,54,91,24"/><U55/><E1/><V125/><F34/><W75/><G121/><T32/><D72/><U88/><E36/><V123/><F107/><W108/><G75/><T15/><D64/><U19/><E126/><V89/><F125/><W12/><G127/><T96/><D49/><U3/><E3/><V100/><F103/><W124/><G124/><T6/><D6/><U111/><E135/><V63/><F43/><W23/><G71/><T52/><D15/><U8/><E70/><V95/><F79/><W4/><G132/><T104/><D14/><U69/><E69/><V101/><F123/><W133/><G133/><T20/><D32/><U131/><E65/><V85/><REACH who="2" step="1"/><F101/><REACH who="2" ten="235,235,255,265" step="2"/><W116/><G116/><T21/><D106/><U48/><E131/><V134/><F134/><W97/><G33/><T45/><D104/><U42/><E42/><V22/><F22/><W129/><G129/><T37/><D21/><U76/><E76/><V17/><F17/><W25/><G23/><T74/><D20/><U53/><E19/><V73/><F73/><W81/><G25/><T31/><D27/><U28/><E28/><V128/><F128/><W115/><G29/><T90/><D74/><U61/><REACH who="1" step="1"/><E94/><REACH who="1" ten="235,225,255,265" step="2"/><V39/><F39/><W30/><G30/><T7/><D31/><U16/><E16/><V120/><F120/><W66/><G4/><T44/><D7/><U60/><E60/><V122/><F122/><W35/><G35/><T10/><D37/><U112/><E112/><V5/><F5/><W114/><G114/><T130/><D130/><U113/><E113/><V83/><F83/><RYUUKYOKU ba="1,2" sc="235,-15,225,15,255,15,265,-15" hai1="8,13,18,48,53,55,58,61,84,88,92,109,111" hai2="9,11,41,47,50,57,63,85,89,95,99,100,105" />
</Scene>
<Scene>
<INIT seed="1,2,2,5,5,24" ten="220,240,270,250" oya="1" hai0="45,32,119,28,67,77,2,107,10,66,69,83,122" hai1="131,25,47,15,13,95,129,5,9,101,109,42,80" hai2="30,81,60,57,117,29,35,51,128,125,100,126,26" hai3="36,89,85,8,79,58,98,120,1,116,54,62,72"/><U130/><E109/><V115/><F117/><W39/><G120/><T14/><D119/><U124/><E124/><N who="2" m="47723" /><F100/><W55/><G116/><T118/><D118/><U48/><E80/><V73/><F51/><W110/><G110/><T63/><D122/><U114/><E114/><V93/><F93/><W111/><G111/><T113/><D113/><U34/><E34/><V90/><F128/><W97/><G72/><T27/><D67/><U82/><E82/><V20/><F115/><W92/><G55/><T56/><D45/><U86/><E25/><N who="2" m="18863" /><F90/><W11/><G79/><T44/><D44/><U135/><E135/><V76/><F57/><W112/><G112/><T61/><D61/><AGARI ba="2,2" hai="20,26,30,60,61,73,76,81" m="18863,47723" machi="61" ten="30,3900,0" yaku="18,1,52,2" doraHai="24" who="2" fromWho="0" sc="220,-45,240,0,270,65,250,0" />
</Scene>
<Scene>
<INIT seed="2,0,0,2,3,6" ten="175,240,335,250" oya="2" hai0="41,123,110,4,93,21,48,108,127,3,58,120,13" hai1="40,75,124,84,63,85,10,114,35,25,27,64,107" hai2="52,82,20,112,118,0,2,98,133,135,24,130,32" hai3="116,45,86,89,11,106,69,121,105,38,76,81,59"/><V60/><F32/><W15/><G69/><T62/><D127/><U113/><E75/><V117/><F112/><W23/><G121/><T36/><D36/><U103/><E124/><V12/><F98/><W9/><G116/><N who="2" m="44649" /><F82/><W8/><G59/><T91/><D3/><N who="2" m="1066" /><F60/><W55/><G76/><T33/><D33/><U51/><E35/><V102/><F52/><W111/><G111/><N who="0" m="42539" /><D48/><U80/><E51/><V109/><F102/><W5/><G55/><N who="0" m="34143" /><D41/><U14/><E40/><V74/><F74/><W97/><G38/><T94/><D94/><U100/><E100/><V122/><F130/><W46/><G106/><T134/><D93/><U50/><E103/><V49/><F49/><W39/><G39/><T101/><D91/><U44/><E50/><V95/><F95/><N who="3" m="56559" /><G105/><T19/><D101/><U1/><E107/><V42/><F42/><W65/><G65/><T71/><D71/><U129/><E64/><V87/><F87/><W126/><G126/><T67/><D67/><U26/><E85/><V96/><F96/><W66/><G66/><T78/><D78/><U61/><E84/><V73/><F73/><W54/><G54/><T83/><D123/><U53/><E129/><V37/><F37/><W31/><G86/><T56/><D120/><U18/><E53/><V131/><F131/><W132/><G81/><T17/><D83/><U115/><E80/><V92/><F122/><W7/><G46/><T29/><D56/><U28/><E44/><V47/><F47/><W128/><G45/><T88/><D88/><U30/><E1/><V16/><F109/><W72/><G72/><RYUUKYOKU ba="0,0" sc="175,-10,240,30,335,-10,250,-10" hai1="10,14,18,25,26,27,28,30,61,63,113,114,115" />
</Scene>
<Scene>
<INIT seed="3,1,0,5,1,38" ten="165,270,325,240" oya="3" hai0="66,134,93,113,16,24,44,61,32,5,31,118,81" hai1="86,9,83,39,77,130,109,48,12,34,87,71,13" hai2="22,110,59,0,119,75,98,103,58,23,114,104,74" hai3="111,78,131,25,124,132,20,45,76,64,52,4,126"/><W1/><G64/><T8/><D134/><U67/><E39/><V127/><F110/><W40/><G132/><T46/><D118/><U18/><E34/><V102/><F0/><W84/><G111/><T30/><D113/><U43/><E109/><V95/><F119/><W2/><G131/><T7/><D31/><U89/><E130/><V96/><F127/><N who="3" m="48683" /><G4/><T17/><D5/><U91/><E13/><V82/><F114/><W36/><G52/><T101/><D81/><U85/><E71/><V125/><F125/><W121/><G121/><T80/><D80/><U108/><E108/><V27/><F23/><W11/><G11/><T133/><D133/><U29/><E29/><V56/><REACH who="2" step="1"/><F82/><REACH who="2" ten="165,270,315,240" step="2"/><W120/><G120/><T122/><D122/><U47/><REACH who="1" step="1"/><E67/><REACH who="1" ten="165,260,315,240" step="2"/><V73/><F73/><AGARI ba="1,2" hai="9,12,18,43,47,48,73,77,83,85,86,87,89,91" machi="73" ten="40,5200,0" yaku="1,1,2,1,52,1,53,0" doraHai="38" doraHaiUra="129" who="1" fromWho="2" sc="165,0,260,75,315,-55,240,0" />
</Scene>
<Scene>
<INIT seed="4,0,0,3,4,41" ten="165,335,260,240" oya="0" hai0="40,129,74,43,110,55,89,61,38,64,135,111,121" hai1="71,101,123,88,93,132,4,58,131,20,80,92,18" hai2="56,115,5,28,36,52,128,26,62,81,87,60,54" hai3="116,73,76,49,10,15,119,34,0,50,47,103,124"/><T68/><D74/><U94/><E71/><V25/><F36/><W83/><G34/><T19/><D19/><U44/><E123/><V78/><F115/><W72/><G73/><T63/><D89/><U13/><E131/><V106/><F106/><W37/><G37/><T75/><D75/><U27/><E132/><V84/><F128/><W2/><G124/><T45/><D129/><U6/><E101/><V33/><F25/><W57/><G103/><T17/><D17/><N who="1" m="12687" /><E58/><V66/><F5/><W82/><G82/><T109/><D43/><U48/><E80/><V118/><F118/><W70/><G70/><T1/><D1/><U8/><E88/><V97/><F97/><W23/><G23/><T16/><D16/><U39/><E39/><V59/><F66/><W102/><G102/><T126/><D135/><U7/><E7/><V112/><REACH who="2" step="1"/><F112/><REACH who="2" ten="165,335,250,240" step="2"/><W104/><G119/><T85/><D121/><U122/><E122/><V46/><F46/><W42/><G116/><T95/><D126/><U125/><E125/><V91/><F91/><W67/><G104/><T90/><REACH who="0" step="1"/><D111/><REACH who="0" ten="155,335,250,240" step="2"/><U69/><E4/><V9/><F9/><W105/><G10/><T24/><D24/><U79/><E6/><V31/><F31/><W14/><G2/><T107/><D107/><U108/><E8/><V35/><F35/><W12/><G0/><T3/><D3/><U30/><E30/><V86/><AGARI ba="0,2" hai="26,28,33,52,54,56,59,60,62,78,81,84,86,87" machi="86" ten="20,8000,1" yaku="1,1,0,1,7,1,9,1,54,1,53,0" doraHai="41" doraHaiUra="113" who="2" fromWho="2" sc="155,-40,335,-20,250,100,240,-20" />
</Scene>
<Scene>
<INIT seed="5,0,0,5,5,70" ten="115,315,350,220" oya="1" hai0="16,79,1,90,48,109,82,99,112,94,7,60,123" hai1="102,57,98,135,93,46,43,96,71,91,83,35,81" hai2="33,87,26,6,107,11,69,67,110,9,40,54,63" hai3="85,100,86,65,118,15,134,36,41,4,18,49,92"/><U27/><E71/><V111/><F9/><W28/><G118/><T22/><D112/><U114/><E114/><V101/><F40/><W2/><G28/><T127/><D127/><U50/><E135/><V14/><F54/><W95/><G65/><T126/><D126/><U78/><E57/><V125/><F87/><W117/><G117/><T76/><D123/><U56/><E56/><V68/><F68/><W66/><G66/><T61/><D109/><U132/><E132/><V38/><F38/><W73/><G73/><T113/><D113/><U59/><E59/><V23/><F125/><W103/><G49/><T34/><D34/><U116/><E116/><V72/><F72/><W62/><G62/><T104/><D104/><U24/><E35/><V106/><F106/><W128/><G134/><T105/><D105/><U84/><E83/><V115/><F115/><W133/><G41/><T37/><D37/><U5/><E5/><V44/><F44/><W89/><G36/><T17/><D48/><U119/><E119/><V58/><F33/><W29/><G4/><T12/><D17/><U42/><E42/><V20/><F69/><W8/><G29/><T19/><D19/><U39/><E39/><V51/><F111/><W3/><G133/><T21/><D21/><N who="2" m="8266" /><F110/><W13/><G18/><T47/><D47/><U30/><E30/><V129/><F51/><W55/><G55/><T108/><D108/><U77/><E77/><N who="0" m="29769" /><D82/><U52/><E43/><V80/><F80/><W45/><G45/><T122/><D122/><U121/><E121/><V25/><F129/><W31/><G128/><RYUUKYOKU ba="0,0" sc="115,10,315,10,350,10,220,-30" hai0="1,7,12,16,22,60,61,90,94,99" hai1="24,27,46,50,52,78,81,84,91,93,96,98,102" hai2="6,11,14,25,26,58,63,67,101,107" />
</Scene>
<Scene>
<INIT seed="5,1,0,5,4,38" ten="125,325,360,190" oya="1" hai0="79,123,11,3,78,100,77,34,9,121,116,132,54" hai1="115,81,23,108,111,68,117,92,43,134,103,59,14" hai2="66,102,4,133,47,12,2,20,36,125,19,62,73" hai3="52,44,105,93,10,21,50,7,48,69,112,37,89"/><U101/><E68/><V104/><F73/><W31/><G105/><T67/><D116/><U127/><E117/><V1/><F133/><W75/><G75/><T0/><D34/><U32/><E32/><V107/><F125/><W129/><G69/><T74/><D132/><U25/><E127/><V114/><F114/><W113/><G37/><T96/><D74/><U124/><E124/><V27/><F102/><W30/><G129/><T64/><D54/><U97/><E134/><V51/><F36/><W91/><G21/><T84/><D84/><U126/><E126/><V15/><F107/><W88/><G93/><T135/><D135/><U70/><E70/><V57/><F104/><W76/><G76/><T41/><D100/><U46/><E115/><N who="3" m="44106" /><G48/><T72/><D72/><U13/><E103/><V42/><REACH who="2" step="1"/><F4/><REACH who="2" ten="125,325,350,190" step="2"/><W5/><G5/><T53/><D121/><U58/><E108/><V65/><F65/><W26/><G26/><T22/><D123/><U95/><E111/><V17/><F17/><W35/><G35/><T49/><D64/><U82/><E25/><V106/><F106/><W55/><G7/><T118/><D67/><U87/><E101/><V130/><F130/><W18/><G18/><T8/><D118/><U6/><E6/><V60/><F60/><W98/><G31/><T119/><D119/><U63/><E63/><V24/><F24/><W40/><G30/><T33/><D33/><U122/><E122/><V71/><F71/><W61/><G61/><T39/><D39/><U128/><E128/><V86/><F86/><W99/><G99/><T120/><D96/><RYUUKYOKU ba="1,1" sc="125,-10,325,-10,350,30,190,-10" hai2="1,2,12,15,19,20,27,42,47,51,57,62,66" />
</Scene>
<Scene>
<INIT seed="6,2,1,2,0,98" ten="115,315,380,180" oya="2" hai0="4,104,118,12,46,20,74,61,91,108,103,23,69" hai1="99,59,48,109,90,93,6,107,38,127,19,76,79" hai2="0,88,10,21,33,89,7,81,102,17,63,70,116" hai3="26,64,111,5,73,3,40,128,35,1,2,67,31"/><V18/><F33/><W32/><G111/><T22/><D108/><U83/><E38/><V77/><F116/><W105/><G73/><T29/><D74/><U120/><E109/><V126/><F102/><W9/><G105/><T42/><D118/><U13/><E120/><V130/><F126/><W56/><G35/><T85/><D4/><U25/><E127/><V49/><F49/><W47/><G128/><T44/><D44/><U87/><E107/><V39/><F39/><W94/><G94/><T55/><D55/><N who="1" m="32231" /><E25/><V119/><F18/><W72/><G72/><T30/><D12/><U114/><E114/><V95/><F95/><W41/><G41/><T60/><D69/><U97/><E6/><V28/><F28/><W129/><G129/><T100/><D104/><U58/><E58/><V37/><F37/><W43/><G43/><T34/><D34/><U45/><E45/><V123/><F123/><W52/><G3/><T57/><D46/><U125/><E125/><V62/><F119/><W15/><G2/><T27/><D42/><U11/><E99/><V24/><F130/><W54/><G1/><T121/><D121/><U84/><E84/><N who="2" m="48175" /><F70/><W135/><G56/><T50/><D50/><U78/><AGARI ba="2,1" hai="11,13,19,76,78,79,83,87,90,93,97" m="32231" machi="78" ten="30,1100,0" yaku="8,1" doraHai="98" who="1" fromWho="1" sc="115,-5,315,27,380,-7,180,-5" />
</Scene>
<Scene>
<INIT seed="7,0,0,0,4,21" ten="110,342,373,175" oya="3" hai0="28,73,128,126,72,31,135,125,11,55,132,78,122" hai1="80,5,115,62,23,100,43,20,77,119,83,54,14" hai2="24,10,59,134,84,66,105,34,30,102,37,53,97" hai3="116,74,12,95,57,58,113,48,32,112,88,51,99"/><W39/><G39/><T29/><D55/><U71/><E119/><V38/><F66/><W61/><G116/><T42/><D78/><U41/><E115/><N who="3" m="44106" /><G32/><T82/><D82/><U87/><E100/><V129/><F134/><N who="0" m="51242" /><D11/><U60/><E80/><V118/><F129/><W70/><G74/><N who="0" m="28779" /><D42/><U117/><E117/><V2/><F84/><W104/><G104/><T130/><D122/><U131/><E131/><AGARI ba="0,0" hai="28,29,31,125,126,128,130,131" m="28779,51242" machi="131" ten="40,12000,2" yaku="30,2,28,2,19,1,20,1" doraHai="21" who="0" fromWho="1" sc="110,120,342,-120,373,0,175,0" owari="230,3.0,222,-18.0,373,47.0,175,-32.0" />
</Scene>
</mjloggm>