<mjloggm ver="2.3"><GO type="169"/><UN n0="%E2%84%83%2D%75%74%65" n1="%E7%AB%8B%E8%8F%AF%E5%A5%8F" n2="%E3%81%91%E3%82%93%31%39%37%30" n3="%41%53%41%50%49%4E" dan="17,16,16,19" rate="2110,2091,2129,2279" sx="M,F,M,M"/><TAIKYOKU oya="0"/>

<Scene>
<INIT seed="0,0,0,2,0,59" ten="250,250,250,250" oya="0" hai0="113,32,19,96,125,46,123,62,86,105,58,119,42" hai1="76,24,71,108,48,112,69,22,38,41,0,63,5" hai2="56,18,120,10,21,2,89,84,29,110,33,27,128" hai3="135,31,64,8,54,73,90,115,102,133,124,11,51"/><T88/><D113/><U98/><E112/><V1/><F120/><W81/><G115/><T94/><D123/><U57/><E108/><V95/><F110/><W37/><G37/><T30/><D119/><U77/><E0/><V118/><F118/><W91/><G124/><T100/><D125/><U9/><E5/><V72/><F72/><W52/><G102/><T131/><D131/><U39/><E9/><V75/><F75/><W4/><G31/><T83/><D19/><U53/><E98/><V129/><F56/><W111/><G111/><T65/><D32/><U35/><E35/><V25/><REACH who="2" step="1"/><F10/><REACH who="2" ten="250,250,240,250" step="2"/><W3/><G11/><T74/><D30/><U13/><E71/><V93/><F93/><W85/><G73/><T7/><D7/><U17/><E69/><V127/><F127/><W109/><G109/><T68/><D68/><U134/><E134/><V107/><F107/><W101/><G8/><T132/><D132/><U67/><E57/><V60/><F60/><W45/><G4/><T28/><D28/><U116/><E63/><V92/><F92/><W106/><G135/><T12/><D74/><U47/><E116/><V117/><F117/><W34/><G106/><T66/><D105/><U61/><E61/><V121/><F121/><W43/><G133/><T87/><D58/><U26/><E47/><V79/><F79/><W97/><G45/><T23/><D62/><U50/><E77/><V6/><F6/><W15/><G64/><T130/><D65/><U78/><E67/><V40/><F40/><W82/><G43/><T14/><D66/><U49/><E41/><RYUUKYOKU ba="0,1" sc="250,-10,250,-10,240,30,250,-10" hai2="1,2,18,21,25,27,29,33,84,89,95,128,129" />
</Scene>
<Scene>
<INIT seed="1,1,1,3,3,34" ten="240,240,270,240" oya="1" hai0="50,83,27,23,43,118,1,56,119,46,24,112,4" hai1="39,128,21,38,122,36,18,78,37,93,135,107,89" hai2="11,129,66,108,48,86,67,60,96,102,134,58,29" hai3="41,45,82,31,104,113,73,51,13,121,106,8,120"/><U111/><E122/><V3/><F129/><W130/><G113/><T61/><D112/><U14/><E107/><V12/><F134/><W44/><G130/><T123/><D123/><U2/><E128/><V47/><F67/><W85/><G73/><T20/><D83/><U57/><E135/><V33/><F108/><W0/><G106/><T17/><D4/><U95/><E111/><V94/><F86/><W117/><G104/><T63/><D1/><U103/><E78/><V5/><F33/><W72/><G117/><T26/><D26/><U114/><E114/><V19/><F29/><W76/><G31/><T105/><D105/><U101/><N who="1" m="9728" /><DORA hai="99" /><U74/><E74/><V10/><F48/><W30/><G45/><T16/><REACH who="0" step="1"/><D63/><REACH who="0" ten="230,240,270,240" step="2"/><U79/><E2/><V127/><REACH who="2" step="1"/><F47/><REACH who="2" ten="230,240,260,240" step="2"/><W28/><G44/><T22/><D22/><U81/><E21/><V91/><F91/><W6/><G120/><T88/><D88/><U7/><E89/><V15/><F15/><W65/><G121/><T70/><D70/><U100/><E14/><V109/><F109/><W80/><G13/><T131/><D131/><U59/><E79/><V77/><F77/><W68/><G76/><T87/><D87/><U9/><E103/><V115/><F115/><W25/><G72/><T84/><D84/><U75/><E100/><V90/><F90/><W98/><G85/><T69/><D69/><U62/><E101/><V55/><F55/><AGARI ba="1,3" hai="16,17,20,23,24,27,43,46,50,55,56,61,118,119" machi="55" ten="30,7700,0" yaku="1,1,7,1,9,1,54,1,53,0" doraHai="34,99" doraHaiUra="97,71" who="0" fromWho="2" sc="230,110,240,0,260,-80,240,0" />
</Scene>
<Scene>
<INIT seed="2,0,0,5,2,35" ten="340,240,180,240" oya="2" hai0="8,26,84,91,59,24,43,33,62,56,21,40,15" hai1="113,131,124,34,49,38,14,127,22,48,68,20,130" hai2="57,129,75,42,78,28,121,39,110,63,52,51,0" hai3="53,108,1,64,122,9,105,19,74,18,112,2,12"/><V96/><F121/><W123/><G105/><T83/><D33/><U87/><E34/><V47/><F28/><W54/><G74/><T25/><D21/><U97/><E113/><V89/><F129/><N who="1" m="49161" /><E38/><V80/><F110/><W128/><G128/><T77/><D77/><U81/><E68/><V11/><F96/><W120/><G108/><T90/><D90/><N who="1" m="51567" /><E97/><V10/><F89/><W58/><G112/><T92/><D83/><U61/><E61/><V65/><REACH who="2" step="1"/><F0/><REACH who="2" ten="340,240,170,240" step="2"/><W104/><G1/><T27/><D91/><U103/><E103/><V100/><F100/><W5/><G2/><T106/><D106/><U118/><E118/><V70/><AGARI ba="0,1" hai="10,11,39,42,47,51,52,57,63,65,70,75,78,80" machi="70" ten="20,18000,2" yaku="1,1,0,1,7,1,24,2,54,1,53,0" doraHai="35" doraHaiUra="116" who="2" fromWho="2" sc="340,-60,240,-60,170,190,240,-60" />
</Scene>
<Scene>
<INIT seed="2,1,0,3,2,39" ten="280,180,360,180" oya="2" hai0="34,84,105,18,70,32,78,134,103,126,90,88,122" hai1="15,5,118,133,56,100,19,108,125,87,46,33,117" hai2="113,3,66,57,31,8,69,49,40,47,48,17,51" hai3="23,77,128,94,120,85,27,36,132,82,59,25,115"/><V1/><F31/><W107/><G107/><T44/><D70/><U55/><E33/><V130/><F113/><W53/><G120/><T71/><D71/><U14/><E125/><V76/><F130/><W64/><G128/><T16/><D78/><U116/><E133/><V24/><F76/><W80/><G132/><T72/><D72/><U91/><E108/><V110/><F110/><W97/><G115/><T2/><D2/><U20/><E100/><V28/><F69/><W60/><G36/><T104/><D44/><U114/><E114/><V10/><F10/><W21/><G80/><T63/><D63/><U54/><E46/><V11/><F11/><W0/><G0/><T30/><D30/><U127/><E127/><V12/><F66/><W4/><G4/><T121/><D84/><U124/><E124/><V29/><F29/><W22/><REACH who="3" step="1"/><G64/><REACH who="3" ten="280,180,360,170" step="2"/><T135/><D126/><U102/><E5/><V38/><REACH who="2" step="1"/><F57/><REACH who="2" ten="280,180,350,170" step="2"/><W68/><G68/><T62/><D134/><U123/><E56/><V13/><F13/><W92/><G92/><T41/><D135/><U52/><E14/><V106/><F106/><W45/><G45/><T26/><D105/><U75/><E15/><V86/><F86/><W58/><G58/><T67/><D104/><U42/><E75/><V65/><F65/><W101/><AGARI ba="1,2" hai="21,22,23,25,27,53,59,60,77,82,85,94,97,101" machi="101" ten="30,4000,0" yaku="1,1,0,1,8,1,53,0" doraHai="39" doraHaiUra="37" who="3" fromWho="3" sc="280,-11,180,-11,350,-21,170,63" />
</Scene>
<Scene>
<INIT seed="3,0,0,2,3,131" ten="269,169,329,233" oya="3" hai0="127,114,81,49,113,134,117,22,23,38,122,93,91" hai1="85,9,43,3,116,90,119,103,99,65,95,0,25" hai2="8,44,54,67,135,101,40,18,48,17,118,37,121" hai3="57,108,98,5,87,6,69,56,14,32,35,20,79"/><W26/><G69/><T46/><D38/><U29/><E65/><V31/><F118/><N who="1" m="45097" /><E43/><V77/><F101/><W84/><G108/><T78/><D117/><U12/><E25/><V19/><F31/><W123/><G123/><T63/><D63/><U51/><E51/><V111/><F121/><W34/><G98/><T124/><D122/><U100/><E29/><V11/><F77/><W68/><G68/><T16/><D81/><N who="1" m="49455" /><E103/><V47/><F67/><W76/><G34/><T89/><D49/><U71/><E71/><V110/><F11/><W27/><G14/><T133/><D46/><U126/><E126/><V109/><F8/><W86/><G86/><T125/><D125/><U128/><E128/><V7/><F7/><AGARI ba="0,0" hai="0,3,7,9,12,95,99,100" m="49455,45097" machi="7" ten="30,1000,0" yaku="12,1" doraHai="131" who="1" fromWho="2" sc="269,0,169,10,329,-10,233,0" />
</Scene>
<Scene>
<INIT seed="4,0,0,4,0,114" ten="269,179,319,233" oya="0" hai0="73,128,63,119,109,79,76,12,33,130,112,11,39" hai1="70,62,65,118,60,58,2,25,117,50,57,0,15" hai2="106,81,22,16,18,88,77,49,6,93,29,98,9" hai3="66,110,64,38,21,126,116,14,91,32,69,78,5"/><T45/><D33/><U53/><E25/><V101/><F29/><W94/><G110/><T80/><D79/><U123/><E15/><V108/><F108/><W30/><G38/><T90/><D109/><U127/><E127/><V10/><F18/><W113/><G113/><T96/><D112/><U131/><E131/><N who="0" m="50217" /><D63/><U71/><E123/><V35/><F35/><W104/><G78/><T122/><D122/><U46/><E0/><V135/><F135/><W74/><G126/><T92/><D45/><U24/><E24/><V111/><F111/><W61/><G74/><T82/><D82/><U72/><E2/><V37/><F37/><W105/><G61/><T3/><D3/><U34/><E34/><V41/><F6/><W43/><G5/><N who="0" m="3183" /><D39/><U55/><E72/><V27/><F49/><W28/><G32/><T54/><D54/><U121/><E121/><V56/><F56/><W103/><G66/><T31/><D31/><U83/><E83/><V97/><REACH who="2" step="1"/><F41/><REACH who="2" ten="269,179,309,233" step="2"/><W132/><G43/><T129/><D129/><U36/><E36/><V23/><F23/><W85/><G30/><T95/><D95/><U89/><E89/><V52/><F52/><W84/><G91/><T107/><D107/><U19/><E19/><V100/><F100/><W134/><G103/><T47/><D47/><U8/><E8/><V44/><F44/><W1/><G28/><T87/><D73/><AGARI ba="0,1" hai="9,10,16,22,27,73,77,81,88,93,97,98,101,106" machi="73" ten="30,8000,1" yaku="1,1,7,1,54,2,53,1" doraHai="114" doraHaiUra="20" who="2" fromWho="0" sc="269,-80,179,0,309,90,233,0" />
</Scene>
<Scene>
<INIT seed="5,0,0,5,1,111" ten="189,179,399,233" oya="1" hai0="8,117,93,55,46,75,22,85,127,96,114,51,119" hai1="56,99,20,67,73,133,47,27,124,6,80,10,107" hai2="101,84,131,33,11,1,30,87,36,32,74,123,15" hai3="89,16,125,34,109,17,28,66,49,57,41,132,76"/><U7/><E124/><V91/><F74/><W18/><G109/><T120/><D75/><U129/><E129/><V106/><F36/><W135/><G125/><T12/><D127/><U79/><E133/><N who="3" m="51274" /><G76/><T65/><D65/><U26/><E47/><V105/><F1/><W128/><G128/><T102/><D120/><U92/><E107/><V115/><F131/><W97/><G28/><T42/><D22/><U81/><E81/><V13/><F30/><W112/><G34/><T52/><D114/><U3/><E6/><V44/><F44/><N who="3" m="25743" /><G57/><T116/><REACH who="0" step="1"/><D85/><REACH who="0" ten="179,179,399,233" step="2"/><U58/><E67/><V88/><F123/><W113/><G66/><T104/><D104/><U110/><E110/><V31/><F11/><W59/><G59/><T95/><D95/><AGARI ba="0,1" hai="16,17,18,89,95,97,112,113" m="25743,51274" machi="95" ten="40,8000,1" yaku="20,1,52,2,54,1" doraHai="111" who="3" fromWho="0" sc="179,-80,179,0,399,0,233,90" />
</Scene>
<Scene>
<INIT seed="6,0,0,3,0,89" ten="99,179,399,323" oya="2" hai0="102,4,38,43,98,110,111,47,13,40,96,134,11" hai1="60,112,132,80,119,114,107,0,109,88,94,41,117" hai2="33,74,46,123,42,30,31,21,54,72,5,128,53" hai3="64,126,86,97,56,25,130,45,70,57,82,16,95"/><V79/><F123/><W90/><G130/><T39/><D134/><U34/><E0/><V3/><F33/><W51/><G126/><T44/><REACH who="0" step="1"/><D96/><REACH who="0" ten="89,179,399,323" step="2"/><U62/><E132/><V83/><F128/><W78/><G70/><T66/><D66/><U87/><E109/><V115/><F115/><W135/><G64/><T10/><D10/><U24/><E114/><V81/><F21/><N who="3" m="13479" /><G135/><T69/><D69/><U99/><E112/><V120/><F120/><W36/><G36/><T76/><D76/><U18/><E119/><V122/><F122/><W19/><G19/><T17/><D17/><U77/><E117/><V2/><F30/><W20/><G20/><T59/><D59/><U27/><E18/><V105/><F31/><W9/><G9/><T108/><D108/><U124/><E124/><V48/><F5/><W85/><G97/><T14/><D14/><U104/><E99/><V129/><F129/><W67/><G67/><T15/><D15/><U55/><E34/><V8/><F3/><W6/><G6/><T52/><D52/><AGARI ba="0,1" hai="45,51,52,56,57,78,82,85,86,90,95" m="13479" machi="52" ten="30,7700,0" yaku="8,1,52,1,54,2" doraHai="89" who="3" fromWho="0" sc="89,-77,179,0,399,0,323,87" />
</Scene>
<Scene>
<INIT seed="7,0,0,0,4,18" ten="12,179,399,410" oya="3" hai0="14,4,52,72,114,23,43,102,82,86,58,129,80" hai1="54,92,8,120,128,87,65,118,55,41,11,33,119" hai2="74,108,77,60,101,64,29,47,42,45,127,104,88" hai3="49,76,5,53,34,27,91,75,61,79,50,12,93"/><W0/><G0/><T126/><D129/><U21/><E128/><V32/><F108/><W36/><G36/><T131/><D131/><U81/><E33/><V28/><F127/><W59/><G75/><T7/><D126/><U117/><E120/><V89/><F47/><N who="3" m="27839" /><G34/><T68/><D68/><U40/><E65/><V90/><F77/><W115/><G115/><T66/><D114/><U46/><E92/><V2/><F2/><W133/><G133/><T20/><D72/><U110/><E110/><V135/><F135/><W62/><G27/><T25/><D102/><U84/><E119/><V31/><F74/><W124/><G124/><T70/><D70/><U107/><E46/><V17/><F32/><W22/><G50/><T57/><D43/><U10/><E10/><V111/><F111/><W85/><G61/><T94/><D94/><U56/><E56/><V44/><F17/><N who="3" m="10535" /><G5/><T69/><D69/><U99/><E81/><V51/><F45/><W100/><G100/><T6/><D66/><AGARI ba="0,0" hai="59,62,66,76,79,85,91,93" m="10535,27839" machi="66" ten="30,2900,0" yaku="8,1,52,1" doraHai="18" who="3" fromWho="0" sc="12,-29,179,0,399,0,410,29" owari="-17,-52.0,179,-22.0,399,20.0,439,54.0" />
</Scene>
</mjloggm>