<mjloggm ver="2.3"><GO type="169" lobby="0"/><UN n0="%41%53%41%50%49%4E" n1="%E3%83%AA%E3%83%95%E3%83%AC%E3%82%AF%E3%83%86%E3%82%A3%E3%82%A2" n2="%48%75%6E%74%65%72%5F%44" n3="%E5%B8%B8%E5%8B%9D%E7%87%95%E8%BB%8D%E5%9B%A3" dan="19,17,16,17" rate="2270.19,2146.46,2098.81,2169.66" sx="M,F,M,M"/><TAIKYOKU oya="0"/>

<Scene>
<INIT seed="0,0,0,4,1,98" ten="250,250,250,250" oya="0" hai0="34,110,27,90,89,76,67,115,40,62,26,52,120" hai1="37,113,79,17,6,2,104,71,134,74,119,73,48" hai2="88,75,7,38,11,122,3,127,124,36,96,100,86" hai3="63,35,49,21,41,91,58,97,33,55,103,130,56"/><T22/><D115/><U50/><E37/><V64/><F75/><W84/><G130/><T10/><D120/><U69/><E17/><V106/><F64/><W105/><G21/><T66/><D40/><U95/><E104/><V13/><F3/><W102/><G102/><T28/><D110/><U54/><E2/><V15/><F15/><W9/><G9/><T31/><D76/><U43/><E79/><V68/><F68/><W116/><G116/><T18/><D10/><U14/><E71/><V135/><F122/><W114/><G114/><T0/><D0/><U59/><E69/><V24/><F24/><W19/><G19/><T121/><D121/><U53/><E73/><V99/><F99/><W16/><G16/><T4/><D4/><U112/><E6/><V60/><F60/><W57/><G41/><T12/><D12/><U87/><E14/><V42/><F42/><W45/><REACH who="3" step="1"/><G63/><REACH who="3" ten="250,250,250,240" step="2"/><T82/><D18/><U101/><E43/><V133/><F38/><W51/><G51/><T70/><D22/><U25/><E112/><V30/><F36/><W81/><AGARI ba="0,1" hai="33,35,45,49,55,56,57,58,81,84,91,97,103,105" machi="81" ten="30,7900,0" yaku="1,1,0,1,52,1,53,1" doraHai="98" doraHaiUra="78" who="3" fromWho="3" sc="250,-39,250,-20,250,-20,240,89" />
</Scene>
<Scene>
<INIT seed="1,0,0,0,2,127" ten="211,230,230,329" oya="1" hai0="13,109,41,6,66,7,77,122,30,23,125,112,19" hai1="51,5,110,106,16,1,4,120,119,36,55,40,90" hai2="128,49,61,111,65,14,97,79,54,88,25,53,42" hai3="85,18,9,12,63,48,108,39,117,32,70,114,102"/><U72/><E120/><V105/><F111/><W83/><G108/><T89/><D109/><U44/><E106/><V74/><F25/><W26/><G39/><T46/><D122/><U67/><E119/><V15/><F74/><W34/><G114/><T75/><D112/><U92/><E72/><V118/><F79/><W47/><G102/><T27/><D125/><U37/><E110/><V64/><F118/><W78/><G117/><T80/><D89/><U100/><E100/><V107/><F107/><W50/><G50/><T20/><REACH who="0" step="1"/><D66/><REACH who="0" ten="201,230,230,329" step="2"/><U134/><E67/><V94/><F65/><W91/><G70/><T3/><D3/><U115/><E1/><V28/><F64/><W58/><G91/><T56/><D56/><U98/><E115/><V95/><F88/><W8/><G58/><T45/><D45/><U11/><E134/><V131/><F42/><W2/><G2/><T10/><D10/><U135/><E135/><V31/><F54/><W57/><G8/><T43/><D43/><U73/><E55/><V116/><F53/><W59/><G59/><T93/><D93/><U0/><E40/><V81/><F116/><W71/><G57/><T113/><D113/><U86/><E44/><V124/><F94/><W69/><G69/><T126/><D126/><U52/><E52/><V22/><F95/><W84/><G71/><T123/><D123/><U129/><E92/><V17/><F124/><W60/><G9/><T68/><D68/><U62/><E11/><V38/><F105/><W33/><G47/><T103/><D103/><U29/><E90/><V24/><F38/><AGARI ba="0,1" hai="6,7,13,19,20,23,27,30,38,41,46,75,77,80" machi="38" ten="30,3900,0" yaku="1,1,6,1,7,1,53,0" doraHai="127" doraHaiUra="96" who="0" fromWho="2" sc="201,49,230,0,230,-39,329,0" />
</Scene>
<Scene>
<INIT seed="2,0,0,1,1,50" ten="250,230,191,329" oya="2" hai0="116,86,100,69,110,74,112,41,33,123,91,95,103" hai1="40,0,8,75,61,66,18,62,12,4,117,15,94" hai2="78,93,92,96,11,73,38,84,26,132,71,77,130" hai3="54,87,17,121,127,99,85,102,53,14,6,28,2"/><V25/><F38/><W36/><G121/><T45/><D33/><U37/><E117/><V114/><F71/><W57/><G36/><T76/><D69/><U80/><E94/><V70/><F70/><W22/><G127/><T119/><D123/><U1/><E1/><V34/><F114/><W97/><G28/><T83/><D112/><U107/><E107/><V10/><F73/><W49/><G2/><T134/><D45/><U106/><E106/><V72/><F72/><W7/><G54/><T47/><D47/><N who="1" m="23951" /><E66/><V43/><F43/><W68/><G68/><T108/><D134/><U16/><E15/><V79/><F132/><W3/><G3/><T111/><D41/><U104/><E104/><V124/><F124/><W101/><G97/><T131/><D131/><U113/><E113/><V19/><F130/><W58/><G58/><T59/><D59/><U81/><E81/><V44/><F44/><W23/><G23/><T126/><D126/><U122/><E18/><V27/><F34/><W39/><G39/><T56/><D56/><U82/><E82/><V46/><F46/><W31/><G31/><T32/><D32/><U24/><E24/><V35/><F35/><W109/><G99/><T65/><D65/><U52/><E122/><V120/><F120/><W125/><G125/><T55/><D55/><U90/><E52/><V20/><F10/><W13/><G57/><T48/><D48/><U115/><E115/><V63/><F11/><W51/><G51/><T5/><D5/><U128/><E128/><V89/><F63/><W9/><G6/><T42/><D42/><RYUUKYOKU ba="0,0" sc="250,15,230,-15,191,15,329,-15" hai0="74,76,83,86,91,95,100,103,108,110,111,116,119" hai2="19,20,25,26,27,77,78,79,84,89,92,93,96" />
</Scene>
<Scene>
<INIT seed="2,1,0,0,2,55" ten="265,215,206,314" oya="2" hai0="126,108,56,28,110,64,22,12,46,14,13,51,62" hai1="5,72,10,105,4,50,97,123,112,44,130,115,68" hai2="104,121,11,27,106,20,98,61,26,118,117,127,90" hai3="8,114,131,93,111,86,94,89,63,31,87,91,24"/><V45/><F121/><W84/><G111/><T113/><D113/><U2/><E68/><V39/><F127/><W7/><G114/><T67/><D126/><U9/><E123/><V48/><F39/><W0/><G131/><T128/><D128/><U42/><E130/><V132/><F132/><W129/><G129/><T6/><D6/><U120/><E120/><V3/><F27/><W15/><G63/><T54/><D64/><U30/><E30/><V122/><F122/><W35/><REACH who="3" step="1"/><G86/><REACH who="3" ten="265,215,206,304" step="2"/><T88/><D108/><U69/><E72/><V66/><F61/><W32/><G32/><T52/><D110/><U116/><E116/><V101/><F117/><W33/><G33/><T83/><D67/><U16/><E112/><V119/><F66/><W37/><G37/><T103/><D103/><U23/><E69/><V71/><F119/><W60/><G60/><T81/><D22/><U85/><E115/><V17/><F71/><W75/><G75/><T47/><D62/><U77/><E85/><V73/><F118/><W21/><G21/><T65/><D65/><U19/><E23/><V92/><F73/><W43/><G43/><T78/><D51/><U109/><E109/><V59/><F20/><W79/><G79/><T74/><D78/><U82/><E77/><V135/><F48/><W96/><G96/><T125/><D74/><U1/><E82/><V58/><F98/><W99/><G99/><T95/><D83/><U38/><E38/><V124/><F124/><W102/><G102/><AGARI ba="1,1" hai="1,2,4,5,9,10,16,19,42,44,50,97,102,105" machi="102" ten="40,2600,0" yaku="9,1,54,1" doraHai="55" who="1" fromWho="3" sc="265,0,215,39,206,0,304,-29" />
</Scene>
<Scene>
<INIT seed="3,0,0,2,5,63" ten="265,254,206,275" oya="3" hai0="11,128,84,88,91,36,47,130,2,18,49,19,20" hai1="113,132,126,51,40,100,102,50,86,1,90,95,6" hai2="80,129,96,107,30,8,117,111,105,57,33,12,31" hai3="116,115,38,108,42,4,135,61,131,45,41,82,69"/><W62/><G115/><T114/><D36/><U5/><E113/><V94/><F117/><W83/><G116/><T35/><D35/><U56/><E132/><V26/><F111/><W32/><G135/><T25/><D114/><U124/><E40/><V97/><F129/><N who="0" m="49770" /><D84/><U65/><E1/><V53/><F31/><W121/><G131/><T133/><D133/><U118/><E51/><V48/><F80/><W92/><G108/><T85/><D85/><U55/><E118/><V29/><F29/><W68/><G32/><T16/><D2/><U75/><E75/><V110/><F110/><W64/><G121/><T14/><D19/><U101/><REACH who="1" step="1"/><E65/><REACH who="1" ten="265,244,206,275" step="2"/><V23/><F48/><W10/><G42/><AGARI ba="0,1" hai="11,14,16,18,20,25,42,47,49,88,91" m="49770" machi="42" ten="30,3900,0" yaku="19,1,54,2" doraHai="63" who="0" fromWho="3" sc="265,49,244,0,206,0,275,-39" />
</Scene>
<Scene>
<INIT seed="4,0,0,5,3,127" ten="314,244,206,236" oya="0" hai0="27,130,115,132,81,100,5,110,70,96,12,94,46" hai1="109,77,50,42,26,40,91,30,119,86,113,93,22" hai2="11,129,122,48,128,69,72,34,67,105,120,63,38" hai3="103,117,59,114,83,35,66,79,121,75,54,95,92"/><T78/><D70/><U43/><E119/><V98/><F38/><W102/><G117/><T53/><D115/><U101/><E109/><V124/><F124/><W62/><G114/><T36/><D110/><U71/><E71/><V123/><F72/><W56/><G35/><T134/><D27/><U13/><E113/><V10/><F34/><W20/><G121/><T49/><D36/><U118/><E118/><V19/><F48/><W31/><G31/><T33/><D33/><U64/><E64/><V21/><F105/><W65/><G20/><T58/><D58/><U87/><E101/><V89/><F98/><W106/><G66/><T16/><D5/><U8/><E77/><V18/><F89/><W45/><G45/><T37/><D37/><U39/><E39/><V55/><F55/><W74/><G74/><T135/><D130/><N who="2" m="50282" /><F19/><W52/><G65/><T104/><D104/><U97/><E50/><V126/><F126/><W1/><G106/><T112/><D112/><U4/><AGARI ba="0,0" hai="4,8,13,22,26,30,40,42,43,86,87,91,93,97" machi="4" ten="30,2000,0" yaku="0,1,8,1" doraHai="127" who="1" fromWho="1" sc="314,-10,244,20,206,-5,236,-5" />
</Scene>
<Scene>
<INIT seed="5,0,0,2,4,32" ten="304,264,201,231" oya="1" hai0="35,24,28,48,34,97,15,9,108,54,105,47,109" hai1="20,73,129,7,49,134,106,77,42,119,81,38,41" hai2="94,68,88,130,25,75,3,60,56,62,4,2,33" hai3="98,93,85,71,101,135,78,14,66,5,30,90,92"/><U65/><E119/><V31/><F75/><W86/><G30/><T63/><D35/><U110/><E106/><V67/><F4/><W6/><G135/><T45/><D45/><U115/><E134/><V1/><F130/><W26/><G26/><T72/><D72/><U112/><E65/><V102/><F102/><W104/><G14/><T0/><D0/><U124/><E124/><V70/><REACH who="2" step="1"/><F62/><REACH who="2" ten="304,264,191,231" step="2"/><W51/><G101/><T117/><D63/><U18/><E7/><V79/><F79/><W125/><G78/><T87/><D117/><U127/><E129/><V76/><F76/><W52/><G5/><T82/><D109/><U84/><E110/><V13/><F13/><W22/><G6/><T99/><D108/><U116/><E73/><V100/><F100/><W12/><G125/><T133/><D133/><U27/><E127/><V55/><F55/><W80/><G52/><T39/><D54/><U69/><E116/><V36/><F36/><W44/><G12/><T8/><D39/><U10/><E38/><V96/><AGARI ba="0,1" hai="1,2,3,25,31,33,56,60,67,68,70,88,94,96" machi="96" ten="30,12000,2" yaku="1,1,0,1,52,3,54,1,53,0" doraHai="32" doraHaiUra="123" who="2" fromWho="2" sc="304,-30,264,-60,191,130,231,-30" />
</Scene>
<Scene>
<INIT seed="6,0,0,4,1,93" ten="274,204,321,201" oya="2" hai0="87,67,66,39,21,134,90,54,63,6,42,60,44" hai1="62,56,102,19,78,1,88,132,97,57,131,91,83" hai2="129,76,112,33,98,3,29,47,130,113,32,30,7" hai3="46,84,17,104,37,20,89,85,9,127,12,100,128"/><V48/><F76/><W27/><G128/><N who="2" m="49257" /><F98/><W95/><G127/><T86/><D134/><U13/><E1/><V96/><F96/><W18/><G104/><T109/><D109/><U14/><E132/><V25/><F48/><W2/><G100/><T34/><D34/><N who="2" m="13418" /><F47/><W105/><G105/><T120/><D54/><U101/><E131/><V59/><F59/><W43/><G2/><T77/><D44/><U69/><E14/><V64/><F64/><W58/><G58/><T50/><D50/><U125/><E125/><V135/><F135/><W36/><G36/><T35/><D77/><U108/><E108/><V40/><F40/><W133/><G133/><T72/><D42/><U41/><E41/><V68/><F68/><W92/><G92/><T115/><D66/><N who="1" m="39239" /><E69/><V81/><F81/><W16/><REACH who="3" step="1"/><G84/><REACH who="3" ten="274,204,321,191" step="2"/><T8/><D86/><N who="1" m="48503" /><E57/><V124/><F124/><W45/><G45/><T28/><D39/><U75/><E102/><V111/><F111/><W49/><G49/><T55/><D87/><U99/><E101/><V71/><F71/><W80/><G80/><T24/><D63/><U122/><E99/><V82/><F82/><W79/><G79/><T70/><D60/><U4/><E97/><V94/><F94/><W119/><G119/><T123/><D70/><U106/><E106/><V52/><F3/><W26/><G26/><T121/><D24/><U22/><E91/><V23/><F25/><W11/><G11/><T73/><D90/><U5/><E88/><V110/><F110/><W114/><G114/><T31/><D115/><U38/><E38/><V117/><F113/><RYUUKYOKU ba="0,1" sc="274,-10,204,-10,321,-10,191,30" hai3="9,12,16,17,18,20,27,37,43,46,85,89,95" />
</Scene>
<Scene>
<INIT seed="7,1,1,2,1,111" ten="264,194,311,221" oya="3" hai0="95,66,123,9,132,54,56,48,118,35,82,107,18" hai1="85,120,22,83,76,63,2,128,78,13,17,98,11" hai2="87,34,46,105,117,71,89,101,14,134,50,51,108" hai3="133,88,6,74,49,10,124,42,126,115,69,122,68"/><W93/><G122/><T26/><D123/><U44/><E120/><V96/><F108/><W61/><G74/><T110/><D110/><U97/><E128/><V90/><F117/><W75/><G75/><T72/><D107/><U29/><E76/><V94/><F71/><W37/><G37/><T28/><D118/><U19/><E29/><V99/><F34/><W103/><G103/><T27/><D132/><U119/><E119/><V55/><F134/><W58/><G133/><T45/><D72/><U130/><E130/><V38/><F14/><N who="3" m="5463" /><G115/><T41/><D82/><U12/><E2/><V15/><F15/><W24/><G24/><T102/><D66/><U84/><E84/><V65/><F65/><N who="3" m="39095" /><G42/><T4/><D26/><U64/><REACH who="1" step="1"/><E44/><REACH who="1" ten="264,184,311,221" step="2"/><V62/><F46/><W3/><G3/><T112/><D45/><U47/><E47/><V73/><F87/><N who="3" m="52383" /><G49/><T21/><D48/><U67/><E67/><V23/><F50/><W109/><G109/><T114/><D41/><U106/><E106/><V31/><F51/><W127/><AGARI ba="1,2" hai="68,69,124,126,127" m="52383,39095,5463" machi="127" ten="30,3000,0" yaku="18,1,54,1" doraHai="111" who="3" fromWho="3" sc="264,-11,184,-11,311,-11,221,53" />
</Scene>
<Scene>
<INIT seed="7,2,0,1,3,83" ten="253,173,300,274" oya="3" hai0="117,38,14,46,124,80,40,134,98,84,30,59,110" hai1="126,10,64,19,69,133,22,32,4,123,55,15,122" hai2="73,127,101,72,90,93,24,57,42,99,108,0,74" hai3="37,5,104,43,121,85,66,88,119,34,120,86,16"/><W67/><G119/><T71/><D117/><U118/><E118/><V75/><F108/><W82/><G104/><T11/><D110/><U115/><E69/><V54/><F0/><W81/><G34/><T7/><D134/><U21/><E64/><V79/><F127/><W52/><G5/><T70/><D124/><U105/><E105/><V116/><F116/><W33/><G33/><T2/><D30/><U51/><E126/><V76/><F42/><W20/><G37/><T26/><D26/><U27/><E133/><V87/><F24/><N who="3" m="14343" /><G43/><T39/><D39/><U58/><E115/><V50/><REACH who="2" step="1"/><F73/><REACH who="2" ten="253,173,290,274" step="2"/><W53/><G121/><T65/><D2/><U109/><E109/><V94/><AGARI ba="2,1" hai="50,54,57,72,74,75,76,79,87,90,93,94,99,101" machi="94" ten="30,7900,0" yaku="1,1,2,1,0,1,52,1,53,0" doraHai="83" doraHaiUra="36" who="2" fromWho="2" sc="253,-22,173,-22,290,95,274,-41" owari="231,-17.0,151,-35.0,385,49.0,233,3.0" />
</Scene>
</mjloggm>