<mjloggm ver="2.3"><GO type="169" lobby="0"/><UN n0="%41%53%41%50%49%4E" n1="%76%65%74%6F%6F" n2="%E9%80%A2%E9%AD%94%E3%81%8C%E6%99%82" n3="%E7%B7%9A%E5%BD%A2%E8%A8%88%E7%94%BB%E6%B3%95" dan="19,16,16,16" rate="2247,2087,2098,2034" sx="M,M,M,M"/><TAIKYOKU oya="0"/>

<Scene>
<INIT seed="0,0,0,2,3,123" ten="250,250,250,250" oya="0" hai0="45,67,102,85,108,42,15,78,70,122,110,134,33" hai1="112,39,119,8,14,27,29,76,28,35,74,25,55" hai2="95,84,44,3,26,83,53,88,61,66,57,129,92" hai3="133,21,6,87,2,19,52,113,94,17,20,34,81"/><T91/><D122/><U54/><E119/><V125/><F125/><W115/><G34/><T37/><D33/><U69/><E69/><V100/><F3/><W1/><G133/><T22/><D134/><U10/><E39/><V132/><F132/><W46/><G94/><T56/><D70/><U49/><E112/><V130/><F26/><W43/><G43/><T72/><D102/><U117/><E117/><V82/><F100/><W120/><G120/><T0/><D0/><U18/><E74/><V89/><F44/><W128/><G128/><N who="2" m="49257" /><F66/><W68/><G68/><T103/><D103/><U79/><E8/><V30/><F30/><W48/><G6/><T73/><D78/><U64/><E64/><V98/><AGARI ba="0,0" hai="53,57,61,82,83,84,88,89,92,95,98" m="49257" machi="98" ten="30,2000,0" yaku="19,1,54,1" doraHai="123" who="2" fromWho="2" sc="250,-10,250,-5,250,20,250,-5" />
</Scene>
<Scene>
<INIT seed="1,0,0,3,5,27" ten="240,245,270,245" oya="1" hai0="74,48,26,25,22,97,39,47,118,86,43,37,120" hai1="135,85,89,52,126,117,18,96,68,125,83,4,112" hai2="92,107,77,101,33,45,76,95,0,11,134,127,72" hai3="41,19,29,104,70,128,14,28,67,73,102,1,82"/><U87/><E68/><V16/><F33/><W88/><G1/><T123/><D74/><U114/><E4/><V10/><F45/><W106/><G128/><T103/><D26/><U93/><E18/><V54/><F54/><W23/><G41/><T50/><D86/><U69/><E69/><V84/><F84/><W121/><G121/><N who="0" m="46667" /><D39/><U131/><E117/><V108/><F72/><W80/><G70/><T124/><D124/><N who="1" m="47723" /><E131/><V111/><F16/><W64/><G73/><T35/><D35/><U53/><E135/><V79/><F134/><W91/><G102/><T90/><D90/><N who="3" m="34345" /><G106/><N who="0" m="63855" /><D118/><U12/><E12/><V5/><F127/><W32/><G104/><T8/><D8/><U9/><E9/><V105/><F105/><W109/><G32/><T130/><D130/><U40/><E40/><V94/><F11/><W36/><G36/><T17/><AGARI ba="0,0" hai="17,22,25,37,43,47,48,50" m="63855,46667" machi="17" ten="30,1100,0" yaku="13,1" doraHai="27" who="0" fromWho="0" sc="240,11,245,-5,270,-3,245,-3" />
</Scene>
<Scene>
<INIT seed="2,0,0,2,3,9" ten="251,240,267,242" oya="2" hai0="69,72,126,135,81,83,70,92,49,31,6,85,59" hai1="119,58,101,114,79,44,124,40,32,118,11,96,84" hai2="41,122,28,125,30,51,10,50,78,43,34,18,89" hai3="112,48,57,47,75,110,132,93,113,133,64,2,20"/><V88/><F122/><W116/><G116/><T102/><D135/><N who="3" m="51785" /><G75/><T8/><D126/><U39/><E114/><N who="3" m="44138" /><G2/><T53/><D31/><N who="2" m="11818" /><F125/><W38/><G20/><T16/><D6/><U109/><E32/><V12/><F34/><W19/><G19/><T55/><D72/><U131/><E109/><V129/><F78/><W0/><G93/><T80/><D55/><U120/><E131/><V117/><F129/><W13/><G13/><N who="0" m="7207" /><D69/><U76/><E120/><V3/><F3/><W99/><G0/><T71/><D70/><U37/><E84/><V103/><F103/><W23/><G99/><N who="0" m="59751" /><D71/><U14/><E124/><V107/><F107/><W105/><G105/><T86/><AGARI ba="0,0" hai="49,53,59,80,81,83,85,86" m="59751,7207" machi="86" ten="30,4000,0" yaku="8,1,52,1,54,1" doraHai="9" who="0" fromWho="0" sc="251,40,240,-10,267,-20,242,-10" />
</Scene>
<Scene>
<INIT seed="3,0,0,0,0,20" ten="291,230,247,232" oya="3" hai0="41,8,13,68,126,106,33,116,84,76,110,130,96" hai1="49,117,78,92,60,4,57,64,71,111,11,58,24" hai2="97,133,66,88,54,123,125,62,39,55,107,93,25" hai3="53,67,5,50,15,65,99,10,82,94,73,6,108"/><W52/><G108/><T103/><D116/><U36/><E111/><V59/><F39/><W105/><G105/><T121/><D121/><U18/><E36/><V42/><F42/><W35/><G35/><T81/><D110/><U38/><E38/><V29/><F123/><W14/><G73/><T135/><D68/><U85/><E117/><V75/><F75/><W70/><G82/><T115/><D41/><U17/><E49/><V19/><F133/><W0/><G53/><T2/><D2/><U80/><E92/><V79/><F79/><W87/><G87/><T102/><D135/><U51/><E51/><V95/><F125/><W91/><G0/><T89/><D126/><U132/><E132/><V27/><F107/><W37/><G37/><T127/><D127/><U69/><E58/><V43/><F43/><W114/><G114/><T128/><D33/><U100/><E100/><V3/><F19/><W129/><G129/><N who="0" m="49771" /><D103/><U46/><E46/><V48/><F29/><W124/><G70/><T118/><D118/><U7/><E71/><V31/><F31/><W83/><G83/><T56/><D56/><U120/><E69/><V134/><F3/><W47/><G124/><T45/><D45/><U104/><E104/><V1/><F1/><W86/><G86/><T109/><D109/><U28/><E120/><V22/><F134/><W34/><G34/><T32/><D32/><N who="1" m="20487" /><E11/><AGARI ba="0,0" hai="5,6,10,11,14,15,47,50,52,65,67,91,94,99" machi="11" ten="40,7700,0" yaku="9,1,8,1,54,1" doraHai="20" who="3" fromWho="1" sc="291,0,230,-77,247,0,232,77" />
</Scene>
<Scene>
<INIT seed="3,1,0,4,1,65" ten="291,153,247,309" oya="3" hai0="67,85,6,10,123,114,116,60,96,71,131,73,91" hai1="79,69,88,99,127,76,124,105,97,121,83,61,132" hai2="44,93,18,12,51,109,36,40,119,17,104,101,115" hai3="3,87,2,45,24,34,8,9,30,135,58,5,86"/><W82/><G135/><T90/><D123/><U89/><E121/><V0/><F104/><W28/><G28/><T111/><D116/><U46/><E46/><V70/><F0/><W108/><G108/><T15/><D73/><U100/><E61/><V22/><F119/><W77/><G45/><T72/><D72/><N who="1" m="43399" /><E69/><V92/><F115/><W63/><G9/><T13/><D111/><U50/><E50/><V38/><F109/><W112/><G112/><T95/><D114/><U21/><E21/><V26/><F70/><W4/><G4/><T37/><D131/><U120/><E120/><V130/><F130/><W52/><REACH who="3" step="1"/><G2/><REACH who="3" ten="291,153,247,299" step="2"/><T29/><D29/><U78/><E132/><V134/><F134/><W68/><G68/><T118/><D118/><U102/><E127/><V81/><F44/><W66/><G66/><T42/><D37/><U33/><E124/><V54/><F38/><W48/><G48/><T19/><D42/><U57/><E57/><V53/><F40/><W128/><G128/><T39/><D39/><U103/><E33/><V84/><F36/><W74/><AGARI ba="1,1" hai="3,5,8,24,30,34,52,58,63,74,77,82,86,87" machi="74" ten="20,12000,1" yaku="1,1,0,1,7,1,54,1,53,1" doraHai="65" doraHaiUra="25" who="3" fromWho="3" sc="291,-41,153,-41,247,-41,299,133" />
</Scene>
<Scene>
<INIT seed="3,2,0,5,3,84" ten="250,112,206,432" oya="3" hai0="131,38,114,18,26,49,63,120,20,44,10,130,62" hai1="40,80,4,17,86,25,135,45,106,29,102,0,66" hai2="31,101,41,112,100,74,37,123,51,71,33,134,7" hai3="76,60,118,89,8,73,94,88,48,43,78,85,122"/><W105/><G105/><T12/><D120/><U39/><E135/><V132/><F74/><W13/><G118/><T108/><D38/><U1/><E17/><V107/><F37/><W113/><G73/><T58/><D108/><U57/><E4/><V54/><F71/><W79/><G60/><T30/><D114/><U119/><E119/><V19/><F112/><W24/><G24/><T90/><D58/><U23/><E102/><V65/><F65/><W70/><G70/><T64/><D64/><U117/><E106/><V15/><F7/><N who="3" m="3231" /><G122/><T59/><D59/><U129/><E129/><N who="0" m="49161" /><D90/><U69/><E69/><V16/><F123/><W2/><G2/><T83/><D83/><U98/><E98/><V72/><F132/><W27/><G27/><T77/><D77/><U126/><E126/><V93/><F101/><W14/><G14/><T81/><D81/><U109/><E109/><V11/><F15/><W55/><G113/><T22/><D22/><U133/><E133/><V50/><F100/><W53/><G89/><T104/><D104/><U36/><E36/><V5/><F107/><W52/><G43/><AGARI ba="2,0" hai="10,12,18,20,26,30,43,44,49,62,63" m="49161" machi="43" ten="30,1000,0" yaku="19,1" doraHai="84" who="0" fromWho="3" sc="250,16,112,0,206,0,432,-16" />
</Scene>
<Scene>
<INIT seed="4,0,0,2,2,120" ten="266,112,206,416" oya="0" hai0="110,1,103,17,77,40,68,79,132,19,39,78,126" hai1="93,29,46,38,41,104,22,60,111,69,63,44,55" hai2="80,42,74,6,51,94,129,115,57,33,116,133,108" hai3="67,85,31,121,28,71,106,65,3,134,4,7,48"/><T43/><D68/><U131/><E104/><V128/><F33/><W12/><G106/><T91/><D1/><U83/><E83/><V53/><F6/><W92/><G3/><T15/><D103/><U9/><E93/><V117/><F94/><W2/><G2/><T114/><D114/><U61/><E9/><V112/><F80/><W0/><G0/><T105/><D105/><U97/><E97/><V35/><F74/><W34/><G34/><T5/><D132/><U37/><E22/><V123/><F35/><W107/><G12/><T88/><D126/><U64/><E29/><V81/><F81/><W56/><G71/><T23/><D110/><U54/><E131/><N who="2" m="50251" /><F123/><W16/><G16/><N who="0" m="6219" /><D39/><U8/><E111/><V75/><F75/><W10/><G107/><T24/><D23/><U73/><E8/><V58/><F108/><W36/><G36/><T27/><D15/><U96/><E96/><V99/><F99/><W59/><G10/><T109/><D5/><U50/><E73/><V25/><F25/><N who="0" m="9802" /><D109/><U45/><REACH who="1" step="1"/><E55/><REACH who="1" ten="266,102,206,416" step="2"/><V52/><F133/><W118/><G134/><T14/><D14/><U18/><E18/><V20/><F20/><W101/><G121/><T135/><D135/><U76/><E76/><V89/><F89/><AGARI ba="0,1" hai="40,43,77,78,79,88,89,91" m="9802,6219" machi="89" ten="30,12000,1" yaku="28,2,8,1,54,2" doraHai="120" who="0" fromWho="2" sc="266,130,102,0,206,-120,416,0" />
</Scene>
<Scene>
<INIT seed="4,1,0,0,3,14" ten="396,102,86,416" oya="0" hai0="38,134,2,1,12,53,114,84,63,24,54,72,105" hai1="90,17,61,123,7,116,100,40,95,128,62,48,85" hai2="113,91,73,26,115,65,76,98,27,5,16,51,124" hai3="88,92,59,131,25,55,46,96,102,0,94,45,13"/><T8/><D38/><U37/><E37/><V81/><F124/><W10/><G0/><T20/><D72/><U42/><E116/><V4/><F65/><W121/><G25/><T74/><D74/><U118/><E118/><V135/><F135/><W60/><G131/><T19/><D105/><U34/><E34/><V130/><F51/><W112/><G112/><N who="2" m="43081" /><F130/><W6/><REACH who="3" step="1"/><G121/><REACH who="3" ten="396,102,86,406" step="2"/><T117/><D114/><U133/><E128/><V71/><F27/><W11/><G11/><T3/><D117/><U21/><E123/><V35/><F35/><W28/><G28/><T80/><D134/><U122/><E133/><V108/><F108/><W78/><G78/><T67/><D24/><N who="1" m="14383" /><E122/><V64/><F64/><W9/><G9/><T29/><D8/><U68/><E7/><V47/><F71/><W104/><G104/><T58/><REACH who="0" step="1"/><D29/><REACH who="0" ten="386,102,86,406" step="2"/><U103/><E68/><V111/><F111/><W106/><G106/><T30/><D30/><U75/><E75/><V70/><F70/><W125/><G125/><T57/><D57/><U109/><E109/><V110/><F110/><W22/><G22/><T79/><AGARI ba="1,2" hai="1,2,3,12,19,20,53,54,58,63,67,79,80,84" machi="79" ten="30,6000,0" yaku="1,1,0,1,52,1,53,0" doraHai="14" doraHaiUra="86" who="0" fromWho="0" sc="386,83,102,-21,86,-21,406,-21" />
</Scene>
<Scene>
<INIT seed="4,2,0,3,3,20" ten="469,81,65,385" oya="0" hai0="83,93,45,35,100,97,59,42,67,66,7,119,9" hai1="95,90,86,77,27,111,115,15,54,88,84,56,98" hai2="74,101,117,3,126,62,49,91,72,85,58,52,34" hai3="92,50,18,76,135,31,10,131,2,60,96,107,122"/><T33/><D119/><U51/><E111/><V43/><F3/><W87/><G107/><T99/><D83/><U6/><E115/><V5/><F117/><W28/><G131/><T128/><D128/><U121/><E121/><V23/><F34/><W82/><G135/><T14/><D59/><U129/><E129/><V120/><F120/><W44/><G60/><T38/><D33/><U21/><E77/><V41/><F126/><W102/><G122/><T61/><D35/><U109/><E109/><V48/><F101/><W71/><G71/><T36/><D61/><U125/><E125/><V114/><F114/><W32/><G32/><T26/><D36/><U123/><E123/><V116/><F116/><W4/><REACH who="3" step="1"/><G18/><REACH who="3" ten="469,81,65,375" step="2"/><T17/><D17/><N who="1" m="12719" /><E90/><V124/><F124/><W133/><G133/><T75/><D100/><U130/><E130/><V106/><F106/><W37/><G37/><T8/><D38/><U110/><E110/><V105/><F105/><W73/><G73/><T12/><D75/><U112/><E112/><V94/><F74/><W30/><G30/><T1/><D66/><U65/><E65/><V40/><F72/><W46/><G46/><T24/><D67/><U29/><E29/><V104/><F104/><W113/><G113/><T19/><D45/><U68/><E68/><V47/><F47/><W57/><G57/><T64/><D64/><U79/><E79/><V81/><F5/><W25/><G25/><T132/><D132/><U134/><E134/><V55/><F58/><W63/><G63/><T69/><D7/><U0/><E0/><V89/><F62/><RYUUKYOKU ba="2,1" sc="469,-15,81,15,65,-15,375,15" hai1="6,15,51,54,56,84,86,88,95,98" hai3="2,4,10,28,31,44,50,76,82,87,92,96,102" />
</Scene>
<Scene>
<INIT seed="5,3,1,0,4,30" ten="454,96,50,390" oya="1" hai0="96,33,20,6,4,15,95,12,13,115,83,65,107" hai1="63,53,109,7,42,67,50,89,134,10,35,132,80" hai2="40,131,124,81,69,92,78,58,17,49,129,90,24" hai3="32,75,72,105,23,41,113,56,108,64,37,123,1"/><U130/><E130/><N who="2" m="49675" /><F69/><W125/><G23/><T103/><D33/><U93/><E42/><V43/><F124/><W9/><G9/><T85/><D115/><U16/><E80/><V55/><F17/><W52/><G64/><T121/><D121/><U122/><E122/><V59/><F59/><W27/><G27/><T84/><D107/><U28/><E109/><V57/><F57/><W99/><G99/><T2/><D65/><U70/><E50/><V88/><F24/><W101/><G101/><T87/><D2/><U76/><E53/><V66/><F66/><W97/><G52/><T126/><D126/><U120/><E120/><V91/><F92/><W79/><G41/><T114/><D114/><U77/><E7/><N who="0" m="2601" /><D20/><U8/><E8/><V127/><F127/><W117/><G56/><T119/><D119/><U128/><E128/><V45/><F45/><W68/><G68/><T18/><D18/><U71/><E71/><V39/><F39/><W60/><G37/><T21/><D21/><U86/><E16/><V5/><F5/><W110/><G110/><T29/><D29/><U31/><E10/><V34/><F34/><W19/><G32/><T94/><D94/><U73/><E31/><V106/><F106/><W100/><G105/><T112/><D112/><U44/><E44/><V38/><F38/><W98/><G113/><T26/><D26/><N who="1" m="18839" /><E73/><AGARI ba="3,1" hai="40,43,49,55,58,73,78,81,88,90,91" m="49675" machi="73" ten="30,2000,0" yaku="19,1,54,1" doraHai="30" who="2" fromWho="1" sc="454,0,96,-29,50,39,390,0" />
</Scene>
<Scene>
<INIT seed="6,0,0,3,5,53" ten="454,67,89,390" oya="2" hai0="107,34,5,68,45,58,21,24,82,72,32,64,67" hai1="10,108,12,54,127,47,99,31,92,41,23,124,85" hai2="134,114,95,78,2,89,116,29,88,111,131,97,101" hai3="57,27,59,75,13,77,119,35,125,69,22,17,103"/><V66/><F116/><W42/><G119/><T83/><D68/><U46/><E108/><V62/><F2/><W105/><G69/><T121/><D121/><U36/><E85/><V0/><F111/><W38/><G125/><N who="1" m="48202" /><E47/><V70/><F0/><W94/><G105/><T71/><D107/><U74/><E74/><V109/><F109/><W100/><G38/><T135/><D5/><U76/><E76/><V123/><F123/><W87/><G75/><T14/><D14/><U113/><E113/><V52/><F134/><W80/><G42/><T90/><D21/><U60/><E23/><V106/><F131/><W49/><G49/><T122/><D64/><U1/><E31/><V56/><F114/><W102/><REACH who="3" step="1"/><G94/><REACH who="3" ten="454,67,89,380" step="2"/><T91/><D71/><U7/><E1/><V79/><F29/><AGARI ba="0,1" hai="13,17,22,27,29,35,57,59,77,80,87,100,102,103" machi="29" ten="40,8000,1" yaku="1,1,2,1,52,2,53,0" doraHai="53" doraHaiUra="93" who="3" fromWho="2" sc="454,0,67,0,89,-80,380,90" />
</Scene>
<Scene>
<INIT seed="7,0,0,4,5,14" ten="454,67,9,470" oya="3" hai0="35,100,134,51,36,28,27,95,15,63,127,48,121" hai1="17,31,6,91,60,73,33,37,16,107,89,39,80" hai2="77,85,79,94,64,115,5,22,90,26,108,40,72" hai3="58,82,97,126,55,111,101,43,124,19,114,125,30"/><W11/><G114/><T59/><D121/><U113/><E107/><V46/><F115/><W128/><G128/><T50/><D36/><U49/><E6/><V81/><F108/><W117/><G117/><T1/><D1/><U132/><E113/><V18/><F64/><W66/><G66/><N who="0" m="39295" /><D35/><U65/><E49/><V61/><F61/><N who="3" m="36063" /><G30/><T112/><D112/><U116/><E65/><V32/><F5/><W42/><G82/><T41/><D134/><U122/><E60/><V57/><F57/><W133/><G133/><T93/><D127/><U9/><E80/><V131/><F131/><W135/><G135/><T99/><D95/><U56/><E56/><V119/><F119/><W76/><G76/><T92/><D92/><U69/><E132/><V54/><F54/><W53/><G53/><T105/><D105/><U25/><E73/><V45/><F79/><W129/><G129/><T62/><D62/><U120/><E33/><V83/><F83/><W109/><G109/><T74/><D74/><U71/><E31/><V44/><F32/><W96/><G111/><T123/><D123/><U68/><E116/><V12/><F40/><N who="3" m="15403" /><G101/><T110/><D110/><U87/><E71/><V86/><F72/><W24/><G24/><T106/><D106/><U38/><E38/><V20/><F26/><W118/><G118/><T130/><D130/><U23/><E25/><V67/><F67/><W84/><G84/><T13/><D41/><U52/><E87/><V47/><N who="2" m="11264" /><DORA hai="75" /><V10/><AGARI ba="0,0" hai="10,12,18,20,22,77,81,85,86,90,94" m="11264" machi="10" ten="40,8000,1" yaku="4,1,0,1,8,1,52,2" doraHai="14,75" who="2" fromWho="2" sc="454,-20,67,-20,9,80,470,-40" owari="434,53.0,47,-45.0,89,-31.0,430,23.0" />
</Scene>
</mjloggm>