<mjloggm ver="2.3"><GO type="169"/><UN n0="%41%53%41%50%49%4E" n1="%E2%98%85%E3%82%86%E3%83%BC%E2%98%86" n2="%E3%81%8B%E3%81%92%E3%81%8D%E3%82%85%E3%81%86" n3="%50%6F%6E%74%61" dan="18,17,16,16" rate="2242,2176,2054,2074" sx="M,M,M,M"/><TAIKYOKU oya="0"/>

<Scene>
<INIT seed="0,0,0,3,0,106" ten="250,250,250,250" oya="0" hai0="51,19,55,96,37,12,114,4,92,0,83,104,97" hai1="117,50,15,99,107,67,21,9,38,36,7,42,132" hai2="17,98,27,5,70,82,129,79,85,39,111,24,20" hai3="57,13,125,66,118,76,131,86,119,120,63,116,18"/><T135/><D114/><U88/><E117/><V48/><F39/><W94/><G131/><T80/><D37/><U26/><E132/><V35/><F70/><W87/><G125/><T3/><D135/><U134/><E134/><V72/><F129/><W123/><G76/><T105/><D104/><U43/><E67/><V101/><F111/><W73/><G73/><T46/><D105/><U47/><E43/><V130/><F130/><W40/><G40/><T108/><D108/><U53/><E53/><V84/><F5/><W11/><REACH who="3" step="1"/><G94/><REACH who="3" ten="250,250,250,240" step="2"/><T16/><D92/><N who="1" m="56711" /><E107/><V64/><F64/><W14/><G14/><T28/><D0/><U128/><E128/><V49/><F72/><W81/><G81/><N who="0" m="31307" /><D3/><U133/><E133/><V103/><F82/><W75/><G75/><T68/><D68/><U8/><E38/><V44/><F79/><W10/><G10/><N who="0" m="4167" /><D28/><N who="1" m="17487" /><E36/><V60/><F27/><W29/><G29/><T45/><D45/><U54/><E42/><V127/><F44/><W89/><G89/><T59/><D46/><U32/><E9/><V52/><F127/><W41/><G41/><T61/><D61/><U30/><E30/><V110/><F60/><W102/><G102/><T69/><D69/><U115/><E115/><V77/><F103/><W90/><G90/><T113/><D113/><U58/><E32/><V93/><F35/><W100/><G100/><T31/><D31/><U126/><E126/><V2/><F101/><W122/><AGARI ba="0,1" hai="11,13,18,57,63,66,86,87,116,118,119,120,122,123" machi="122" ten="40,5200,0" yaku="1,1,0,1,13,1,53,0" doraHai="106" doraHaiUra="33" who="3" fromWho="3" sc="250,-26,250,-13,250,-13,240,62" />
</Scene>
<Scene>
<INIT seed="1,0,0,2,2,47" ten="224,237,237,302" oya="1" hai0="95,105,75,83,15,23,12,135,101,16,130,102,100" hai1="69,62,85,43,10,13,128,28,78,111,32,125,58" hai2="103,50,18,9,39,49,3,52,114,21,119,134,132" hai3="38,55,44,71,129,88,124,109,117,84,98,56,66"/><U54/><E128/><V6/><F39/><W67/><G129/><T113/><D130/><U93/><E125/><V48/><F119/><W11/><G124/><T106/><D113/><U118/><E118/><V91/><F103/><W133/><G117/><T59/><D135/><N who="2" m="51754" /><F91/><W26/><G133/><T121/><D121/><U0/><E0/><V35/><F35/><W22/><G71/><T36/><D36/><U116/><E116/><V77/><F77/><W65/><G109/><T89/><D15/><U73/><E69/><V131/><F131/><W8/><G98/><T19/><D19/><U87/><E111/><V4/><F4/><W7/><G44/><T81/><D59/><U92/><E43/><V34/><F34/><W108/><G38/><T1/><D1/><U40/><E40/><V115/><F52/><W14/><G108/><T74/><D83/><U24/><E73/><V37/><F37/><W80/><G11/><T31/><D31/><U41/><E41/><V33/><F33/><W61/><REACH who="3" step="1"/><G55/><REACH who="3" ten="224,237,237,292" step="2"/><T64/><D64/><U46/><E46/><V107/><F107/><W5/><G5/><T122/><D105/><U42/><E42/><V120/><F120/><W72/><G72/><T2/><D106/><U104/><E104/><V70/><F70/><W68/><G68/><T127/><D122/><U110/><E110/><V99/><F99/><W30/><AGARI ba="0,1" hai="7,8,14,22,26,30,56,61,65,66,67,80,84,88" machi="30" ten="20,12000,2" yaku="1,1,0,1,7,1,8,1,54,1,53,1" doraHai="47" doraHaiUra="57" who="3" fromWho="3" sc="224,-30,237,-60,237,-30,292,130" />
</Scene>
<Scene>
<INIT seed="2,0,0,4,2,6" ten="194,177,207,422" oya="2" hai0="22,94,25,15,37,55,35,119,17,14,90,16,3" hai1="120,131,60,26,67,24,123,34,124,111,98,105,87" hai2="23,133,106,51,84,78,99,0,121,108,56,101,100" hai3="30,71,115,117,68,18,5,28,4,80,125,62,19"/><V38/><F38/><W107/><G117/><T76/><D3/><U127/><E87/><V75/><F121/><N who="1" m="46665" /><E111/><V12/><F0/><W7/><G107/><T27/><D119/><U57/><E131/><V46/><F133/><W8/><G125/><N who="1" m="48202" /><E34/><V72/><F101/><AGARI ba="0,0" hai="24,26,57,60,67,98,101,105" m="48202,46665" machi="101" ten="30,2000,0" yaku="13,1,18,1" doraHai="6" who="1" fromWho="2" sc="194,0,177,20,207,-20,422,0" />
</Scene>
<Scene>
<INIT seed="3,0,0,3,0,104" ten="194,197,187,422" oya="3" hai0="2,82,28,19,7,133,41,56,15,4,128,107,3" hai1="31,77,24,73,33,43,93,87,40,69,48,118,52" hai2="22,38,84,110,14,44,61,42,21,57,109,6,135" hai3="54,26,67,125,30,105,106,46,79,114,96,68,23"/><W1/><G114/><T5/><D107/><U71/><E118/><V64/><F135/><W25/><G1/><T34/><D41/><U88/><E71/><V83/><F6/><W134/><G134/><T86/><D133/><U8/><E69/><V78/><REACH who="2" step="1"/><F14/><REACH who="2" ten="194,197,177,422" step="2"/><W9/><G125/><T113/><D4/><U36/><E36/><V58/><F58/><W101/><G68/><T132/><D7/><U126/><E126/><V75/><F75/><W29/><G26/><T131/><D5/><U120/><E120/><V49/><F49/><W11/><G25/><N who="0" m="18703" /><D56/><U59/><REACH who="1" step="1"/><E8/><REACH who="1" ten="194,187,177,422" step="2"/><V81/><F81/><AGARI ba="0,2" hai="24,31,33,40,43,48,52,59,73,77,81,87,88,93" machi="81" ten="40,8000,1" yaku="1,1,2,1,52,1,54,2,53,0" doraHai="104" doraHaiUra="18" who="1" fromWho="2" sc="194,0,187,100,177,-80,422,0" />
</Scene>
<Scene>
<INIT seed="4,0,0,4,0,54" ten="194,287,97,422" oya="0" hai0="11,115,53,82,3,25,112,47,117,61,118,30,38" hai1="111,41,39,36,34,72,16,84,65,21,19,133,43" hai2="77,92,66,123,131,80,70,57,24,130,13,8,17" hai3="91,73,49,134,110,104,62,64,122,69,102,42,88"/><T132/><D132/><U45/><E34/><V1/><F123/><W87/><G110/><T95/><D95/><U48/><E72/><V75/><F70/><W4/><G134/><T0/><D82/><U6/><E133/><V51/><F1/><N who="0" m="586" /><D11/><U97/><E111/><V125/><F125/><W37/><G73/><T105/><D105/><U27/><E6/><V59/><F24/><W23/><G91/><T129/><D129/><N who="2" m="49162" /><F66/><W121/><G4/><T124/><D124/><U2/><E2/><V109/><F109/><W89/><G37/><T68/><D53/><U63/><E43/><V78/><F78/><W12/><G89/><T98/><D98/><U52/><E97/><V35/><F35/><W83/><G104/><T32/><D47/><U101/><E101/><V99/><F51/><W135/><G102/><AGARI ba="0,0" hai="8,13,17,57,59,75,77,80,92,99,102" m="49162" machi="102" ten="30,3900,0" yaku="19,1,52,2" doraHai="54" who="2" fromWho="3" sc="194,0,287,0,97,39,422,-39" />
</Scene>
<Scene>
<INIT seed="5,0,0,5,5,78" ten="194,287,136,383" oya="1" hai0="36,122,62,88,110,34,117,33,128,124,94,134,21" hai1="103,47,39,55,59,102,129,65,121,52,11,95,107" hai2="40,61,118,64,108,120,135,27,25,18,17,104,132" hai3="87,69,73,89,98,50,77,24,68,41,6,26,97"/><U92/><E121/><V3/><F104/><W48/><G73/><T113/><RYUUKYOKU type="yao9" ba="0,0" sc="194,0,287,0,136,0,383,0" hai0="21,33,34,36,62,88,94,110,113,117,122,124,128,134" />
</Scene>
<Scene>
<INIT seed="5,1,0,5,5,106" ten="194,287,136,383" oya="1" hai0="43,24,129,75,61,77,92,31,39,124,55,88,89" hai1="10,36,56,87,1,130,28,67,18,21,0,5,110" hai2="112,135,98,78,105,42,65,13,15,116,52,16,90" hai3="81,11,103,29,64,72,25,120,102,62,58,33,74"/><U95/><E36/><V113/><F116/><W101/><G120/><T93/><D129/><U34/><E130/><V104/><F135/><W82/><REACH who="3" step="1"/><G11/><REACH who="3" ten="194,287,136,373" step="2"/><T100/><D124/><U76/><E10/><V70/><F42/><W111/><G111/><T122/><D122/><U128/><E110/><V46/><F78/><W69/><G69/><T37/><D43/><U12/><E76/><V6/><F70/><W83/><AGARI ba="1,1" hai="25,29,33,58,62,64,72,74,81,82,83,101,102,103" machi="83" ten="30,7900,0" yaku="1,1,0,1,52,2,53,0" doraHai="106" doraHaiUra="91" who="3" fromWho="3" sc="194,-21,287,-40,136,-21,373,92" />
</Scene>
<Scene>
<INIT seed="6,0,0,3,2,65" ten="173,247,115,465" oya="2" hai0="26,70,91,41,34,72,125,45,23,111,122,61,38" hai1="68,94,46,3,119,67,11,112,114,2,96,27,37" hai2="98,103,131,107,56,33,109,7,108,9,14,133,20" hai3="85,88,132,102,29,12,105,80,134,74,16,71,5"/><V89/><F33/><W4/><G29/><N who="0" m="19767" /><D91/><N who="1" m="55391" /><E119/><V17/><F133/><N who="3" m="51307" /><G71/><T100/><D23/><U76/><E76/><V6/><F131/><W135/><G135/><T54/><D54/><U32/><E37/><V126/><F126/><W18/><G74/><T82/><D125/><U120/><E46/><V118/><F118/><W51/><G51/><T22/><D22/><U39/><E39/><V55/><F89/><W52/><G52/><T87/><D87/><U63/><E11/><V75/><F75/><W95/><G105/><T31/><D31/><N who="1" m="19583" /><E120/><V50/><REACH who="2" step="1"/><F7/><REACH who="2" ten="173,247,105,465" step="2"/><W93/><G5/><T92/><D122/><U40/><E114/><V47/><F47/><W77/><G4/><T116/><D116/><U44/><E112/><V21/><F21/><W57/><G88/><T124/><D124/><U64/><E44/><V130/><F130/><W24/><G77/><N who="0" m="44327" /><D100/><U86/><E3/><AGARI ba="0,1" hai="3,6,9,14,17,20,50,55,56,98,103,107,108,109" machi="3" ten="40,2000,0" yaku="1,1,53,0" doraHai="65" doraHaiUra="28" who="2" fromWho="1" sc="173,0,247,-20,105,30,465,0" />
</Scene>
<Scene>
<INIT seed="6,1,0,1,2,85" ten="173,227,135,465" oya="2" hai0="115,44,11,39,40,71,109,59,7,102,133,117,96" hai1="95,0,25,50,28,43,98,63,116,74,93,118,99" hai2="38,36,23,111,57,64,100,35,77,97,48,103,126" hai3="22,8,68,33,15,121,73,51,124,5,76,80,9"/><V62/><F35/><W106/><G121/><T16/><D109/><U27/><E74/><V92/><F111/><W29/><G124/><T119/><D115/><U2/><E63/><V58/><F126/><W21/><G68/><T19/><D71/><U70/><E70/><V54/><F77/><W24/><G106/><T1/><D59/><U55/><E43/><V75/><F75/><W10/><G51/><T66/><D66/><U104/><E104/><V13/><REACH who="2" step="1"/><F100/><REACH who="2" ten="173,227,125,465" step="2"/><W112/><G112/><T20/><D133/><U37/><E118/><N who="0" m="45065" /><D20/><U6/><E116/><V125/><F125/><W17/><G22/><T53/><D53/><U134/><E55/><V135/><F135/><W61/><G61/><T113/><D113/><U14/><E134/><V78/><F78/><W42/><G42/><T45/><D45/><U105/><E2/><AGARI ba="1,1" hai="2,5,8,9,10,15,17,21,24,29,33,73,76,80" machi="2" ten="30,3900,0" yaku="7,1,24,2" doraHai="85" who="3" fromWho="1" sc="173,0,227,-42,125,0,465,52" />
</Scene>
<Scene>
<INIT seed="7,0,0,1,0,61" ten="173,185,125,517" oya="3" hai0="34,45,124,67,88,87,16,19,37,54,63,84,99" hai1="123,74,14,71,130,38,104,6,83,114,2,107,120" hai2="79,89,12,21,126,26,122,81,20,125,76,103,131" hai3="35,119,117,56,49,27,7,53,96,39,44,30,72"/><W57/><G72/><T85/><D34/><U62/><E14/><V66/><F103/><W46/><G46/><T134/><D134/><U9/><E38/><V11/><F122/><N who="1" m="46633" /><E114/><V48/><F48/><W25/><G7/><T128/><D128/><U50/><E50/><V121/><F121/><W133/><G133/><T112/><D124/><N who="2" m="47722" /><F89/><W18/><G96/><T94/><D112/><U116/><E116/><V23/><F81/><W135/><G135/><T59/><REACH who="0" step="1"/><D54/><REACH who="0" ten="163,185,125,517" step="2"/><U110/><E130/><V108/><F131/><W40/><G117/><T86/><N who="0" m="21504" /><DORA hai="60" /><T1/><D1/><U0/><E0/><V22/><F108/><W47/><G119/><T91/><D91/><U36/><E110/><V82/><F82/><W33/><G33/><T10/><D10/><U97/><E83/><V15/><F79/><W90/><G90/><T51/><D51/><U118/><E2/><V95/><F76/><W17/><G53/><T92/><D92/><U4/><E118/><V111/><F95/><W100/><G49/><T43/><AGARI ba="0,1" hai="16,19,37,43,45,59,63,67,88,94,99" m="21504" machi="43" ten="40,12000,2" yaku="1,1,0,1,52,2,54,2,53,0" doraHai="61,60" doraHaiUra="5,115" who="0" fromWho="0" sc="163,130,185,-30,125,-30,517,-60" owari="293,9.0,155,-24.0,95,-40.0,457,55.0" />
</Scene>
</mjloggm>