<mjloggm ver="2.3"><GO type="169"/><UN n0="%E3%80%93%E3%81%84%E3%81%A1%E3%81%AF%E3%82%89%E3%80%93" n1="%41%53%41%50%49%4E" n2="%E3%83%AA%E3%83%BB%E3%82%B7%E3%83%A3%E3%82%AA%E3%83%A9%E3%83%B3" n3="%E3%82%A2%E3%83%8B%E3%82%AA%E3%83%B3" dan="17,18,16,16" rate="2137,2262,2055,2066" sx="M,M,F,F"/><TAIKYOKU oya="0"/>

<Scene>
<INIT seed="0,0,0,4,5,20" ten="250,250,250,250" oya="0" hai0="23,8,42,87,130,41,54,44,49,55,93,124,115" hai1="101,69,107,43,106,7,34,47,13,72,59,37,105" hai2="6,131,109,108,80,45,117,28,46,27,135,73,134" hai3="86,97,38,126,9,116,118,63,12,40,111,10,127"/><T57/><D115/><U83/><E69/><V32/><F131/><W66/><G97/><T51/><D130/><U91/><E13/><V96/><F117/><W62/><G86/><T48/><D124/><N who="3" m="47657" /><G66/><T30/><D8/><U94/><E7/><V95/><F6/><W110/><G12/><T35/><D35/><U78/><E34/><V14/><F14/><W52/><G10/><T104/><D51/><U76/><E76/><N who="2" m="44047" /><F95/><W53/><G9/><T19/><D30/><U21/><E21/><V70/><F96/><W56/><G40/><T18/><D104/><U119/><E119/><N who="3" m="45610" /><G38/><T65/><D65/><U114/><E114/><V26/><F70/><W3/><G3/><T31/><D31/><U29/><E29/><N who="2" m="19511" /><F46/><W121/><G121/><T50/><D19/><U99/><REACH who="1" step="1"/><E59/><AGARI ba="0,0" hai="52,53,56,59,62,63,110,111" m="45610,47657" machi="59" ten="40,8000,1" yaku="18,1,34,2,54,1" doraHai="20" who="3" fromWho="1" sc="250,0,250,-80,250,0,250,80" />
</Scene>
<Scene>
<INIT seed="1,0,0,3,0,27" ten="250,170,250,330" oya="1" hai0="127,131,31,11,34,94,92,87,28,47,54,44,18" hai1="10,39,78,105,62,53,16,66,113,135,82,45,26" hai2="20,41,116,70,74,57,65,8,126,134,84,55,1" hai3="111,35,90,129,114,109,61,38,12,101,81,56,119"/><U14/><E113/><V102/><F74/><W32/><G114/><T25/><D131/><U22/><E135/><V24/><F116/><W37/><G119/><T95/><D127/><U30/><E105/><V21/><F126/><W64/><G129/><T4/><D18/><U133/><E133/><V19/><F134/><W33/><G12/><T13/><D31/><U52/><E45/><V103/><F41/><W120/><G101/><T128/><D128/><U100/><E100/><V125/><F125/><W118/><G120/><T88/><REACH who="0" step="1"/><D54/><REACH who="0" ten="240,170,250,330" step="2"/><U122/><E122/><V89/><F55/><W73/><G118/><T76/><D76/><U107/><E39/><V85/><F19/><W29/><G29/><T79/><D79/><U40/><E40/><V72/><F65/><W68/><G38/><T93/><AGARI ba="0,1" hai="4,11,13,25,28,34,44,47,87,88,92,93,94,95" machi="93" ten="30,7900,0" yaku="1,1,0,1,52,1,54,1,53,0" doraHai="27" doraHaiUra="36" who="0" fromWho="0" sc="240,89,170,-39,250,-20,330,-20" />
</Scene>
<Scene>
<INIT seed="2,0,0,2,5,16" ten="329,131,230,310" oya="2" hai0="36,50,30,61,70,0,113,7,23,20,34,120,82" hai1="111,45,42,76,123,54,81,8,102,129,24,110,63" hai2="89,124,46,100,119,18,99,125,85,132,84,6,93" hai3="72,130,86,103,98,53,69,77,79,115,121,14,3"/><V78/><F119/><W112/><G69/><T27/><D36/><U135/><E129/><V68/><F68/><W40/><G3/><T15/><D120/><U71/><E123/><V43/><F6/><W28/><G121/><T55/><D113/><U133/><E102/><V41/><F41/><W67/><G67/><T116/><D116/><U5/><E24/><V13/><F78/><W10/><G28/><T2/><D82/><U105/><E105/><V60/><F60/><W73/><G40/><T51/><D51/><U37/><E54/><V49/><F132/><W39/><G39/><T106/><D106/><U92/><E92/><V25/><F25/><W21/><G21/><T118/><D118/><U12/><E63/><V64/><F64/><W31/><G31/><T75/><D75/><U1/><E12/><V35/><F35/><W47/><G130/><T87/><D61/><U44/><E44/><V131/><F131/><W56/><G47/><T48/><D48/><U59/><E59/><V97/><F85/><W57/><G112/><T32/><D87/><U128/><E71/><V11/><REACH who="2" step="1"/><F97/><REACH who="2" ten="329,131,220,310" step="2"/><W109/><G86/><T91/><D70/><U107/><E128/><V17/><F17/><W65/><G79/><T22/><D34/><U127/><E133/><V29/><F29/><W88/><G77/><T134/><D134/><U4/><E135/><V90/><F90/><W58/><G88/><T94/><D91/><U62/><E76/><V38/><F38/><W52/><G98/><T19/><D32/><U117/><E37/><V95/><AGARI ba="0,1" hai="11,13,18,43,46,49,84,89,93,95,99,100,124,125" machi="95" ten="30,3000,0" yaku="1,1,0,1,53,0" doraHai="16" doraHaiUra="66" who="2" fromWho="2" sc="329,-10,131,-10,220,40,310,-10" />
</Scene>
<Scene>
<INIT seed="2,1,0,3,4,44" ten="319,121,260,300" oya="2" hai0="121,5,104,97,18,56,34,118,63,70,79,133,20" hai1="57,116,100,111,132,30,61,55,113,24,117,124,98" hai2="105,103,119,120,16,39,32,85,115,125,92,2,15" hai3="46,50,45,134,82,25,26,59,135,87,36,65,27"/><V73/><RYUUKYOKU type="yao9" ba="1,0" sc="319,0,121,0,260,0,300,0" hai2="2,15,16,32,39,73,85,92,103,105,115,119,120,125" />
</Scene>
<Scene>
<INIT seed="2,2,0,4,1,105" ten="319,121,260,300" oya="2" hai0="104,53,28,79,7,122,71,47,131,135,77,108,56" hai1="86,68,63,44,129,75,4,95,61,12,114,90,81" hai2="20,134,25,9,48,38,69,59,82,93,24,55,26" hai3="31,124,57,111,19,3,130,54,89,50,5,8,78"/><V43/><F69/><W16/><G124/><T120/><D71/><U100/><E114/><V126/><F126/><W27/><G130/><T40/><D104/><U6/><E129/><V15/><F134/><W35/><G111/><T112/><D108/><U96/><E68/><V22/><F82/><W121/><G121/><T80/><D112/><U74/><E44/><V83/><F83/><W91/><G78/><T84/><D135/><U101/><E101/><V107/><F107/><W13/><REACH who="3" step="1"/><G19/><REACH who="3" ten="319,121,260,290" step="2"/><T21/><D79/><U1/><E1/><V0/><F0/><W14/><G14/><T60/><D131/><U58/><E12/><V64/><F15/><W51/><G51/><T132/><D132/><U106/><E61/><V128/><F48/><W17/><G17/><T123/><D122/><U30/><E30/><V118/><F38/><W67/><G67/><T39/><D7/><U34/><E4/><V41/><F64/><W133/><G133/><T23/><D120/><U127/><E6/><V46/><F128/><W18/><G18/><T99/><D123/><U49/><E127/><V65/><F65/><W52/><G52/><T119/><D28/><U110/><E49/><V32/><F55/><W66/><G66/><T62/><D62/><U115/><E110/><V102/><F118/><W98/><G98/><T113/><D119/><U29/><E115/><V109/><F109/><W11/><AGARI ba="2,1" hai="3,5,8,11,13,16,27,31,35,50,54,57,89,91" machi="11" ten="20,5200,0" yaku="1,1,0,1,7,1,54,1,53,0" doraHai="105" doraHaiUra="92" who="3" fromWho="3" sc="319,-15,121,-15,260,-28,290,68" />
</Scene>
<Scene>
<INIT seed="3,0,0,5,5,111" ten="304,106,232,358" oya="3" hai0="59,107,55,68,44,118,91,86,73,96,122,32,97" hai1="6,83,104,35,81,61,70,129,125,51,62,95,5" hai2="57,31,8,120,131,124,100,26,82,98,1,79,109" hai3="17,36,20,78,54,105,41,23,53,19,67,116,115"/><W12/><G116/><T93/><D68/><U3/><E104/><V22/><F109/><W102/><G115/><T7/><D118/><U108/><E35/><V92/><F131/><W63/><G78/><T121/><D32/><U75/><E108/><V11/><F124/><W99/><G41/><T74/><D7/><U88/><E129/><V65/><F120/><W9/><G36/><T134/><D44/><U49/><E125/><V85/><REACH who="2" step="1"/><F1/><REACH who="2" ten="304,106,222,358" step="2"/><W48/><G48/><N who="1" m="18506" /><E3/><V119/><F119/><W15/><REACH who="3" step="1"/><G9/><REACH who="3" ten="304,106,222,348" step="2"/><T113/><D122/><U117/><E117/><V128/><F128/><W21/><G21/><T0/><D121/><U50/><E50/><V27/><F27/><W37/><G37/><T52/><D113/><U4/><E61/><AGARI ba="0,2" hai="8,11,22,26,31,57,61,65,79,82,85,92,98,100" machi="61" ten="40,8000,1" yaku="1,1,25,2,8,1,53,1" doraHai="111" doraHaiUra="77" who="2" fromWho="1" sc="304,0,106,-80,222,100,348,0" />
</Scene>
<Scene>
<INIT seed="4,0,0,0,0,49" ten="304,26,322,348" oya="0" hai0="132,123,44,0,63,46,83,74,115,84,68,110,108" hai1="95,20,32,57,133,119,126,64,17,97,42,125,41" hai2="80,85,121,22,124,106,81,58,79,135,53,104,56" hai3="52,24,103,55,21,107,73,129,48,45,131,92,78"/><T111/><D123/><U23/><E119/><V15/><F121/><W29/><G107/><T128/><D74/><U134/><E32/><V130/><F135/><N who="1" m="51721" /><E95/><V1/><F1/><W51/><G78/><T7/><D132/><U114/><E97/><V28/><F130/><N who="3" m="49675" /><G73/><T11/><D128/><U6/><E6/><V118/><F118/><W60/><G60/><T33/><D115/><U10/><E10/><V3/><F3/><W36/><G36/><T101/><D33/><U19/><E57/><V61/><F124/><N who="1" m="47721" /><E64/><V109/><F109/><W30/><G92/><T76/><D101/><U89/><E89/><V39/><F58/><N who="3" m="33031" /><G103/><T105/><D105/><U82/><E82/><V88/><F106/><W70/><G70/><T54/><D68/><U40/><E114/><V65/><F104/><W35/><G35/><T27/><D27/><U26/><E26/><V67/><F79/><W34/><G34/><T116/><D116/><U47/><E47/><V112/><F112/><W12/><G12/><T96/><D96/><U16/><AGARI ba="0,0" hai="16,17,19,20,23,40,41,42" m="47721,51721" machi="16" ten="40,8000,1" yaku="28,2,20,1,18,1,54,1" doraHai="49" who="1" fromWho="1" sc="304,-40,26,80,322,-20,348,-20" />
</Scene>
<Scene>
<INIT seed="5,0,0,0,3,48" ten="264,106,302,328" oya="1" hai0="121,17,106,20,94,102,88,46,64,54,72,70,100" hai1="87,15,37,29,19,80,36,132,50,23,66,57,38" hai2="7,107,12,74,79,59,129,85,91,41,108,83,31" hai3="10,101,43,90,112,81,40,73,58,98,47,130,0"/><U24/><E132/><V30/><F108/><W27/><G27/><T34/><D34/><U120/><E120/><V92/><F129/><W1/><G130/><T32/><D32/><U42/><E66/><V109/><F109/><W16/><G112/><T82/><D106/><U65/><E65/><V13/><F41/><W9/><G58/><T126/><D121/><U8/><E42/><V14/><F7/><W52/><G73/><T117/><D117/><U61/><E61/><V49/><REACH who="2" step="1"/><F107/><REACH who="2" ten="264,106,292,328" step="2"/><W114/><G114/><T127/><D127/><U18/><E18/><V51/><F51/><W26/><G16/><T123/><D126/><U56/><REACH who="1" step="1"/><E50/><REACH who="1" ten="264,96,292,328" step="2"/><V86/><F86/><W111/><G40/><T45/><D17/><U110/><E110/><V84/><F84/><W35/><G43/><T39/><D123/><U5/><E5/><V78/><F78/><AGARI ba="0,2" hai="8,15,19,23,24,29,36,37,38,56,57,78,80,87" machi="78" ten="40,2000,0" yaku="1,1,53,0" doraHai="48" doraHaiUra="105" who="1" fromWho="2" sc="264,0,96,40,292,-20,328,0" />
</Scene>
<Scene>
<INIT seed="5,1,0,5,1,59" ten="264,136,272,328" oya="1" hai0="106,76,66,115,29,10,82,98,38,110,117,53,75" hai1="104,26,64,30,34,88,89,16,2,72,35,54,77" hai2="12,79,91,96,134,63,32,40,49,90,74,123,45" hai3="5,41,15,73,14,19,17,81,52,42,22,23,4"/><U21/><E104/><V109/><F109/><W133/><G133/><T102/><D115/><U27/><E2/><V47/><F123/><W43/><G73/><T25/><D110/><U127/><E127/><V58/><F32/><W9/><G81/><T108/><D108/><U116/><E116/><V101/><F134/><W132/><G132/><T46/><D117/><U92/><E35/><V86/><F74/><W36/><G36/><T112/><D112/><U135/><E135/><V113/><F113/><W118/><G118/><T37/><D10/><U121/><E121/><V44/><F79/><W122/><G122/><T24/><D24/><U87/><E64/><V8/><F96/><W60/><G9/><T97/><D97/><U6/><E6/><N who="2" m="3095" /><F101/><W85/><G85/><T48/><REACH who="0" step="1"/><D66/><REACH who="0" ten="254,136,272,328" step="2"/><U71/><E71/><V128/><F128/><W13/><G13/><T39/><D39/><U28/><E28/><V105/><F105/><W99/><G99/><T94/><D94/><U3/><E3/><V57/><F40/><W103/><G103/><T70/><D70/><U129/><E129/><V131/><F131/><W7/><G15/><T20/><AGARI ba="1,1" hai="20,25,29,37,38,46,48,53,75,76,82,98,102,106" machi="20" ten="20,2700,0" yaku="1,1,0,1,7,1,53,0" doraHai="59" doraHaiUra="11" who="0" fromWho="0" sc="254,40,136,-14,272,-8,328,-8" />
</Scene>
<Scene>
<INIT seed="6,0,0,2,4,102" ten="294,122,264,320" oya="2" hai0="128,52,96,31,123,40,45,8,88,117,78,82,19" hai1="84,18,23,48,51,131,85,65,95,10,92,97,76" hai2="28,72,124,68,130,74,87,126,30,71,14,13,105" hai3="16,122,99,58,7,75,69,135,90,17,63,60,11"/><V73/><F87/><W12/><G122/><T61/><D123/><U1/><E131/><V110/><F130/><W98/><G75/><T29/><D117/><U108/><E108/><V44/><F44/><W80/><G135/><T70/><D128/><U104/><E65/><V134/><F134/><W4/><G69/><N who="2" m="26697" /><F110/><W26/><G60/><T46/><D70/><U15/><E1/><V36/><F36/><W66/><G26/><T114/><D114/><U115/><E115/><V94/><F94/><W20/><G20/><T62/><D78/><U64/><E64/><V112/><F112/><W38/><G38/><T54/><D62/><U132/><E132/><V9/><F9/><W121/><G121/><T22/><D8/><U111/><E111/><V129/><F129/><W125/><G125/><N who="2" m="48233" /><F105/><W27/><G27/><T32/><D32/><U50/><E10/><V2/><F2/><W133/><G133/><T35/><D35/><U24/><E84/><V113/><F113/><W5/><G17/><T33/><D33/><U116/><E116/><V56/><F56/><W53/><G66/><T57/><D46/><U59/><E59/><V55/><F55/><W83/><G83/><T77/><D54/><U41/><E41/><V43/><F43/><W103/><G103/><T106/><D106/><U67/><E67/><V107/><F107/><W21/><G11/><T49/><D82/><N who="1" m="47303" /><E104/><V119/><F119/><W93/><G80/><T100/><D77/><U25/><E95/><V0/><F0/><W37/><G37/><T39/><D39/><U86/><E86/><AGARI ba="0,0" hai="4,5,7,12,16,21,53,58,63,86,90,93,98,99" machi="86" ten="40,2600,0" yaku="8,1,54,1" doraHai="102" who="3" fromWho="1" sc="294,0,122,-26,264,0,320,26" />
</Scene>
<Scene>
<INIT seed="7,0,0,0,1,97" ten="294,96,264,346" oya="3" hai0="134,51,15,18,67,60,5,70,14,36,108,86,123" hai1="81,94,46,47,49,88,110,30,102,95,111,9,121" hai2="8,100,12,109,112,84,127,53,65,44,74,79,76" hai3="24,28,20,63,91,39,104,116,82,99,113,43,101"/><W13/><G116/><T26/><D123/><U35/><E121/><V69/><F109/><W126/><G126/><T77/><D108/><U119/><E119/><V118/><F118/><W54/><G13/><T85/><D36/><U115/><E115/><V120/><F74/><W96/><G99/><T129/><D129/><U68/><E68/><V34/><F120/><W106/><G43/><T48/><D134/><U7/><E30/><V11/><F34/><W29/><G39/><T114/><D114/><U98/><E35/><V58/><F112/><W56/><G29/><T128/><D128/><U31/><E31/><V132/><F132/><W50/><G50/><T64/><D26/><U75/><E75/><V40/><F127/><W22/><G22/><T27/><D27/><U32/><E32/><V103/><F65/><W0/><G0/><T52/><D67/><U92/><E81/><N who="2" m="47143" /><F79/><W3/><G3/><T33/><D33/><U72/><E72/><V117/><F69/><W130/><G130/><T6/><D51/><U45/><E49/><N who="2" m="26759" /><F117/><W55/><G55/><T23/><D77/><U87/><REACH who="1" step="1"/><E92/><REACH who="1" ten="294,86,264,346" step="2"/><V38/><F38/><W83/><G113/><T16/><D6/><U73/><E73/><V80/><F80/><W25/><G82/><T61/><D5/><U122/><E122/><V1/><F1/><AGARI ba="0,1" hai="1,7,9,45,46,47,87,88,94,95,98,102,110,111" machi="1" ten="40,5200,0" yaku="1,1,52,1,54,1,53,0" doraHai="97" doraHaiUra="66" who="1" fromWho="2" sc="294,0,86,62,264,-52,346,0" owari="294,9.0,148,-35.0,212,-19.0,346,45.0" />
</Scene>
</mjloggm>