<mjloggm ver="2.3"><GO type="169" lobby="0"/><UN n0="%41%53%41%50%49%4E" n1="%E5%B2%A1%E6%9D%91" n2="%E9%8A%80%E9%81%8A%E7%A7%81%E4%BA%BA" n3="%E3%83%87%E3%82%B8%E3%82%BF%E3%83%AB%E4%BB%99%E4%BA%BA" dan="19,17,16,19" rate="2249.05,2139.46,2042.56,2275.14" sx="M,M,M,F"/><TAIKYOKU oya="0"/>

<Scene>
<INIT seed="0,0,0,4,2,108" ten="250,250,250,250" oya="0" hai0="74,78,68,92,7,46,102,60,0,48,41,51,55" hai1="111,5,134,75,66,6,11,29,50,62,23,109,63" hai2="95,3,105,15,99,30,17,26,36,100,40,103,101" hai3="132,10,89,114,128,33,64,8,13,80,135,28,27"/><T56/><D0/><U31/><E134/><N who="3" m="51242" /><G64/><T131/><D7/><U18/><E75/><V37/><F3/><W107/><G107/><T118/><D118/><U127/><E50/><V129/><F129/><W61/><G61/><N who="1" m="23050" /><E127/><V124/><F124/><W69/><G69/><T73/><D131/><U81/><E81/><V52/><F40/><W44/><G44/><T84/><D78/><U120/><E120/><V121/><F121/><W126/><G126/><T112/><D112/><U58/><E58/><V133/><F133/><W70/><G70/><T1/><D1/><U42/><E42/><V104/><F52/><W49/><G49/><T125/><D125/><U24/><E66/><V43/><F105/><W57/><G57/><T34/><D34/><U25/><E111/><V113/><F104/><W94/><G128/><T90/><REACH who="0" step="1"/><D102/><REACH who="0" ten="240,250,250,250" step="2"/><U45/><E109/><V91/><F103/><W14/><G114/><T32/><D32/><U2/><E5/><V21/><F113/><W77/><G77/><T65/><AGARI ba="0,1" hai="41,46,48,51,55,56,60,65,68,73,74,84,90,92" machi="65" ten="30,6000,0" yaku="1,1,0,1,53,1" doraHai="108" doraHaiUra="59" who="0" fromWho="0" sc="240,70,250,-20,250,-20,250,-20" />
</Scene>
<Scene>
<INIT seed="0,1,0,0,2,48" ten="310,230,230,230" oya="0" hai0="7,82,20,83,84,51,39,113,55,105,26,38,54" hai1="28,86,109,40,80,32,96,30,59,24,10,53,25" hai2="47,89,74,13,106,75,103,114,21,88,63,65,46" hai3="71,124,92,108,64,33,0,72,125,98,60,87,31"/><T81/><D113/><U3/><E109/><V5/><F114/><W2/><G72/><T117/><D117/><U118/><E118/><V4/><F106/><W107/><G87/><T85/><D105/><U56/><E40/><V18/><F103/><N who="3" m="62967" /><G108/><T90/><D7/><N who="2" m="2634" /><F75/><W22/><G22/><T134/><D134/><U128/><E128/><V93/><F74/><W70/><G92/><T45/><D55/><U122/><E122/><V99/><F89/><W100/><G100/><T12/><D12/><U41/><E41/><V29/><F29/><W101/><G101/><T133/><D133/><U11/><E96/><V79/><F79/><W78/><G71/><T62/><D62/><U131/><E59/><V8/><F21/><W132/><G78/><T77/><REACH who="0" step="1"/><D83/><REACH who="0" ten="300,230,230,230" step="2"/><U121/><E121/><V67/><F63/><W112/><G112/><T61/><D61/><N who="1" m="35983" /><E131/><V16/><F13/><W95/><G132/><T17/><AGARI ba="1,1" hai="17,20,26,38,39,45,51,54,77,81,82,84,85,90" machi="17" ten="20,7800,0" yaku="1,1,0,1,7,1,52,1,53,0" doraHai="48" doraHaiUra="58" who="0" fromWho="0" sc="300,91,230,-27,230,-27,230,-27" />
</Scene>
<Scene>
<INIT seed="0,2,0,0,2,104" ten="391,203,203,203" oya="0" hai0="30,114,99,81,119,100,24,76,110,9,45,68,117" hai1="11,130,93,72,48,103,111,16,6,63,77,36,25" hai2="96,44,95,109,38,86,121,12,17,82,19,122,5" hai3="41,70,113,40,67,23,20,54,123,75,13,134,85"/><T116/><D114/><U126/><E36/><V65/><F109/><W92/><G113/><T47/><D68/><U56/><E111/><V10/><F65/><W106/><G106/><T37/><D110/><U74/><E130/><V21/><F38/><W91/><G123/><T133/><D133/><U129/><E129/><V31/><F31/><W14/><G134/><T22/><D37/><U62/><E126/><V26/><F44/><W102/><G102/><T128/><D128/><U60/><E77/><V127/><F127/><W124/><G124/><T101/><D9/><U39/><E39/><V15/><F86/><W46/><G75/><T97/><D101/><U69/><E69/><V125/><F82/><W35/><G35/><T53/><D53/><U88/><E103/><V57/><F57/><W27/><G67/><T59/><D59/><U94/><E94/><V108/><F108/><W42/><G70/><T18/><D30/><U78/><E78/><V118/><F118/><W7/><G7/><T105/><REACH who="0" step="1"/><D99/><REACH who="0" ten="381,203,203,203" step="2"/><U34/><E56/><V89/><F125/><W0/><G54/><T80/><D80/><U8/><E8/><AGARI ba="2,1" hai="5,8,10,12,15,17,19,21,26,89,95,96,121,122" machi="8" ten="30,1000,0" yaku="7,1" doraHai="104" who="2" fromWho="1" sc="381,0,203,-16,203,26,203,0" />
</Scene>
<Scene>
<INIT seed="1,0,0,0,0,83" ten="381,187,229,203" oya="1" hai0="108,130,134,51,13,93,61,21,106,90,76,45,38" hai1="28,119,62,33,121,94,30,80,97,47,40,85,114" hai2="84,87,35,128,135,2,8,100,29,3,122,88,99" hai3="49,115,118,42,104,57,63,10,105,9,95,55,68"/><U98/><E121/><V22/><F35/><W113/><G118/><T111/><D106/><U67/><E119/><V23/><F122/><W43/><G68/><T101/><D101/><U25/><E114/><V20/><F128/><W86/><G104/><T60/><D38/><U5/><E5/><V58/><F135/><W7/><G105/><T82/><D130/><U96/><E30/><V125/><F125/><W53/><G115/><T79/><D134/><U41/><E94/><V129/><F129/><W36/><G36/><T133/><D133/><U27/><E27/><V26/><F58/><W0/><G10/><T73/><D79/><U78/><REACH who="1" step="1"/><E47/><REACH who="1" ten="381,177,229,203" step="2"/><V64/><F26/><W123/><G113/><T124/><D45/><U48/><E48/><V50/><F50/><W103/><G123/><T116/><D51/><U52/><E52/><V14/><F29/><W74/><G55/><T109/><D116/><U77/><E77/><V66/><F66/><W31/><G49/><T117/><D117/><U89/><E89/><V81/><F64/><W56/><G31/><T4/><D4/><U37/><E37/><V91/><F100/><W70/><G103/><T12/><D124/><U75/><E75/><V59/><F88/><N who="3" m="53655" /><G74/><T16/><D13/><U39/><E39/><V120/><F14/><W92/><G53/><T1/><D1/><U131/><E131/><V24/><F2/><W18/><G0/><T11/><D90/><U15/><E15/><V72/><F3/><W54/><G7/><N who="0" m="3199" /><D93/><U46/><E46/><V107/><F107/><W44/><G92/><T127/><D127/><RYUUKYOKU ba="0,1" sc="381,15,177,15,229,-15,203,-15" hai0="16,21,60,61,73,76,82,108,109,111" hai1="25,28,33,40,41,62,67,78,80,85,96,97,98" />
</Scene>
<Scene>
<INIT seed="1,1,1,0,2,56" ten="396,192,214,188" oya="1" hai0="31,85,134,115,55,104,26,94,22,9,28,125,15" hai1="99,88,64,107,36,33,63,117,18,82,87,114,65" hai2="133,123,14,71,78,49,119,132,97,70,74,4,2" hai3="129,17,19,103,118,61,89,29,96,116,84,34,80"/><U6/><E117/><N who="3" m="45162" /><G129/><T41/><D115/><U68/><E114/><V0/><F119/><W109/><G109/><T111/><D104/><U52/><E36/><V122/><F14/><W57/><G29/><T58/><D111/><U10/><E33/><V73/><F49/><W53/><G34/><T110/><D110/><U120/><E120/><N who="2" m="46123" /><F97/><W91/><G91/><N who="0" m="53615" /><D134/><N who="2" m="51818" /><F78/><W42/><G42/><T11/><D125/><U81/><E81/><V43/><F43/><W79/><G79/><T20/><D41/><U59/><E68/><N who="2" m="26155" /><F4/><W101/><G101/><T1/><D15/><N who="1" m="7543" /><E6/><V37/><F37/><W50/><G50/><T32/><D32/><U13/><E13/><V45/><F45/><W126/><G126/><T54/><D9/><U130/><E130/><V131/><F131/><W35/><G35/><T93/><D11/><U30/><E30/><V16/><F16/><W83/><G83/><T102/><D28/><U60/><E107/><AGARI ba="1,1" hai="17,19,53,57,61,80,84,89,96,103,107" m="45162" machi="107" ten="30,2000,0" yaku="12,1,52,1" doraHai="56" who="3" fromWho="1" sc="396,0,192,-23,214,0,188,33" />
</Scene>
<Scene>
<INIT seed="2,0,0,2,1,86" ten="396,169,214,221" oya="2" hai0="108,39,128,103,117,58,71,19,17,14,63,6,43" hai1="127,92,33,73,5,116,90,94,119,85,101,36,4" hai2="53,57,27,125,123,8,67,93,21,48,130,62,50" hai3="118,109,82,55,72,31,111,13,115,3,2,110,34"/><V37/><F123/><W18/><G118/><T61/><D117/><U89/><E73/><V83/><F37/><W134/><G55/><T42/><D108/><U112/><E112/><V11/><F130/><W0/><G82/><T96/><D128/><U113/><E113/><V87/><F125/><W47/><G47/><T129/><D129/><U66/><E127/><V135/><F93/><W126/><G72/><T107/><D6/><U26/><E36/><V9/><F67/><W69/><G69/><T16/><D14/><U40/><E40/><V84/><F135/><W74/><G74/><T44/><D71/><U32/><E101/><V79/><REACH who="2" step="1"/><F87/><REACH who="2" ten="396,169,204,221" step="2"/><W133/><G126/><T64/><D64/><U22/><E66/><V30/><AGARI ba="0,1" hai="8,9,11,21,27,30,48,50,53,57,62,79,83,84" machi="30" ten="30,11700,0" yaku="1,1,2,1,0,1,8,1,53,0" doraHai="86" doraHaiUra="121" who="2" fromWho="2" sc="396,-39,169,-39,204,127,221,-39" />
</Scene>
<Scene>
<INIT seed="2,1,0,2,4,42" ten="357,130,331,182" oya="2" hai0="38,7,68,72,4,34,60,95,127,118,124,129,119" hai1="13,97,109,131,55,94,41,45,135,117,85,52,44" hai2="35,6,106,46,53,88,20,132,110,111,78,73,2" hai3="23,80,15,86,82,91,9,101,63,125,102,104,116"/><V61/><F35/><W103/><G116/><N who="0" m="44587" /><D34/><U8/><E117/><V12/><F106/><W16/><G125/><N who="0" m="48203" /><D72/><U87/><E109/><N who="2" m="41483" /><F132/><W1/><G104/><T65/><D129/><U28/><E28/><V10/><F78/><W30/><G63/><T31/><D31/><U66/><E66/><V3/><F73/><W0/><G82/><T54/><D38/><U14/><E131/><V122/><F122/><W115/><G115/><T56/><D95/><U51/><E135/><V99/><F20/><W120/><G120/><T113/><D113/><U37/><E55/><V98/><F61/><AGARI ba="1,0" hai="4,7,54,56,60,61,65,68" m="48203,44587" machi="61" ten="30,2000,0" yaku="12,1,18,1" doraHai="42" who="0" fromWho="2" sc="357,23,130,0,331,-23,182,0" />
</Scene>
<Scene>
<INIT seed="3,0,0,5,1,132" ten="380,130,308,182" oya="3" hai0="24,100,46,83,31,89,49,74,104,0,6,80,21" hai1="53,18,65,51,78,14,130,135,1,113,61,29,15" hai2="95,134,75,8,9,60,91,118,73,77,84,7,88" hai3="115,13,124,76,97,122,23,114,101,39,42,107,81"/><W34/><G122/><T36/><D36/><U87/><E135/><V3/><F118/><W26/><G13/><T20/><D74/><U85/><E113/><V117/><F117/><W79/><G79/><T99/><D0/><U106/><E1/><V12/><F134/><W56/><G56/><T32/><D6/><U90/><E106/><V127/><F77/><W33/><G33/><T68/><D68/><U11/><E130/><V121/><F121/><W27/><G27/><T55/><D89/><U54/><E29/><V2/><F60/><W63/><G63/><T131/><D131/><U98/><E15/><V48/><F48/><W93/><G93/><T22/><AGARI ba="0,0" hai="20,21,22,24,31,32,46,49,55,80,83,99,100,104" machi="22" ten="30,1100,0" yaku="0,1" doraHai="132" who="0" fromWho="0" sc="380,11,130,-3,308,-3,182,-5" />
</Scene>
<Scene>
<INIT seed="4,0,0,3,3,48" ten="391,127,305,177" oya="0" hai0="17,117,121,80,52,5,79,131,122,123,119,1,101" hai1="87,57,41,125,47,132,71,37,90,44,18,82,3" hai2="127,96,43,50,12,33,99,40,110,9,38,60,15" hai3="7,118,100,21,133,59,67,98,130,81,92,34,28"/><T73/><D101/><U13/><E71/><V20/><F110/><W134/><G34/><T14/><D131/><U102/><E3/><V16/><F33/><W95/><G118/><T25/><D25/><U65/><E132/><V4/><F127/><W76/><G7/><T63/><D5/><U64/><E125/><V10/><F38/><W55/><G130/><T61/><D61/><U120/><E120/><V116/><F116/><W77/><G92/><T69/><D1/><U97/><E47/><V36/><F36/><W85/><G67/><T75/><D75/><U31/><E31/><V93/><F60/><W70/><G70/><T106/><D106/><U104/><REACH who="1" step="1"/><E57/><REACH who="1" ten="391,117,305,177" step="2"/><V111/><F111/><W128/><G128/><T32/><D69/><U114/><E114/><V2/><F2/><W68/><G68/><T107/><D117/><U94/><E94/><V74/><F93/><W29/><G29/><T8/><D119/><U109/><E109/><V72/><F99/><W30/><G30/><T83/><D122/><U42/><E42/><V24/><F96/><W88/><G134/><T46/><D46/><U135/><E135/><V54/><F40/><W23/><G133/><T103/><D123/><U89/><E89/><V26/><F43/><W108/><G108/><T126/><D126/><U124/><E124/><V58/><F26/><W112/><G112/><T22/><D121/><U27/><E27/><V45/><F45/><W49/><G28/><AGARI ba="0,1" hai="4,9,10,12,15,16,20,24,28,50,54,58,72,74" machi="28" ten="30,3900,0" yaku="7,1,52,1,54,1" doraHai="48" who="2" fromWho="3" sc="391,0,117,0,305,49,177,-39" />
</Scene>
<Scene>
<INIT seed="5,0,0,0,4,129" ten="391,117,354,138" oya="1" hai0="75,57,1,103,87,47,123,68,71,9,59,48,126" hai1="31,96,64,85,49,111,3,83,78,92,131,33,19" hai2="20,88,23,106,67,7,61,109,135,76,28,55,29" hai3="73,17,82,72,41,81,5,128,42,30,77,52,116"/><U2/><E131/><V122/><F109/><W99/><G116/><T90/><D75/><U21/><E111/><V4/><F122/><W40/><G128/><T124/><D123/><U65/><E3/><V97/><F76/><W14/><G5/><N who="0" m="1199" /><D103/><U74/><E74/><V86/><F55/><W60/><G30/><T110/><D71/><U10/><E49/><V112/><F4/><W94/><G73/><T16/><D68/><U130/><E130/><V15/><F112/><W91/><G77/><T34/><D34/><U113/><E113/><V132/><F106/><W108/><G72/><T8/><D110/><U79/><E79/><V93/><F97/><W39/><G39/><T53/><D59/><U104/><E104/><V120/><F120/><W18/><G108/><T133/><D57/><U115/><E115/><V6/><F6/><W89/><G89/><T105/><D105/><U80/><E2/><V121/><F121/><W51/><G60/><T56/><D56/><U38/><E38/><V117/><F117/><W114/><G114/><T11/><D11/><U37/><E37/><V24/><F7/><W118/><G118/><T58/><D58/><U12/><E33/><V62/><F67/><W44/><REACH who="3" step="1"/><G18/><REACH who="3" ten="391,117,354,128" step="2"/><T119/><D16/><N who="1" m="8215" /><E31/><V35/><F35/><W66/><G66/><T25/><D119/><U127/><E127/><V50/><F29/><W0/><G0/><T101/><D126/><U46/><E46/><V100/><F28/><W54/><G54/><T125/><D124/><U27/><E80/><V134/><F61/><W63/><G63/><T95/><D125/><RYUUKYOKU ba="0,1" sc="391,-15,117,15,354,-15,128,15" hai1="19,21,27,64,65,78,83,85,92,96" hai3="14,17,40,41,42,44,51,52,81,82,91,94,99" />
</Scene>
<Scene>
<INIT seed="5,1,1,4,0,106" ten="376,132,339,143" oya="1" hai0="71,48,39,112,5,54,121,89,119,62,78,58,13" hai1="75,56,111,21,34,66,115,61,0,131,20,79,19" hai2="87,8,83,32,70,24,30,124,84,38,82,108,47" hai3="130,125,90,43,114,102,29,28,11,122,46,134,127"/><U12/><E0/><V91/><F108/><W6/><G122/><T92/><D119/><U81/><E34/><V44/><F70/><W88/><G102/><T41/><D121/><U126/><E111/><V53/><F124/><N who="3" m="47691" /><G114/><T94/><D112/><U77/><E126/><V55/><F8/><W118/><G118/><T33/><D33/><U16/><E115/><V103/><F103/><W101/><G101/><T69/><D39/><U96/><E79/><V117/><F117/><W72/><G72/><T104/><D104/><U57/><E131/><V133/><F133/><W63/><G134/><T10/><D92/><U132/><E132/><V95/><F95/><W26/><G63/><T93/><D93/><U60/><E96/><V42/><REACH who="2" step="1"/><F47/><REACH who="2" ten="376,132,329,143" step="2"/><W98/><G130/><T18/><D71/><U25/><REACH who="1" step="1"/><E61/><REACH who="1" ten="376,122,329,143" step="2"/><V40/><F40/><W129/><G129/><T110/><D41/><U120/><E120/><V4/><F4/><W76/><G6/><T85/><D110/><U23/><E23/><V52/><F52/><W86/><G43/><T2/><D62/><U105/><E105/><V31/><F31/><W107/><G29/><T68/><D78/><AGARI ba="1,3" hai="24,30,32,38,42,44,53,55,78,82,83,84,87,91" machi="78" ten="30,2000,0" yaku="1,1,7,1,53,0" doraHai="106" doraHaiUra="9" who="2" fromWho="0" sc="376,-23,122,0,329,53,143,0" />
</Scene>
<Scene>
<INIT seed="6,0,0,0,3,124" ten="353,122,382,143" oya="2" hai0="66,107,25,19,57,64,84,95,101,130,59,135,98" hai1="14,70,132,111,94,15,71,105,96,7,76,4,110" hai2="52,126,83,80,65,8,22,123,0,69,100,72,49" hai3="45,119,127,103,43,93,27,88,90,81,11,47,62"/><V102/><F123/><W91/><G119/><T5/><D135/><U48/><E132/><V26/><F126/><W108/><G127/><T109/><D109/><U129/><E105/><V28/><F69/><W10/><G108/><T116/><D116/><U3/><E76/><V114/><F65/><W125/><G125/><T61/><D5/><U13/><E48/><V18/><F114/><W122/><G122/><T31/><D19/><U51/><E51/><V92/><F72/><W17/><G81/><N who="2" m="31305" /><F0/><W53/><G43/><T42/><D42/><U24/><E24/><V34/><F34/><W118/><G118/><T37/><D37/><U131/><E3/><V63/><F63/><W29/><G29/><T85/><D130/><N who="1" m="49675" /><E111/><V41/><F41/><W35/><G35/><T77/><D77/><U89/><E110/><V23/><F8/><N who="3" m="3115" /><G62/><N who="0" m="37967" /><D107/><U78/><E78/><V79/><F79/><W21/><G53/><T115/><D115/><U38/><E38/><V40/><F40/><W117/><G117/><T46/><D61/><U56/><E56/><N who="2" m="32783" /><F92/><W9/><G9/><T6/><D95/><U1/><E1/><V86/><F86/><W75/><G75/><T55/><D84/><U120/><E120/><V16/><F28/><W134/><G134/><T73/><D85/><U12/><N who="1" m="3072" /><DORA hai="87" /><U121/><E121/><V133/><F133/><W50/><G50/><T54/><D73/><U33/><E33/><V74/><F74/><W60/><G60/><T67/><D31/><U99/><E99/><AGARI ba="0,0" hai="17,21,27,45,47,88,90,91,93,99,103" m="3115" machi="99" ten="30,8000,1" yaku="8,1,52,3,54,1" doraHai="124,87" who="3" fromWho="1" sc="353,0,122,-80,382,0,143,80" />
</Scene>
<Scene>
<INIT seed="7,0,0,4,1,99" ten="353,42,382,223" oya="3" hai0="51,60,18,11,33,114,124,71,134,80,123,39,135" hai1="93,130,121,37,83,109,44,52,1,5,62,45,76" hai2="17,63,57,92,24,103,22,86,75,101,111,2,88" hai3="61,72,25,47,96,125,19,36,68,73,29,117,14"/><W26/><G117/><T0/><D123/><U79/><E121/><V54/><F111/><W102/><G125/><T107/><D39/><U82/><E109/><V95/><F75/><W110/><G110/><T64/><D124/><U9/><E130/><V70/><F2/><W38/><G26/><T3/><D33/><U116/><E116/><V87/><F70/><W131/><G131/><T23/><D107/><U128/><E128/><V89/><AGARI ba="0,0" hai="17,22,24,54,57,63,86,87,88,89,92,95,101,103" machi="89" ten="30,12000,2" yaku="0,1,9,1,8,1,52,2,54,1" doraHai="99" who="2" fromWho="2" sc="353,-30,42,-30,382,120,223,-60" owari="323,12.0,12,-49.0,502,61.0,163,-24.0" />
</Scene>
</mjloggm>