<mjloggm ver="2.3"><GO type="169" lobby="0"/><UN n0="%EF%BC%A0%E6%A3%AE" n1="%41%53%41%50%49%4E" n2="%42%69%72%6F%72%69" n3="%67%69%6A%79%75%74%75" dan="16,19,16,16" rate="2113.08,2279.48,2003.26,2131.58" sx="F,M,M,M"/><TAIKYOKU oya="0"/>

<Scene>
<INIT seed="0,0,0,0,4,59" ten="250,250,250,250" oya="0" hai0="56,117,20,68,112,125,104,23,76,79,5,116,27" hai1="67,114,19,62,108,46,35,41,50,25,70,92,13" hai2="2,74,82,63,30,16,98,61,44,11,106,111,95" hai3="12,110,126,31,28,66,77,0,57,91,107,51,9"/><T22/><D112/><U4/><E108/><V84/><F106/><W55/><G110/><T71/><D104/><U83/><E114/><V122/><F111/><W85/><G107/><T89/><D125/><U34/><E4/><V78/><F122/><W88/><G0/><T53/><D5/><U115/><E115/><V105/><F30/><W81/><G126/><T123/><D123/><U38/><E25/><V52/><F105/><W130/><G130/><T72/><D27/><U124/><E124/><V102/><F74/><W14/><G14/><T37/><D37/><U128/><E128/><V45/><F2/><W127/><G127/><T69/><D89/><N who="3" m="34377" /><G66/><T26/><D26/><U99/><E83/><V48/><REACH who="2" step="1"/><F45/><REACH who="2" ten="250,250,240,250" step="2"/><W134/><G134/><T94/><D72/><U75/><E75/><V101/><F101/><W97/><G97/><T24/><D24/><U133/><E133/><V64/><F64/><W32/><G32/><T135/><D135/><U29/><E29/><V7/><F7/><AGARI ba="0,1" hai="7,9,12,28,31,51,55,57,77,81,85" m="34377" machi="7" ten="30,2000,0" yaku="8,1,54,1" doraHai="59" who="3" fromWho="2" sc="250,0,250,0,240,-20,250,30" />
</Scene>
<Scene>
<INIT seed="1,0,0,0,4,64" ten="250,250,220,280" oya="1" hai0="6,21,135,129,7,37,86,48,66,45,98,73,88" hai1="18,14,5,93,82,83,32,65,39,77,78,34,120" hai2="30,76,15,75,20,94,68,90,44,107,3,115,128" hai3="31,117,41,80,71,67,101,110,72,12,52,42,116"/><U57/><E120/><V54/><F3/><W85/><G72/><T95/><D129/><U17/><E39/><V47/><F107/><W79/><G101/><T102/><D135/><U130/><E130/><V51/><F128/><W127/><G31/><T97/><D73/><U105/><E105/><V46/><F115/><W84/><G127/><T61/><D37/><U35/><E5/><V58/><F68/><W33/><G33/><T112/><D97/><U92/><E65/><V133/><F133/><W53/><G110/><T96/><D96/><U59/><E35/><V132/><F132/><W111/><G111/><T4/><D21/><U99/><E99/><N who="2" m="57815" /><F75/><W109/><G109/><T134/><D134/><U40/><E14/><V62/><F76/><W22/><G85/><T26/><D26/><U123/><E123/><V50/><F30/><W108/><G108/><T55/><D112/><U28/><E28/><V100/><F100/><W13/><G71/><T29/><D29/><U131/><E131/><V69/><F69/><W36/><G36/><T24/><D24/><U114/><REACH who="1" step="1"/><E40/><REACH who="1" ten="250,240,220,280" step="2"/><V113/><F113/><AGARI ba="0,1" hai="17,18,32,34,57,59,77,78,82,83,92,93,113,114" machi="113" ten="25,9600,0" yaku="1,1,2,1,22,2,53,0" doraHai="64" doraHaiUra="43" who="1" fromWho="2" sc="250,0,240,106,220,-96,280,0" />
</Scene>
<Scene>
<INIT seed="1,1,0,2,1,131" ten="250,346,124,280" oya="1" hai0="6,65,80,127,63,98,86,17,112,15,56,9,12" hai1="132,29,104,7,39,14,75,72,81,96,103,30,71" hai2="16,101,135,116,11,128,95,28,51,54,62,8,52" hai3="32,129,70,60,53,27,122,2,18,68,77,78,61"/><U50/><E39/><V24/><F116/><W82/><G2/><T23/><D127/><U25/><E71/><V89/><F128/><W19/><G129/><T36/><D36/><U100/><E132/><V79/><F101/><W47/><G47/><T43/><D43/><U88/><E29/><V73/><F135/><W125/><G82/><T130/><D130/><U45/><E100/><V113/><F113/><W118/><G27/><T33/><D33/><U20/><E7/><V126/><F126/><W42/><G125/><T90/><REACH who="0" step="1"/><D98/><REACH who="0" ten="240,346,124,280" step="2"/><U10/><E96/><N who="2" m="57455" /><F73/><W105/><G32/><T115/><AGARI ba="1,1" hai="6,9,12,15,17,23,56,63,65,80,86,90,112,115" machi="115" ten="30,4000,0" yaku="1,1,0,1,53,1" doraHai="131" doraHaiUra="59" who="0" fromWho="0" sc="240,53,346,-21,124,-11,280,-11" />
</Scene>
<Scene>
<INIT seed="2,0,0,5,4,82" ten="293,325,113,269" oya="2" hai0="59,106,135,6,55,23,80,123,57,104,128,11,45" hai1="34,32,77,132,50,99,102,73,81,113,53,39,120" hai2="130,78,42,3,1,114,25,111,65,86,91,117,52" hai3="121,103,76,133,67,33,31,35,20,90,12,129,69"/><V43/><F114/><W110/><G103/><T22/><D123/><U2/><E113/><V71/><F117/><W89/><G76/><T98/><D128/><U75/><E39/><V60/><F130/><W0/><G67/><T119/><D119/><U54/><E2/><V16/><F78/><W14/><G20/><T83/><D45/><U7/><E7/><V61/><F111/><W100/><G100/><T9/><D98/><U62/><E120/><V125/><F125/><W38/><G31/><T109/><D6/><U36/><E36/><V118/><F118/><W94/><G94/><T72/><D55/><U40/><E75/><V105/><F105/><W92/><G92/><T96/><D96/><U49/><E62/><V131/><F131/><W30/><G30/><T85/><D135/><U124/><E40/><V108/><F108/><W47/><G47/><T63/><D63/><U5/><E5/><V58/><F1/><W56/><G0/><T15/><D15/><U64/><E64/><V74/><F74/><W28/><G129/><T19/><D19/><U126/><E132/><V134/><F3/><W13/><G133/><T27/><D72/><U8/><E126/><V122/><F122/><W116/><G121/><T87/><REACH who="0" step="1"/><D27/><REACH who="0" ten="283,325,113,269" step="2"/><U127/><E127/><V101/><F134/><W29/><G12/><T115/><D115/><U68/><E124/><V18/><F25/><W46/><G116/><T107/><D107/><U48/><E73/><V70/><F61/><W4/><G13/><T21/><D21/><U88/><E99/><V95/><F60/><W112/><G112/><RYUUKYOKU ba="0,1" sc="283,30,325,-10,113,-10,269,-10" hai0="9,11,22,23,57,59,80,83,85,87,104,106,109" />
</Scene>
<Scene>
<INIT seed="3,1,1,3,5,117" ten="313,315,103,259" oya="3" hai0="99,94,78,114,27,129,50,132,103,14,108,86,105" hai1="83,18,93,39,124,97,1,38,109,112,66,133,48" hai2="10,53,73,61,59,42,30,31,41,57,71,43,116" hai3="32,60,17,29,45,101,69,102,134,55,67,85,34"/><W91/><G134/><T131/><D114/><U92/><E112/><V40/><F73/><W84/><G84/><T106/><D132/><U54/><E133/><V3/><F116/><W13/><G55/><T5/><D27/><U72/><E1/><V98/><N who="2" m="10240" /><DORA hai="51" /><V120/><F71/><W104/><G45/><T28/><D28/><U107/><E109/><V126/><F126/><W15/><G15/><T125/><D108/><U82/><E124/><V100/><F120/><W119/><G119/><T6/><D125/><U49/><E107/><V21/><F21/><W68/><G68/><T77/><D50/><U75/><E97/><V46/><F46/><W62/><G62/><T74/><D14/><U115/><E115/><V79/><F79/><N who="0" m="30218" /><D74/><U19/><E66/><V22/><F22/><W44/><G44/><T123/><D86/><U25/><E25/><V90/><F90/><W118/><G118/><T35/><D35/><U47/><E47/><V96/><F59/><W56/><G56/><T36/><D36/><U70/><E70/><V4/><REACH who="2" step="1"/><F96/><REACH who="2" ten="313,315,93,259" step="2"/><W24/><G34/><T95/><D123/><U11/><E75/><V121/><F121/><W113/><G113/><T65/><D99/><U88/><E72/><V12/><F12/><W87/><G91/><T130/><D103/><U7/><E88/><V0/><F0/><W16/><G101/><T33/><D129/><U122/><E122/><V128/><F128/><W58/><G102/><T52/><D130/><U20/><E38/><V110/><F110/><W111/><G111/><T8/><D131/><U127/><E39/><RYUUKYOKU ba="1,2" sc="313,-10,315,-10,93,30,259,-10" hai2="3,4,10,30,31,53,57,61,98,100" />
</Scene>
<Scene>
<INIT seed="4,2,2,4,3,124" ten="303,305,123,249" oya="0" hai0="4,86,130,129,80,36,50,27,132,58,83,110,31" hai1="57,73,9,100,93,26,40,62,43,49,119,127,135" hai2="84,20,22,112,81,30,14,51,71,126,13,99,85" hai3="74,25,108,12,97,120,103,104,117,69,134,65,53"/><T44/><D132/><U88/><E119/><V102/><F71/><W60/><G117/><T91/><D110/><U72/><E127/><V113/><F126/><W29/><G108/><T95/><D36/><U45/><E135/><V76/><F51/><W82/><G134/><T47/><D4/><U10/><E100/><V123/><F123/><W23/><G120/><T109/><D109/><U0/><E43/><V28/><F85/><W122/><G122/><T46/><D58/><U37/><E37/><V66/><F66/><W11/><G53/><T78/><D50/><U56/><E26/><V96/><F22/><W116/><G116/><T8/><D8/><U131/><E131/><N who="0" m="50185" /><D78/><U35/><E57/><V106/><F99/><W42/><G11/><T48/><D48/><U52/><E10/><V107/><F107/><W59/><G104/><T94/><D94/><U3/><E9/><V101/><F101/><W115/><G103/><T79/><D79/><U21/><E49/><V68/><F68/><W111/><G69/><T90/><D90/><U34/><E88/><V121/><F121/><W2/><G59/><T128/><N who="0" m="50193" /><T55/><DORA hai="77" /><D55/><U89/><E52/><V98/><F76/><W114/><G111/><T87/><D87/><U6/><E56/><V1/><F84/><W24/><G74/><T38/><D38/><U63/><E73/><V18/><F106/><W54/><G54/><T41/><D41/><U33/><E72/><V39/><F39/><W5/><G42/><T105/><D105/><U32/><N who="1" m="8192" /><DORA hai="133" /><U75/><E75/><V118/><F118/><RYUUKYOKU ba="2,2" sc="303,30,305,-10,123,-10,249,-10" hai0="27,31,44,46,47,80,83,86,91,95" />
</Scene>
<Scene>
<INIT seed="4,3,2,2,3,48" ten="333,295,113,239" oya="0" hai0="18,54,131,15,77,100,23,5,32,72,81,9,11" hai1="53,90,69,61,8,102,122,34,93,84,62,38,35" hai2="101,63,67,26,56,85,133,59,2,30,14,1,105" hai3="7,6,16,70,83,125,88,52,115,31,41,50,97"/><T99/><D131/><U94/><E122/><V55/><F133/><W91/><G70/><T40/><D32/><U92/><E38/><V130/><F130/><W132/><G132/><T129/><D129/><U33/><E102/><V60/><F85/><N who="3" m="50239" /><G41/><T10/><D40/><U128/><E128/><V106/><F14/><W58/><G115/><T29/><D29/><U113/><E113/><V24/><F24/><W76/><G125/><T75/><D54/><U57/><REACH who="1" step="1"/><E8/><REACH who="1" ten="333,285,113,239" step="2"/><V104/><REACH who="2" step="1"/><F101/><REACH who="2" ten="333,285,103,239" step="2"/><W110/><G110/><T12/><REACH who="0" step="1"/><D75/><REACH who="0" ten="323,285,103,239" step="2"/><U127/><E127/><V45/><F45/><W134/><G134/><T80/><D80/><U135/><E135/><V44/><F44/><W49/><G31/><T95/><AGARI ba="3,5" hai="5,9,10,11,12,15,18,23,72,77,81,95,99,100" machi="95" ten="20,3900,0" yaku="1,1,0,1,7,1,53,0" doraHai="48" doraHaiUra="21" who="0" fromWho="0" sc="323,98,285,-16,103,-16,239,-16" />
</Scene>
<Scene>
<INIT seed="4,4,0,0,1,42" ten="421,269,87,223" oya="0" hai0="20,99,113,90,50,28,1,64,79,19,4,96,72" hai1="100,38,21,13,51,108,27,6,58,8,67,17,75" hai2="122,126,135,91,115,49,94,81,106,26,107,87,84" hai3="95,110,62,129,57,45,89,22,101,24,70,43,31"/><T52/><D113/><U65/><E108/><V125/><F49/><W41/><G110/><T74/><D28/><U131/><E38/><V130/><F26/><W39/><G129/><T127/><D127/><N who="2" m="48650" /><F122/><W15/><G41/><T128/><D64/><U11/><E131/><V18/><F18/><W60/><G101/><T76/><D4/><U68/><E75/><V55/><F55/><W69/><G15/><T37/><D1/><U114/><E114/><V85/><F115/><W66/><REACH who="3" step="1"/><G60/><REACH who="3" ten="421,269,87,213" step="2"/><T82/><D128/><U105/><E100/><V30/><F130/><W0/><G0/><T109/><D109/><U111/><E111/><V46/><F135/><W73/><G73/><T29/><D74/><U9/><E13/><V10/><F10/><W63/><G63/><T33/><D72/><U118/><E9/><V56/><F30/><W121/><G121/><T14/><D29/><U93/><E8/><V40/><F40/><W123/><G123/><T59/><D37/><U3/><E11/><V103/><F103/><W23/><G23/><T120/><D120/><U117/><E21/><V25/><F25/><W83/><G83/><T12/><D12/><U2/><E27/><V35/><F81/><W48/><G48/><T36/><D36/><U16/><E51/><V98/><F35/><W80/><G80/><T5/><D82/><U44/><E2/><V34/><F34/><W124/><G124/><T53/><D33/><U54/><E3/><V92/><F107/><W134/><G134/><T97/><D50/><N who="1" m="28999" /><E105/><V112/><F106/><W47/><G47/><T104/><D104/><RYUUKYOKU ba="4,1" sc="421,-10,269,-10,87,-10,213,30" hai3="22,24,31,39,43,45,57,62,66,69,70,89,95" />
</Scene>
<Scene>
<INIT seed="5,5,1,0,5,101" ten="411,259,77,243" oya="1" hai0="19,120,94,81,30,100,88,13,71,77,66,63,85" hai1="102,16,72,1,38,121,79,95,47,111,110,54,51" hai2="103,112,118,62,106,52,87,123,27,109,55,43,33" hai3="130,127,59,6,18,76,48,23,26,57,133,46,2"/><U73/><E121/><V65/><F109/><N who="1" m="41481" /><E1/><V4/><F123/><W124/><G76/><T78/><D120/><U39/><E79/><V116/><F43/><W125/><G133/><T56/><D30/><U128/><E128/><V74/><F74/><N who="1" m="28777" /><E16/><V50/><F4/><W84/><G84/><T60/><D100/><U70/><E70/><N who="2" m="42295" /><F112/><W82/><G82/><T34/><D81/><U96/><AGARI ba="5,1" hai="38,39,47,51,54,95,96,102" m="28777,41481" machi="96" ten="40,2100,0" yaku="10,1" doraHai="101" who="1" fromWho="1" sc="411,-12,259,46,77,-12,243,-12" />
</Scene>
<Scene>
<INIT seed="5,6,0,2,5,106" ten="399,305,65,231" oya="1" hai0="115,9,11,62,118,46,67,89,24,17,53,101,36" hai1="25,125,0,30,79,37,122,22,130,73,45,33,70" hai2="48,83,91,103,49,34,99,59,94,88,107,96,43" hai3="119,68,95,21,58,92,93,82,2,8,13,26,23"/><U61/><E122/><V14/><F34/><W41/><G68/><T78/><D115/><U39/><E130/><V87/><F43/><W63/><G2/><T113/><D113/><U90/><E125/><V104/><F59/><W5/><G119/><T135/><D135/><U32/><E90/><V15/><F107/><W110/><G110/><T7/><D78/><U128/><E128/><V64/><F64/><W85/><G41/><T134/><D89/><U127/><E127/><V1/><F1/><W31/><G21/><T16/><D101/><U72/><E22/><V105/><REACH who="2" step="1"/><F104/><REACH who="2" ten="399,305,55,231" step="2"/><W10/><G10/><T4/><D11/><U19/><E33/><V38/><F38/><W55/><REACH who="3" step="1"/><G95/><REACH who="3" ten="399,305,55,221" step="2"/><T123/><D9/><U20/><E0/><V69/><F69/><W131/><G131/><T28/><D118/><U120/><E70/><V112/><F112/><W81/><G81/><T75/><D134/><U51/><E32/><V42/><F42/><W71/><G71/><T3/><D3/><U84/><E39/><V109/><F109/><W114/><G114/><T76/><D36/><U111/><E37/><V66/><F66/><W40/><G40/><T129/><D67/><U35/><E35/><V116/><F116/><W133/><G133/><T132/><D129/><U100/><E111/><V108/><F108/><W117/><G117/><T56/><D132/><U44/><E120/><V97/><F97/><W18/><G18/><T47/><D123/><U98/><E19/><V52/><F52/><W54/><G54/><T12/><D17/><U74/><E98/><V50/><AGARI ba="6,2" hai="14,15,48,49,50,83,87,88,91,94,96,99,103,105" machi="50" ten="30,7900,0" yaku="1,1,5,1,0,1,54,1,53,0" doraHai="106" doraHaiUra="27" who="2" fromWho="2" sc="399,-26,305,-45,55,117,221,-26" />
</Scene>
<Scene>
<INIT seed="6,0,0,3,4,68" ten="373,260,172,195" oya="2" hai0="32,66,12,88,92,94,1,2,42,124,55,60,123" hai1="49,64,111,16,23,50,79,118,91,129,63,8,130" hai2="128,126,95,5,133,76,62,37,33,7,17,4,43" hai3="9,34,35,71,86,21,109,38,51,70,28,100,65"/><V78/><F33/><W113/><G38/><T82/><D123/><U61/><E111/><V59/><F126/><W135/><G109/><T41/><D32/><U134/><E118/><V48/><F37/><W74/><G74/><T119/><D124/><U18/><E134/><V125/><F125/><W105/><G135/><T30/><D30/><U20/><E79/><V77/><F133/><W131/><G21/><T40/><D119/><U99/><E8/><V107/><F107/><W11/><G86/><N who="0" m="50263" /><D2/><U13/><E91/><V121/><F121/><W46/><G28/><T58/><D1/><U81/><E81/><V112/><F112/><W96/><G105/><T97/><D12/><U103/><E99/><V36/><F36/><W10/><G96/><T114/><D114/><U110/><E103/><V22/><F128/><N who="1" m="49257" /><E110/><V15/><F95/><N who="0" m="36394" /><D97/><U106/><E106/><V3/><F3/><W116/><G113/><T26/><D26/><N who="1" m="14599" /><E63/><V27/><F62/><W45/><G116/><T122/><D122/><U89/><E89/><V75/><F75/><W29/><G131/><T73/><D73/><U57/><AGARI ba="0,0" hai="13,18,23,49,50,57,61,64" m="14599,49257" machi="57" ten="30,2000,0" yaku="19,1,54,1" doraHai="68" who="1" fromWho="1" sc="373,-5,260,20,172,-10,195,-5" />
</Scene>
<Scene>
<INIT seed="7,0,0,0,5,11" ten="368,280,162,190" oya="3" hai0="57,62,121,107,73,58,83,55,95,67,15,74,2" hai1="37,123,82,127,94,3,9,96,42,40,22,133,69" hai2="86,100,97,84,126,130,110,99,125,23,36,10,105" hai3="72,135,117,132,52,68,41,81,78,118,44,35,14"/><W116/><G68/><T43/><D2/><U34/><E34/><V46/><F110/><W56/><G35/><T89/><D121/><U129/><E123/><V98/><F23/><W7/><G7/><T49/><D107/><U17/><E69/><V90/><F10/><W71/><G71/><T119/><D83/><U115/><E37/><V122/><F36/><W27/><G27/><T131/><D119/><U114/><E129/><V53/><F46/><W33/><G33/><T65/><D43/><U13/><E133/><V111/><F53/><W104/><G104/><T75/><D15/><U64/><E64/><V54/><F54/><W25/><G25/><T12/><D12/><N who="1" m="9511" /><E82/><N who="2" m="49431" /><F122/><W61/><REACH who="3" step="1"/><G14/><REACH who="3" ten="368,280,162,180" step="2"/><T76/><D131/><U87/><E13/><V6/><F6/><W79/><G79/><T120/><D76/><U85/><E3/><V5/><F5/><W24/><G24/><T106/><D106/><U18/><E18/><V113/><F130/><W0/><G0/><T109/><D120/><U108/><E108/><V4/><F4/><W39/><AGARI ba="0,1" hai="39,41,44,52,56,61,72,78,81,116,117,118,132,135" machi="39" ten="40,7800,0" yaku="1,1,0,1,54,1,53,0" doraHai="11" doraHaiUra="91" who="3" fromWho="3" sc="368,-26,280,-26,162,-26,180,88" />
</Scene>
<Scene>
<INIT seed="7,1,0,2,1,115" ten="342,254,136,268" oya="3" hai0="46,126,34,112,71,41,72,52,60,83,127,81,69" hai1="61,12,101,105,91,43,114,86,131,82,121,73,68" hai2="95,14,118,2,13,109,79,55,37,77,124,104,39" hai3="87,8,23,56,117,50,88,25,92,3,134,129,29"/><W62/><G134/><T45/><D34/><U103/><E121/><V16/><F104/><W1/><G129/><T30/><D30/><U0/><E0/><V96/><F109/><W122/><G122/><T135/><D135/><U63/><E114/><V47/><F2/><W120/><G120/><T108/><D108/><U85/><E131/><V35/><F35/><W74/><G74/><T70/><D112/><U97/><E68/><V133/><F133/><W132/><G132/><T113/><D113/><U15/><E73/><V128/><F128/><W32/><G117/><T11/><D72/><U40/><E105/><V59/><F124/><N who="0" m="47658" /><D11/><U67/><E67/><V9/><F118/><W49/><G32/><T21/><D21/><U130/><E130/><V76/><F47/><N who="0" m="17930" /><D41/><U26/><E26/><V64/><F64/><W125/><G125/><T51/><D60/><N who="1" m="23115" /><E97/><V111/><F111/><W6/><REACH who="3" step="1"/><G3/><REACH who="3" ten="342,254,136,258" step="2"/><T99/><D99/><U78/><E43/><V4/><F59/><AGARI ba="1,1" hai="51,52,59,69,70,71,81,83" m="17930,47658" machi="59" ten="40,2600,0" yaku="18,1,54,1" doraHai="115" who="0" fromWho="2" sc="342,39,254,0,136,-29,258,0" owari="381,48.0,254,-15.0,107,-39.0,258,6.0" />
</Scene>
</mjloggm>