<mjloggm ver="2.3"><GO type="169" lobby="0"/><UN n0="%E6%AD%A6%E5%A3%AB%E6%B2%A2%E7%A7%80%E8%A1%8C" n1="%E6%94%B9%E6%82%9B%E4%B8%80%E5%8F%B7" n2="%E3%81%B4%E3%81%AE" n3="%41%53%41%50%49%4E" dan="16,16,16,19" rate="2099.55,2123.40,2097.84,2313.91" sx="M,M,M,M"/><TAIKYOKU oya="0"/>

<Scene>
<INIT seed="0,0,0,5,2,102" ten="250,250,250,250" oya="0" hai0="39,54,80,99,122,40,11,44,86,66,71,97,4" hai1="42,2,70,95,34,59,96,50,49,61,82,65,98" hai2="60,52,32,90,110,47,105,33,53,75,3,117,130" hai3="43,27,83,29,36,81,116,77,76,5,15,57,78"/><T68/><D122/><U104/><E34/><V134/><F3/><W37/><G116/><T128/><D128/><U135/><E2/><V106/><F75/><W84/><G43/><T119/><D119/><U94/><E135/><V10/><F117/><W79/><G83/><T67/><D54/><U26/><E26/><V8/><F47/><W24/><G24/><T111/><D111/><U12/><E12/><V125/><F60/><W115/><G115/><T88/><D67/><U74/><E42/><V100/><F100/><W35/><N who="3" m="19456" /><DORA hai="92" /><W20/><G57/><T14/><D66/><U22/><E74/><V48/><F90/><W87/><G20/><T23/><REACH who="0" step="1"/><D23/><REACH who="0" ten="240,250,250,250" step="2"/><U38/><E65/><V25/><F110/><W16/><G35/><T19/><D19/><U108/><E22/><V69/><F130/><W41/><G16/><T51/><D51/><U91/><E50/><V114/><F48/><W113/><G36/><T31/><D31/><U18/><E49/><V46/><F53/><W89/><G29/><T28/><D28/><U93/><E38/><V118/><F52/><W123/><G37/><T55/><D55/><U64/><E108/><V58/><F118/><W21/><G123/><T101/><D101/><U126/><E18/><V17/><F17/><W107/><G21/><T132/><D132/><U124/><E64/><V129/><F134/><W30/><G30/><T9/><D9/><U45/><E70/><AGARI ba="0,1" hai="4,11,14,39,40,44,68,70,71,80,86,88,97,99" machi="70" ten="40,12000,1" yaku="1,1,52,2,54,1,53,1" doraHai="102,92" doraHaiUra="131,6" who="0" fromWho="1" sc="240,130,250,-120,250,0,250,0" />
</Scene>
<Scene>
<INIT seed="0,1,0,3,1,12" ten="370,130,250,250" oya="0" hai0="89,116,22,122,120,75,44,104,66,99,48,86,69" hai1="105,80,79,19,7,81,26,43,117,94,42,112,49" hai2="113,30,63,35,129,118,61,115,64,91,33,11,74" hai3="17,134,124,58,71,13,78,87,97,68,28,109,38"/><T3/><D116/><U62/><E117/><V10/><F118/><W93/><G38/><T128/><D128/><U73/><E105/><V1/><F74/><W126/><G109/><T53/><D75/><U54/><E112/><V31/><F64/><W29/><G134/><T6/><D66/><U76/><E7/><V32/><F32/><W8/><G58/><T56/><D69/><U121/><E121/><V14/><F14/><W107/><G107/><T39/><D22/><U84/><E62/><V111/><F91/><W119/><G119/><T25/><D25/><U108/><E108/><V5/><F5/><W34/><G87/><T4/><D122/><U131/><E131/><V96/><F96/><W85/><G85/><T15/><D120/><U2/><E2/><V72/><F72/><W46/><G46/><T23/><D3/><U52/><E94/><V9/><F9/><W95/><G78/><T114/><D114/><U133/><E133/><V132/><F1/><W50/><G93/><N who="0" m="54455" /><D99/><U88/><E79/><V135/><F129/><W55/><G68/><T82/><D82/><U37/><E37/><V40/><F111/><W47/><G71/><T51/><D39/><U41/><REACH who="1" step="1"/><E49/><REACH who="1" ten="370,120,250,250" step="2"/><V65/><F65/><W92/><G92/><T98/><D104/><U123/><E123/><V106/><F106/><W67/><G67/><T57/><D48/><U110/><E110/><V101/><F115/><W16/><G50/><T83/><D51/><U36/><E36/><V77/><F113/><W18/><G97/><T130/><D98/><U27/><E27/><V45/><F135/><RYUUKYOKU ba="1,1" sc="370,-10,120,30,250,-10,250,-10" hai1="19,26,41,42,43,52,54,73,76,80,81,84,88" />
</Scene>
<Scene>
<INIT seed="1,2,1,2,1,45" ten="360,150,240,240" oya="1" hai0="101,8,37,11,74,115,66,127,28,59,75,47,17" hai1="83,26,88,31,38,111,54,13,121,2,86,72,10" hai2="71,100,36,89,42,14,46,39,9,70,122,20,94" hai3="27,29,135,64,34,92,63,1,129,128,50,16,67"/><U87/><E121/><V6/><F122/><W43/><G1/><T57/><D115/><U25/><E2/><V95/><F39/><W69/><G135/><T130/><D130/><N who="3" m="50281" /><G67/><T124/><D101/><U32/><E38/><V3/><F100/><W108/><G108/><T0/><D28/><U21/><E72/><N who="0" m="27689" /><D17/><U123/><E123/><V82/><F82/><W132/><G132/><T93/><D93/><U133/><E133/><V112/><F112/><W51/><G43/><N who="0" m="23023" /><D66/><U103/><E111/><V30/><F95/><W53/><G53/><T7/><D11/><U131/><E131/><V12/><F12/><W76/><G76/><T5/><D5/><U96/><E86/><V113/><F113/><W134/><G134/><T79/><D79/><U15/><E54/><V23/><F23/><W68/><G92/><T99/><D99/><U61/><E61/><V114/><F114/><W104/><G104/><T97/><D97/><U22/><E10/><V65/><F65/><W102/><G102/><T107/><D107/><U80/><E80/><V48/><F48/><N who="3" m="18475" /><G16/><T33/><D0/><U18/><REACH who="1" step="1"/><E32/><REACH who="1" ten="360,140,240,240" step="2"/><V4/><F3/><W98/><G98/><T110/><D33/><U85/><E85/><V117/><F9/><W109/><G109/><T78/><D8/><U56/><E56/><AGARI ba="2,2" hai="27,29,34,56,63,64,68,69" m="18475,50281" machi="56" ten="30,7700,0" yaku="19,1,52,3" doraHai="45" who="3" fromWho="1" sc="360,0,140,-83,240,0,240,103" />
</Scene>
<Scene>
<INIT seed="2,0,0,0,1,112" ten="360,57,240,343" oya="2" hai0="77,28,42,109,54,46,103,43,85,114,125,79,115" hai1="64,50,3,29,116,80,4,19,91,96,65,27,13" hai2="127,7,101,120,98,121,57,76,51,126,44,58,66" hai3="31,55,90,129,25,35,61,97,133,134,100,86,106"/><V12/><F76/><W124/><G129/><T17/><D109/><U49/><E3/><V93/><F7/><W67/><G124/><N who="2" m="47657" /><F12/><W132/><G55/><T30/><D125/><U95/><E4/><V48/><F48/><W59/><G86/><T62/><D103/><U11/><E80/><V45/><F45/><W24/><G90/><T38/><D17/><U21/><REACH who="1" step="1"/><E116/><REACH who="1" ten="360,47,240,343" step="2"/><V84/><F121/><W99/><G132/><T94/><D114/><U122/><E122/><V40/><F120/><W69/><G133/><T47/><D115/><U22/><E22/><V88/><F66/><AGARI ba="0,1" hai="11,13,19,21,27,29,49,50,64,65,66,91,95,96" machi="66" ten="40,2600,0" yaku="1,1,8,1,53,0" doraHai="112" doraHaiUra="105" who="1" fromWho="2" sc="360,0,47,36,240,-26,343,0" />
</Scene>
<Scene>
<INIT seed="3,0,0,0,1,43" ten="360,83,214,343" oya="3" hai0="14,120,108,6,11,57,81,9,60,115,56,88,38" hai1="27,18,91,67,13,124,126,47,25,134,28,7,94" hai2="104,30,103,61,20,80,12,129,122,72,77,119,105" hai3="5,86,102,75,133,2,36,107,100,83,68,50,73"/><W22/><G68/><T106/><D120/><U84/><E134/><V10/><F119/><W15/><G36/><T46/><D108/><U55/><E7/><V82/><F122/><W37/><G37/><T23/><D106/><U24/><E67/><V132/><F132/><W35/><G35/><T92/><D115/><U95/><E28/><V53/><F103/><W131/><G133/><T45/><D38/><U48/><REACH who="1" step="1"/><E95/><REACH who="1" ten="360,73,214,343" step="2"/><V85/><F30/><W76/><G5/><T54/><D81/><U70/><E70/><V17/><F80/><W125/><G83/><T114/><D114/><U78/><E78/><V41/><F82/><W40/><G76/><T42/><D42/><U63/><E63/><V101/><F41/><W0/><G40/><T19/><D57/><U93/><E93/><V16/><F77/><W66/><G107/><T79/><D79/><U97/><E97/><V52/><F61/><W58/><G58/><T118/><D118/><U49/><E49/><V127/><F104/><W29/><G50/><T21/><D21/><AGARI ba="0,1" hai="13,18,21,24,25,27,47,48,55,84,91,94,124,126" machi="21" ten="40,2600,0" yaku="1,1,52,1,53,0" doraHai="43" doraHaiUra="65" who="1" fromWho="0" sc="360,-26,73,36,214,0,343,0" />
</Scene>
<Scene>
<INIT seed="4,0,0,3,2,20" ten="334,109,214,343" oya="0" hai0="88,70,35,135,11,12,48,117,46,134,57,120,128" hai1="90,2,61,86,25,112,102,113,62,42,28,129,4" hai2="126,51,106,133,19,122,49,26,101,47,69,32,56" hai3="85,89,123,109,83,31,15,16,37,38,107,131,99"/><T6/><D120/><U75/><E75/><V127/><F122/><W36/><G109/><T130/><D70/><U39/><E129/><N who="0" m="49769" /><D117/><U80/><E102/><V21/><F69/><W104/><G123/><T111/><D111/><U77/><E77/><V91/><F133/><N who="0" m="50698" /><D35/><U73/><E73/><V65/><F32/><W82/><G131/><T34/><D34/><U105/><E105/><V18/><F106/><W0/><G0/><T29/><D29/><U5/><E42/><V79/><F101/><W108/><G31/><T45/><D88/><U52/><E39/><V94/><F79/><W96/><G108/><T40/><D46/><U116/><E116/><V92/><F47/><W30/><G30/><T132/><N who="0" m="50706" /><T66/><DORA hai="1" /><D57/><N who="1" m="34983" /><E2/><V50/><F56/><W8/><G99/><T22/><D22/><N who="1" m="15415" /><E62/><V17/><F21/><W81/><G89/><T60/><D60/><U97/><E97/><V13/><F91/><W103/><G96/><T115/><D115/><AGARI ba="0,0" hai="4,5,80,86,90,112,113,115" m="15415,34983" machi="115" ten="30,12000,2" yaku="15,1,11,1,52,3,54,1" doraHai="20,1" who="1" fromWho="0" sc="334,-120,109,120,214,0,343,0" />
</Scene>
<Scene>
<INIT seed="5,0,0,5,4,29" ten="214,229,214,343" oya="1" hai0="104,95,7,48,4,103,45,98,115,27,60,86,49" hai1="32,91,35,112,56,68,88,89,65,1,74,22,107" hai2="64,77,100,17,105,129,6,15,75,34,79,42,36" hai3="118,113,10,130,26,55,61,92,111,82,47,70,25"/><U8/><E107/><V63/><F129/><W83/><G111/><T81/><D115/><U24/><E74/><V12/><F36/><W50/><G113/><T37/><D104/><U41/><E112/><V76/><F42/><W102/><G130/><T117/><D117/><U135/><E68/><V116/><F116/><W5/><G118/><T57/><D37/><U40/><E135/><V134/><F134/><W128/><G128/><T121/><D121/><U72/><E72/><V126/><F126/><W3/><G26/><T58/><D27/><U122/><E122/><V44/><F44/><W119/><G119/><T33/><D33/><U125/><E125/><V127/><F34/><W19/><G102/><T38/><D38/><U30/><E40/><V66/><F6/><W39/><G92/><T31/><D31/><U78/><E78/><V99/><F66/><W108/><G108/><T131/><D131/><U52/><E41/><V9/><F15/><W20/><REACH who="3" step="1"/><G39/><REACH who="3" ten="214,229,214,333" step="2"/><T120/><D120/><U133/><E24/><V0/><F100/><W13/><G13/><T14/><D14/><U43/><E133/><V53/><F12/><W114/><G114/><T110/><D110/><U132/><E132/><V85/><F127/><W124/><G124/><T101/><D101/><U109/><E109/><V93/><F93/><W71/><G71/><T2/><D2/><U80/><E1/><V69/><F0/><W18/><G18/><T46/><D103/><U90/><E30/><V59/><F17/><W51/><G51/><T123/><D49/><U96/><E80/><V97/><F69/><RYUUKYOKU ba="0,1" sc="214,-10,229,-10,214,-10,333,30" hai3="3,5,10,19,20,25,47,50,55,61,70,82,83" />
</Scene>
<Scene>
<INIT seed="6,1,1,0,3,12" ten="204,219,204,363" oya="2" hai0="11,36,67,114,102,34,13,82,124,52,47,100,84" hai1="73,49,38,43,129,130,55,27,19,117,33,75,76" hai2="4,28,60,63,135,91,57,21,101,31,133,16,96" hai3="30,59,68,42,81,88,64,112,6,126,83,77,123"/><V20/><F4/><W87/><G123/><T98/><D114/><U7/><E117/><V51/><F91/><W92/><G112/><T89/><D124/><U93/><E7/><V56/><F51/><W1/><G126/><T109/><D109/><U113/><E113/><V131/><F96/><W72/><G68/><T44/><D34/><U25/><E93/><V128/><F101/><N who="0" m="39018" /><D36/><U2/><E2/><V53/><F53/><W97/><G30/><T22/><D67/><U125/><E125/><V103/><F103/><W105/><G105/><T111/><D111/><U121/><E121/><V110/><F110/><W74/><G42/><T71/><D71/><U120/><E120/><V85/><F85/><W15/><G1/><T90/><D22/><U99/><E43/><V95/><F95/><W29/><G81/><T86/><D98/><U70/><E99/><V78/><F78/><W14/><G6/><N who="0" m="3319" /><D52/><U132/><E55/><V41/><F41/><W18/><G77/><T10/><D10/><U94/><E76/><V61/><F61/><W3/><G92/><AGARI ba="1,1" hai="44,47,82,84,86,89,90,92" m="3319,39018" machi="92" ten="30,1000,0" yaku="8,1" doraHai="12" who="0" fromWho="3" sc="204,23,219,0,204,0,363,-13" />
</Scene>
<Scene>
<INIT seed="7,0,0,3,5,76" ten="227,219,204,350" oya="3" hai0="78,95,42,103,21,102,59,12,6,0,127,70,123" hai1="20,133,112,88,66,87,124,122,29,33,118,38,128" hai2="9,36,35,43,64,1,49,61,99,126,52,27,117" hai3="96,11,90,110,75,50,24,104,2,55,4,73,109"/><W26/><G104/><T116/><D123/><U57/><E122/><V41/><F117/><W101/><G90/><T16/><D70/><U48/><E38/><V130/><F36/><W8/><G8/><N who="0" m="4119" /><D0/><U94/><E33/><V135/><F135/><W58/><G96/><T71/><D71/><U83/><E118/><V125/><F130/><W68/><G101/><T100/><D127/><N who="2" m="48650" /><F99/><W85/><G85/><T84/><D116/><U7/><E124/><V10/><F35/><W62/><G68/><T80/><D42/><N who="2" m="15882" /><F1/><W91/><G91/><T72/><D72/><U5/><E128/><V105/><F105/><W25/><G73/><T82/><D59/><U115/><E133/><V19/><F27/><W39/><G26/><N who="0" m="14631" /><D80/><U69/><E83/><V3/><F19/><W79/><G2/><T56/><D56/><U54/><E69/><N who="2" m="42127" /><F3/><W89/><G39/><T131/><D131/><U77/><E57/><AGARI ba="0,0" hai="9,10,49,52,57" m="42127,15882,48650" machi="57" ten="30,2000,0" yaku="18,1,54,1" doraHai="76" who="2" fromWho="1" sc="227,0,219,-20,204,20,350,0" owari="227,3.0,199,-30.0,224,-18.0,350,45.0" />
</Scene>
</mjloggm>