<mjloggm ver="2.3"><GO type="169"/><UN n0="%E9%96%A2%E7%99%BD%E5%A4%B1%E8%84%9A" n1="%41%53%41%50%49%4E" n2="%E3%81%94%E3%81%98%E3%82%83%E3%82%8B" n3="%E3%82%A2%E3%83%8B%E3%82%AA%E3%83%B3" dan="17,19,18,16" rate="2142,2273,2275,2094" sx="M,M,M,F"/><TAIKYOKU oya="0"/>

<Scene>
<INIT seed="0,0,0,5,2,90" ten="250,250,250,250" oya="0" hai0="54,58,51,0,2,117,47,81,95,44,14,68,10" hai1="108,124,42,71,23,48,24,112,100,116,25,87,97" hai2="125,131,3,69,126,50,98,36,55,118,57,30,129" hai3="60,85,103,35,41,18,79,20,91,105,5,76,52"/><T64/><D117/><U22/><E116/><V46/><F3/><W70/><G35/><T92/><D0/><U128/><E71/><V17/><F30/><W67/><G5/><T107/><D107/><U109/><E128/><N who="2" m="49227" /><F17/><W19/><G41/><N who="0" m="24975" /><D2/><U94/><E124/><N who="2" m="47723" /><F98/><W13/><G105/><T84/><D68/><U110/><E112/><V66/><F118/><W6/><G103/><T59/><D47/><N who="1" m="25719" /><E87/><V113/><F113/><W106/><G6/><N who="0" m="3415" /><D64/><U12/><E12/><V33/><F33/><W86/><G106/><T38/><D38/><U34/><E34/><V115/><F115/><W28/><G28/><T78/><D59/><U123/><E123/><V15/><F15/><W83/><G85/><T40/><D40/><U32/><E32/><V135/><F36/><W26/><G52/><T104/><D104/><U61/><E25/><V111/><F69/><W96/><G96/><T21/><D21/><AGARI ba="0,0" hai="13,18,19,20,21,26,60,67,70,76,79,83,86,91" machi="21" ten="30,1000,0" yaku="7,1" doraHai="90" who="3" fromWho="0" sc="250,-10,250,0,250,0,250,10" />
</Scene>
<Scene>
<INIT seed="1,0,0,0,3,95" ten="240,250,250,260" oya="1" hai0="103,120,33,36,21,43,38,130,8,35,47,82,79" hai1="98,133,131,129,80,77,108,99,26,19,89,42,75" hai2="113,28,40,53,67,127,30,56,132,57,6,121,16" hai3="93,46,15,65,107,29,11,134,124,102,37,22,45"/><U91/><E133/><V118/><F118/><W125/><G134/><T110/><D110/><U48/><E108/><V4/><F132/><W13/><G107/><T96/><D130/><N who="1" m="49675" /><E42/><V34/><F34/><W55/><G65/><T20/><D36/><U0/><E0/><V71/><F71/><W122/><G122/><T128/><D128/><U97/><E48/><V92/><F121/><W68/><G68/><T81/><D81/><U64/><E64/><V106/><F106/><W59/><G37/><T112/><D112/><U63/><E63/><V3/><F3/><W32/><G32/><T85/><D120/><U39/><E39/><V24/><F40/><W78/><G78/><T60/><D60/><U123/><E123/><V62/><F113/><W31/><G22/><AGARI ba="0,0" hai="19,22,26,75,77,80,89,91,97,98,99" m="49675" machi="22" ten="30,11600,0" yaku="19,1,52,3" doraHai="95" who="1" fromWho="3" sc="240,0,250,116,250,0,260,-116" />
</Scene>
<Scene>
<INIT seed="1,1,0,0,3,0" ten="240,366,250,144" oya="1" hai0="114,116,21,13,27,36,113,111,43,18,56,25,71" hai1="64,45,50,8,19,32,118,30,112,109,62,107,86" hai2="125,77,87,54,6,22,88,82,103,4,44,85,70" hai3="128,41,37,135,66,98,127,68,12,7,91,79,38"/><U63/><E112/><V100/><F70/><W48/><G79/><T133/><D71/><U28/><E118/><V23/><F125/><W14/><G127/><T76/><D116/><U78/><E107/><V34/><F34/><W61/><G128/><T3/><D3/><U93/><E32/><V5/><F54/><W75/><G75/><T97/><D36/><U106/><E106/><V123/><F44/><W65/><G135/><T117/><D133/><U83/><E109/><V89/><F123/><W81/><G65/><T95/><D43/><U49/><E93/><N who="2" m="54463" /><F77/><W96/><G98/><T29/><D76/><U31/><E64/><V72/><F72/><W1/><G1/><T131/><D131/><U24/><E50/><V90/><F90/><W132/><G132/><T102/><D111/><U110/><E110/><V84/><F85/><W94/><G81/><T73/><D73/><U119/><E119/><V57/><F57/><W9/><REACH who="3" step="1"/><G12/><REACH who="3" ten="240,366,250,134" step="2"/><T69/><D117/><U59/><E78/><V17/><F23/><W129/><G129/><T55/><D13/><AGARI ba="1,1" hai="4,5,6,13,17,22,82,84,88,100,103" m="54463" machi="13" ten="30,8000,1" yaku="8,1,52,3,54,1" doraHai="0" who="2" fromWho="0" sc="240,-83,366,0,250,93,134,0" />
</Scene>
<Scene>
<INIT seed="2,0,0,0,0,80" ten="157,366,343,134" oya="2" hai0="14,55,88,39,7,97,64,19,134,4,66,125,32" hai1="71,28,116,120,44,132,58,76,35,111,126,52,26" hai2="59,99,75,2,6,11,74,50,106,12,70,1,127" hai3="105,51,98,122,110,100,42,22,49,85,23,18,9"/><V114/><F70/><W29/><G122/><T89/><D32/><U119/><E71/><V46/><F114/><W57/><G110/><T123/><D123/><U43/><E120/><V84/><F127/><W45/><G9/><T113/><D113/><U131/><E111/><V13/><F59/><W63/><G29/><T87/><D39/><U25/><E126/><V133/><F133/><W8/><G8/><N who="0" m="6599" /><D134/><U15/><E132/><V104/><F13/><W61/><G23/><T102/><D102/><U130/><E76/><V86/><F75/><W72/><G72/><T16/><D125/><U112/><E25/><V96/><F74/><W38/><G85/><N who="2" m="32873" /><F104/><W53/><REACH who="3" step="1"/><G63/><REACH who="3" ten="157,366,343,124" step="2"/><T118/><D118/><U17/><E112/><V117/><F117/><W60/><G60/><T5/><D97/><N who="2" m="37450" /><F1/><W79/><G79/><T68/><D89/><U20/><E119/><V92/><F2/><W109/><G109/><T65/><D68/><U54/><E116/><V48/><F106/><W37/><G37/><T101/><D101/><U40/><E35/><V94/><F50/><W73/><G73/><T83/><D4/><U108/><E108/><V115/><F115/><W0/><G0/><T62/><D5/><U41/><E15/><AGARI ba="0,1" hai="15,18,22,38,42,45,49,51,53,57,61,98,100,105" machi="15" ten="30,3900,0" yaku="1,1,7,1,53,1" doraHai="80" doraHaiUra="10" who="3" fromWho="1" sc="157,0,366,-39,343,0,124,49" />
</Scene>
<Scene>
<INIT seed="3,0,0,4,4,27" ten="157,327,343,173" oya="3" hai0="11,106,68,21,8,88,112,36,118,47,107,115,93" hai1="126,37,108,132,23,55,128,91,82,76,61,80,130" hai2="83,63,117,45,32,10,90,17,1,29,95,9,64" hai3="20,121,135,120,13,19,41,133,94,124,122,71,31"/><W116/><G71/><T119/><D68/><U78/><E37/><V73/><F117/><W129/><G41/><T14/><D36/><U57/><E108/><V74/><F45/><W97/><G116/><N who="0" m="44587" /><D47/><U4/><E132/><N who="3" m="50762" /><G124/><T134/><D134/><U24/><E126/><V46/><F46/><W103/><G129/><N who="1" m="49770" /><E4/><V60/><F64/><W15/><G15/><T6/><D21/><U84/><E82/><V12/><F83/><W7/><G7/><T62/><D62/><U38/><E38/><V69/><F69/><W105/><G105/><T53/><D53/><U44/><E44/><V114/><F1/><W111/><G111/><T30/><D11/><U54/><E54/><V25/><F9/><W104/><G104/><T89/><D89/><U99/><E99/><V51/><F51/><W86/><G86/><N who="0" m="52375" /><D30/><AGARI ba="0,0" hai="23,24,30,55,57,61,76,78,80,84,91" m="49770" machi="30" ten="30,2000,0" yaku="19,1,52,1" doraHai="27" who="1" fromWho="0" sc="157,-20,327,20,343,0,173,0" /><AGARI ba="0,0" hai="13,19,20,30,31,94,97,103,120,121,122" m="50762" machi="30" ten="40,7700,0" yaku="20,1,52,2" doraHai="27" who="3" fromWho="0" sc="137,-77,347,0,343,0,173,77" />
</Scene>
<Scene>
<INIT seed="3,1,0,3,3,99" ten="60,347,343,250" oya="3" hai0="124,131,67,89,28,82,114,52,74,56,47,108,23" hai1="35,50,37,27,107,84,49,78,63,126,95,123,59" hai2="113,4,14,29,24,64,129,30,60,75,54,40,45" hai3="38,51,80,17,125,20,130,110,21,19,104,96,102"/><W112/><G112/><T133/><D114/><U43/><E123/><V31/><F75/><W61/><G38/><T1/><D1/><U135/><E107/><V15/><F113/><W81/><G110/><T97/><D108/><U46/><E135/><V18/><F129/><W65/><G130/><T42/><D131/><U44/><E126/><V55/><F4/><W41/><G125/><T109/><D109/><U117/><E117/><V58/><F24/><W98/><G96/><T7/><D7/><U119/><E119/><V85/><F85/><W132/><G132/><T92/><D124/><U48/><E35/><V106/><F106/><W8/><G8/><T12/><D74/><U111/><E111/><V76/><F76/><W66/><G51/><N who="0" m="27127" /><D133/><U115/><E27/><V36/><REACH who="2" step="1"/><F14/><REACH who="2" ten="60,347,333,250" step="2"/><W83/><G21/><AGARI ba="1,1" hai="15,18,21,29,30,31,36,40,45,54,55,58,60,64" machi="21" ten="40,2600,0" yaku="1,1,2,1,53,0" doraHai="99" doraHaiUra="72" who="2" fromWho="3" sc="60,0,347,0,333,39,250,-29" />
</Scene>
<Scene>
<INIT seed="4,0,0,5,0,17" ten="60,347,372,221" oya="0" hai0="111,34,97,0,60,29,54,40,104,81,88,95,3" hai1="84,35,57,69,16,56,122,59,76,30,51,131,100" hai2="92,8,79,45,63,116,128,48,106,123,127,14,133" hai3="23,64,77,107,26,27,67,134,11,115,24,49,53"/><T121/><D121/><U82/><E122/><V4/><F106/><W132/><G107/><T28/><D40/><U43/><E69/><V19/><F123/><W90/><G115/><T36/><D36/><U101/><E131/><V98/><F127/><W78/><G11/><T6/><D104/><U72/><E72/><V119/><F133/><N who="3" m="51307" /><G90/><T99/><D111/><U75/><E75/><V55/><F128/><W129/><G129/><T89/><D34/><U103/><E30/><N who="0" m="11881" /><D3/><U25/><E35/><V110/><F79/><N who="3" m="30219" /><G23/><T68/><D68/><U41/><E51/><V114/><F114/><W108/><G108/><T113/><D113/><U33/><E33/><V126/><F126/><W130/><G130/><T1/><D1/><U87/><E87/><V20/><F110/><W124/><G124/><T12/><D0/><U21/><AGARI ba="0,0" hai="16,21,25,41,43,56,57,59,76,82,84,100,101,103" machi="21" ten="40,8000,1" yaku="0,1,8,1,52,1,54,1" doraHai="17" who="1" fromWho="1" sc="60,-40,347,80,372,-20,221,-20" />
</Scene>
<Scene>
<INIT seed="5,0,0,4,5,71" ten="20,427,352,201" oya="1" hai0="16,105,11,73,18,40,127,22,93,32,13,24,43" hai1="15,98,52,87,113,10,131,57,107,126,9,133,20" hai2="103,135,30,99,4,112,55,102,41,108,27,59,125" hai3="8,91,77,83,74,17,117,84,90,122,101,132,111"/><U36/><E36/><V0/><F108/><W124/><G111/><T46/><D73/><U128/><E113/><V35/><F112/><W109/><G109/><T51/><D105/><U130/><E133/><V79/><F135/><W26/><G132/><T64/><D127/><U80/><E126/><V119/><F125/><W5/><G124/><T106/><D106/><U49/><E20/><V78/><F103/><W7/><G101/><T2/><D64/><U63/><E107/><V94/><F119/><W53/><G117/><T115/><D115/><U56/><E98/><V72/><F72/><W123/><G53/><T45/><D2/><U47/><E15/><V85/><F85/><W33/><G7/><T68/><D32/><U116/><E116/><V28/><F28/><W37/><G37/><T58/><D68/><U104/><E104/><V65/><F65/><W42/><G42/><T66/><D93/><U3/><E3/><V75/><F75/><W25/><G26/><T1/><D1/><U50/><E50/><V89/><F102/><W92/><G90/><T86/><D86/><U110/><E110/><V31/><F31/><W97/><G74/><T23/><D66/><N who="1" m="39271" /><E47/><V14/><F0/><W114/><G114/><T121/><D121/><U62/><E49/><N who="2" m="31215" /><F41/><W44/><G44/><T61/><D61/><U21/><E21/><V67/><F67/><W39/><G39/><N who="0" m="21663" /><D58/><U120/><E120/><V6/><F14/><N who="3" m="5391" /><G33/><T60/><D60/><U81/><E81/><V54/><F54/><W95/><G95/><T29/><D23/><U134/><E134/><V118/><F118/><RYUUKYOKU ba="0,0" sc="20,0,427,0,352,0,201,0" hai0="11,13,16,18,22,24,29,43,46,51" hai1="9,10,52,57,62,80,87,128,130,131" hai2="4,6,27,30,35,78,79,89,94,99" hai3="17,25,77,83,84,91,92,97,122,123" />
</Scene>
<Scene>
<INIT seed="5,1,0,4,1,128" ten="20,427,352,201" oya="1" hai0="21,40,53,61,94,66,5,131,96,102,121,98,99" hai1="91,29,15,111,115,135,48,130,17,33,68,112,1" hai2="10,26,23,50,93,79,8,119,19,92,60,34,65" hai3="134,32,2,31,37,55,114,129,133,77,70,108,11"/><U83/><E1/><V72/><F119/><W90/><G70/><T22/><D131/><U95/><E130/><V117/><F117/><W54/><G108/><T24/><D121/><U78/><E68/><V127/><F127/><W87/><G129/><T109/><D109/><U44/><E111/><V14/><F34/><W76/><G37/><T81/><D40/><U97/><E29/><V123/><F123/><W106/><G106/><T13/><D81/><U105/><E33/><V107/><F107/><W88/><G114/><T84/><D84/><U3/><E3/><V62/><F79/><W122/><G122/><T80/><D80/><U35/><E35/><V59/><F72/><W120/><G120/><T0/><D0/><U125/><E125/><V4/><F50/><W124/><G124/><T7/><D53/><U16/><E105/><V36/><F36/><W104/><G104/><T6/><D13/><U56/><E56/><V38/><F38/><W116/><G116/><T27/><D22/><U101/><E101/><V39/><F39/><W86/><G32/><T41/><D41/><N who="1" m="24591" /><E15/><N who="2" m="5511" /><F62/><W47/><G2/><T25/><D21/><U46/><E46/><V57/><F59/><W18/><G134/><T43/><D43/><U85/><E135/><V110/><F110/><W74/><G74/><T52/><D66/><U51/><E51/><V49/><F49/><W113/><G113/><AGARI ba="1,0" hai="16,17,78,83,85,91,95,97,112,113,115" m="24591" machi="113" ten="30,2900,0" yaku="15,1,54,1" doraHai="128" who="1" fromWho="3" sc="20,0,427,32,352,0,201,-32" />
</Scene>
<Scene>
<INIT seed="5,2,0,0,5,59" ten="20,459,352,169" oya="1" hai0="11,34,115,54,76,68,102,25,22,112,50,114,31" hai1="90,88,113,20,86,3,134,89,64,77,119,14,85" hai2="0,79,87,71,95,23,15,43,116,2,61,49,83" hai3="36,81,7,27,45,131,33,19,4,93,84,46,55"/><U96/><E119/><V67/><F116/><W74/><G74/><T72/><D102/><U24/><E3/><V92/><F2/><W39/><G131/><T80/><D11/><U17/><E113/><V9/><F0/><W5/><G93/><T101/><D68/><U82/><E134/><V91/><F23/><W128/><G128/><T98/><D34/><U41/><E41/><V10/><F10/><W73/><G73/><T53/><REACH who="0" step="1"/><D50/><REACH who="0" ten="10,459,352,169" step="2"/><U135/><E135/><V121/><F121/><W8/><G33/><T47/><D47/><U117/><E117/><V42/><F49/><W124/><G45/><T94/><AGARI ba="2,1" hai="22,25,31,53,54,72,76,80,94,98,101,112,114,115" machi="94" ten="30,4000,0" yaku="1,1,0,1,15,1,53,0" doraHai="59" doraHaiUra="35" who="0" fromWho="0" sc="10,56,459,-22,352,-12,169,-12" />
</Scene>
<Scene>
<INIT seed="6,0,0,5,4,122" ten="66,437,340,157" oya="2" hai0="46,11,42,94,61,16,105,95,75,93,4,47,109" hai1="31,91,125,6,21,111,132,82,106,120,98,60,124" hai2="18,64,79,86,65,25,36,14,57,58,48,97,13" hai3="84,43,100,131,73,67,15,83,96,7,126,19,24"/><V51/><F36/><W17/><G73/><T3/><D105/><U104/><E111/><V12/><F97/><W87/><G43/><T41/><D75/><U128/><E120/><V53/><F79/><W72/><G131/><T26/><D61/><U112/><E128/><V115/><F115/><W20/><G126/><N who="1" m="48746" /><E112/><V110/><F110/><W81/><G67/><T113/><D113/><U63/><E132/><V9/><F86/><W78/><G72/><T23/><REACH who="0" step="1"/><D109/><REACH who="0" ten="56,437,340,157" step="2"/><U129/><E63/><V38/><F38/><W119/><G119/><T74/><D74/><U102/><E60/><V88/><F9/><N who="3" m="4543" /><G100/><T55/><D55/><U66/><E129/><V62/><F65/><W10/><G10/><T39/><D39/><U116/><E66/><V56/><F51/><W45/><G45/><AGARI ba="0,1" hai="3,4,11,16,23,26,41,42,45,46,47,93,94,95" machi="45" ten="40,2600,0" yaku="1,1,54,1,53,0" doraHai="122" doraHaiUra="28" who="0" fromWho="3" sc="56,36,437,0,340,0,157,-26" />
</Scene>
<Scene>
<INIT seed="7,0,0,1,1,53" ten="92,437,340,131" oya="3" hai0="123,113,100,65,88,66,93,32,79,40,9,110,67" hai1="99,106,118,76,38,25,108,17,61,27,129,97,86" hai2="87,4,90,112,3,68,92,89,51,120,94,23,47" hai3="95,133,121,15,124,8,117,22,54,130,63,49,105"/><W12/><G105/><T77/><D110/><U0/><E108/><V19/><F68/><W52/><G121/><T20/><D32/><U42/><E0/><V5/><F120/><W46/><G117/><T74/><D123/><U21/><E118/><V35/><F35/><W16/><G124/><T122/><D122/><U41/><E129/><V81/><F3/><W48/><G130/><T29/><D74/><U103/><E38/><V83/><F112/><W126/><G126/><T1/><D100/><U24/><E106/><V132/><F132/><W31/><G133/><T57/><D1/><U34/><E34/><V80/><F23/><W82/><G82/><T98/><D9/><U75/><E75/><V30/><F30/><W70/><G95/><T28/><D40/><N who="1" m="15467" /><E103/><V44/><F19/><N who="3" m="8583" /><G70/><T134/><D134/><U135/><E135/><V72/><F72/><W55/><G63/><N who="0" m="38127" /><D113/><U115/><E115/><V58/><F83/><W96/><G96/><N who="1" m="36938" /><E61/><V64/><F87/><W2/><G2/><T14/><D29/><U26/><E86/><V128/><F128/><W50/><G31/><T56/><D56/><U33/><E33/><V119/><F119/><W18/><G18/><N who="0" m="10327" /><D28/><U43/><E43/><AGARI ba="0,0" hai="15,16,22,43,46,48,49,50,52,54,55" m="8583" machi="43" ten="30,5800,0" yaku="8,1,54,2" doraHai="53" who="3" fromWho="1" sc="92,0,437,-58,340,0,131,58" />
</Scene>
<Scene>
<INIT seed="7,1,0,3,0,93" ten="92,379,340,189" oya="3" hai0="74,54,60,71,15,96,91,36,13,64,102,106,116" hai1="73,83,47,117,85,120,105,114,62,16,127,17,118" hai2="37,104,122,101,2,20,52,90,84,35,43,98,1" hai3="56,65,55,67,88,94,45,82,32,134,23,77,57"/><W125/><G32/><T40/><D116/><N who="1" m="44651" /><E120/><V38/><F35/><W5/><G134/><T33/><D33/><U75/><E105/><V53/><F122/><W126/><G5/><T26/><D74/><N who="1" m="28171" /><E114/><V8/><F20/><W24/><G82/><T133/><D133/><U46/><E127/><N who="3" m="48650" /><G77/><T49/><D26/><U103/><E103/><V107/><F107/><W66/><G45/><N who="1" m="16906" /><E62/><V87/><F87/><N who="3" m="52511" /><G55/><T131/><D36/><U22/><E22/><V89/><F53/><W100/><G100/><T135/><D135/><U59/><E59/><V76/><F52/><W12/><G12/><T63/><D40/><U112/><E112/><V113/><F113/><W19/><AGARI ba="1,0" hai="19,23,24,56,57,65,66,67" m="52511,48650" machi="19" ten="30,3000,0" yaku="18,1,54,1" doraHai="93" who="3" fromWho="3" sc="92,-11,379,-11,340,-11,189,33" />
</Scene>
<Scene>
<INIT seed="7,2,0,4,3,38" ten="81,368,329,222" oya="3" hai0="95,41,0,40,72,121,110,63,24,26,55,22,84" hai1="128,10,100,31,6,64,4,47,76,120,92,37,17" hai2="86,68,34,117,88,118,99,135,93,62,11,21,133" hai3="132,70,46,73,134,111,78,16,69,77,12,36,9"/><W35/><G111/><T115/><D110/><U87/><E120/><V109/><F34/><W51/><G36/><T50/><D72/><U101/><E128/><V122/><F109/><W59/><G35/><T28/><D0/><U25/><E64/><V123/><F21/><W112/><G59/><T14/><D121/><N who="2" m="46090" /><F11/><W106/><G106/><T32/><D63/><U108/><E108/><V113/><F113/><W96/><G96/><T85/><D115/><U82/><E37/><V33/><F33/><W105/><G105/><T43/><D14/><N who="1" m="7383" /><E47/><V103/><F62/><W56/><G56/><T94/><D32/><U5/><E92/><N who="0" m="35369" /><D26/><U75/><E75/><V42/><F42/><N who="3" m="25047" /><G112/><T127/><D127/><U7/><N who="1" m="1024" /><DORA hai="61" /><U91/><E76/><N who="3" m="29290" /><G73/><T20/><D22/><AGARI ba="2,0" hai="22,25,31,82,87,91,100,101" m="1024,7383" machi="22" ten="40,1300,0" yaku="8,1" doraHai="38,61" who="1" fromWho="0" sc="81,-19,368,19,329,0,222,0" owari="62,-44.0,387,49.0,329,13.0,222,-18.0" />
</Scene>
</mjloggm>