<mjloggm ver="2.3"><GO type="169" lobby="0"/><UN n0="%41%53%41%50%49%4E" n1="%7A%65%72%6F%52%58" n2="%E3%83%8F%E3%83%94%E3%83%8A%E5%90%8D%E6%8E%9B%E4%B8%81" n3="%E5%AF%BE%E5%AD%90%E3%81%AE%E7%8E%8B%E6%A7%98" dan="19,17,16,17" rate="2225,2149,2086,2151" sx="M,M,M,M"/><TAIKYOKU oya="0"/>

<Scene>
<INIT seed="0,0,0,2,0,73" ten="250,250,250,250" oya="0" hai0="48,78,125,25,46,62,1,3,127,20,5,24,29" hai1="110,129,37,132,83,59,94,116,107,8,4,109,90" hai2="7,35,133,128,92,6,81,104,65,15,36,99,113" hai3="86,11,89,130,19,72,96,134,76,111,41,93,38"/><T42/><D5/><U16/><E116/><V88/><F113/><W77/><G111/><N who="1" m="42506" /><E107/><V101/><F133/><W55/><G134/><T98/><D98/><U75/><E132/><V31/><F65/><W64/><G130/><T67/><D25/><U91/><E37/><V87/><F36/><W54/><G72/><T13/><D13/><N who="1" m="7207" /><E129/><V70/><F70/><W30/><G38/><T85/><D85/><U112/><E112/><V69/><F69/><W126/><G126/><N who="0" m="48139" /><D78/><N who="3" m="30313" /><G30/><T14/><D14/><U63/><E4/><V74/><F128/><W32/><G32/><T23/><D23/><U12/><E12/><V68/><F15/><N who="3" m="7679" /><G64/><T53/><D42/><U45/><E75/><V57/><F68/><AGARI ba="0,0" hai="1,3,20,24,29,46,48,53,62,67,68" m="48139" machi="68" ten="30,1500,0" yaku="18,1" doraHai="73" who="0" fromWho="2" sc="250,15,250,0,250,-15,250,0" />
</Scene>
<Scene>
<INIT seed="0,1,0,1,3,16" ten="265,250,235,250" oya="0" hai0="53,72,104,110,51,82,78,59,99,128,36,124,97" hai1="135,56,98,13,101,42,46,9,73,4,83,50,76" hai2="3,45,62,100,7,37,114,60,41,95,23,1,57" hai3="93,20,92,54,35,70,127,134,33,55,65,122,71"/><T119/><D119/><U80/><E80/><V0/><F114/><W102/><G134/><T75/><D36/><U91/><E135/><V8/><F100/><W39/><G39/><T108/><D128/><U74/><E91/><V10/><F95/><W48/><G102/><T32/><D32/><U24/><E56/><V47/><F47/><W6/><G6/><T113/><D113/><U18/><E24/><V15/><F60/><W67/><G127/><T49/><D104/><U63/><E63/><V84/><F84/><W132/><G132/><T61/><D75/><U79/><E18/><V11/><REACH who="2" step="1"/><F23/><REACH who="2" ten="265,250,225,250" step="2"/><W87/><G87/><T88/><D124/><U126/><E126/><V30/><F30/><W44/><G44/><T89/><D97/><U125/><E125/><V81/><F81/><W34/><G34/><T69/><D99/><U105/><REACH who="1" step="1"/><E79/><REACH who="1" ten="265,240,225,250" step="2"/><V129/><F129/><W112/><G112/><T17/><D78/><U118/><E118/><V29/><F29/><W117/><G117/><T123/><D82/><U58/><E58/><V130/><F130/><W40/><G71/><T109/><D59/><U2/><E2/><V115/><F115/><W121/><G70/><T43/><D69/><U64/><E64/><AGARI ba="1,2" hai="0,1,3,7,8,10,11,15,37,41,45,57,62,64" machi="64" ten="40,1300,0" yaku="1,1,53,0" doraHai="16" doraHaiUra="14" who="2" fromWho="1" sc="265,0,240,-16,225,36,250,0" />
</Scene>
<Scene>
<INIT seed="1,0,0,2,4,16" ten="265,224,261,250" oya="1" hai0="119,115,45,132,86,122,58,60,128,116,72,19,56" hai1="32,7,112,109,17,75,3,20,67,78,35,83,61" hai2="41,25,48,92,36,24,26,102,79,65,117,81,21" hai3="6,91,59,101,97,108,133,73,55,52,134,85,66"/><U125/><E112/><V50/><F117/><W71/><G73/><T131/><D72/><U69/><E125/><V70/><F36/><W87/><G6/><T31/><D31/><U107/><E107/><V99/><F65/><W8/><G8/><T46/><D86/><U130/><E130/><N who="0" m="49705" /><D19/><U77/><E109/><V14/><F70/><W39/><G39/><T47/><D115/><U90/><E78/><V22/><F14/><W43/><G43/><T74/><D74/><U104/><E104/><V4/><F4/><W44/><G71/><T12/><D12/><U28/><E28/><V23/><F41/><W15/><G15/><T95/><D95/><U89/><E89/><V103/><F103/><W54/><G108/><T111/><D111/><U113/><E113/><V120/><F120/><W38/><G91/><T9/><D9/><U127/><E127/><V1/><F1/><W121/><G121/><T33/><D33/><U42/><E42/><V105/><F105/><W82/><G97/><T126/><D126/><U27/><REACH who="1" step="1"/><E90/><REACH who="1" ten="265,214,261,250" step="2"/><V114/><F114/><W96/><G101/><T80/><D122/><U98/><E98/><V76/><F81/><W49/><G96/><T0/><D80/><U13/><E13/><V11/><F11/><AGARI ba="0,1" hai="3,7,11,17,20,27,32,35,61,67,69,75,77,83" machi="11" ten="40,3900,0" yaku="1,1,52,1,53,0" doraHai="16" doraHaiUra="110" who="1" fromWho="2" sc="265,0,214,49,261,-39,250,0" />
</Scene>
<Scene>
<INIT seed="1,1,0,2,2,43" ten="265,263,222,250" oya="1" hai0="7,37,56,46,76,90,131,126,58,133,68,102,119" hai1="103,42,135,85,51,121,62,74,78,84,89,11,67" hai2="113,114,93,63,17,70,54,100,4,6,124,39,23" hai3="10,83,77,3,5,81,98,80,112,18,44,14,59"/><U87/><E121/><V115/><F39/><W61/><G112/><T29/><D119/><U36/><E36/><V2/><F124/><W35/><G35/><T111/><D68/><U24/><E135/><V125/><F125/><W21/><G98/><T108/><D126/><U57/><E103/><V16/><F100/><W116/><G116/><T13/><D133/><U31/><E11/><V69/><F93/><W32/><G32/><T41/><D131/><U75/><E89/><V96/><F96/><W107/><G107/><T45/><D29/><U99/><E99/><V0/><F54/><W27/><G3/><N who="2" m="1065" /><F63/><W97/><G97/><T95/><D102/><U110/><E110/><N who="0" m="42025" /><D76/><U66/><E66/><V132/><F132/><W55/><REACH who="3" step="1"/><G44/><REACH who="3" ten="265,263,222,240" step="2"/><N who="0" m="17003" /><D37/><U117/><E117/><V15/><F17/><W72/><AGARI ba="1,1" hai="5,10,14,18,21,27,55,59,61,72,77,80,81,83" machi="72" ten="20,5200,0" yaku="1,1,0,1,7,1,53,1" doraHai="43" doraHaiUra="104" who="3" fromWho="3" sc="265,-14,263,-27,222,-14,240,65" />
</Scene>
<Scene>
<INIT seed="2,0,0,3,1,7" ten="251,236,208,305" oya="2" hai0="92,45,127,71,109,10,5,114,84,57,94,51,46" hai1="101,39,119,87,81,74,69,135,95,107,9,15,120" hai2="59,44,24,122,55,26,53,16,29,132,42,86,12" hai3="115,38,97,30,129,89,100,52,34,56,104,4,40"/><V58/><F122/><W20/><G34/><T49/><D114/><U62/><E39/><V50/><F132/><W43/><G115/><T93/><D71/><U116/><E135/><V126/><F126/><W0/><G129/><T13/><D127/><U128/><E128/><V1/><F1/><W99/><G38/><T83/><D109/><U111/><E111/><V61/><F86/><W67/><G67/><T60/><D46/><U66/><E120/><V102/><F102/><W123/><G123/><T54/><REACH who="0" step="1"/><D45/><REACH who="0" ten="241,236,208,305" step="2"/><U63/><E119/><V35/><F26/><W124/><G124/><T80/><D80/><U88/><E116/><V91/><F91/><AGARI ba="0,1" hai="5,10,13,49,51,54,57,60,83,84,91,92,93,94" machi="91" ten="40,5200,0" yaku="1,1,8,1,52,1,53,0" doraHai="7" doraHaiUra="118" who="0" fromWho="2" sc="241,62,236,0,208,-52,305,0" />
</Scene>
<Scene>
<INIT seed="3,0,0,2,5,65" ten="303,236,156,305" oya="3" hai0="121,13,19,74,84,86,117,130,66,54,73,43,100" hai1="58,62,5,18,110,93,68,123,72,80,116,125,6" hai2="51,78,88,115,61,120,113,45,47,79,119,127,29" hai3="31,57,30,105,22,76,53,95,101,63,26,135,4"/><W85/><G135/><T69/><D121/><U3/><E123/><V81/><F120/><W111/><G111/><T99/><D117/><U23/><E110/><V41/><F119/><W132/><G132/><T50/><D43/><U98/><E116/><V34/><F127/><W107/><G4/><T64/><D130/><U91/><E125/><V17/><F61/><W2/><G2/><T104/><D84/><U131/><E3/><V59/><F59/><W21/><G76/><T7/><D7/><U32/><E32/><V12/><F47/><W108/><G108/><T1/><D1/><U126/><E131/><V9/><F115/><W70/><G70/><T52/><D54/><U42/><E42/><V124/><F113/><W14/><G14/><T103/><D103/><U128/><E128/><V71/><F124/><W27/><G85/><T122/><D122/><U60/><E126/><V46/><F46/><W82/><G82/><T129/><D129/><U67/><E80/><V38/><F38/><W112/><G112/><T97/><D97/><AGARI ba="0,0" hai="21,22,26,27,30,31,53,57,63,95,97,101,105,107" machi="97" ten="40,2000,0" yaku="9,1" doraHai="65" who="3" fromWho="0" sc="303,-20,236,0,156,0,305,20" />
</Scene>
<Scene>
<INIT seed="3,1,0,1,0,41" ten="283,236,156,325" oya="3" hai0="103,118,7,121,132,83,58,93,20,129,56,30,68" hai1="127,79,77,66,31,122,16,110,47,3,101,108,23" hai2="22,119,107,8,4,97,59,24,123,128,73,60,36" hai3="6,2,43,71,67,117,15,98,35,33,75,131,91"/><W54/><G117/><T80/><D121/><U92/><E122/><V69/><F123/><W18/><G75/><T114/><D118/><U120/><E120/><V10/><F119/><W5/><G43/><T39/><D68/><U62/><E3/><V61/><F73/><W70/><G2/><T112/><D39/><U106/><E31/><V28/><F128/><W126/><G54/><T134/><D7/><U46/><E106/><V45/><F69/><W55/><G55/><T82/><D129/><U26/><E127/><V125/><F125/><W74/><G74/><T104/><D104/><U37/><E37/><V38/><F61/><W12/><G131/><T25/><D93/><U9/><E9/><V87/><F87/><W51/><G51/><T116/><D103/><U19/><E19/><V89/><F89/><W11/><G18/><T65/><D116/><U90/><E101/><V130/><F130/><W102/><G102/><T53/><D65/><U133/><E133/><N who="0" m="51305" /><D58/><N who="1" m="37207" /><E79/><V13/><F107/><W52/><G67/><T64/><D64/><U105/><E77/><V32/><F32/><W124/><G52/><T94/><D94/><U63/><E63/><AGARI ba="1,0" hai="20,25,30,53,56,63,80,82,83,112,114" m="51305" machi="63" ten="30,1000,0" yaku="20,1" doraHai="41" who="0" fromWho="1" sc="283,13,236,-13,156,0,325,0" />
</Scene>
<Scene>
<INIT seed="4,0,0,4,3,9" ten="296,223,156,325" oya="0" hai0="37,131,57,39,115,4,105,96,59,34,53,35,25" hai1="82,46,44,109,116,133,77,95,81,52,64,93,67" hai2="55,65,121,111,99,2,106,92,101,19,40,132,128" hai3="33,60,72,130,127,31,85,30,76,75,84,17,20"/><T117/><D117/><U97/><E109/><V29/><F111/><W124/><G60/><T3/><D131/><U107/><E116/><V135/><F121/><W0/><G0/><T69/><D69/><U58/><E107/><V79/><F65/><N who="1" m="25161" /><E133/><V86/><F40/><W125/><G130/><T43/><D115/><U88/><E95/><V14/><F2/><W120/><G120/><T42/><D3/><U32/><E32/><V49/><F29/><N who="3" m="10763" /><G33/><T134/><D4/><U48/><E77/><V94/><F128/><W22/><G76/><T110/><D25/><U78/><E78/><V112/><F112/><W68/><G68/><T10/><D10/><U129/><E129/><V6/><F6/><W54/><G54/><T62/><D53/><U11/><E11/><V83/><F132/><W100/><G100/><T28/><D28/><U41/><E41/><V104/><F104/><W80/><G80/><AGARI ba="0,0" hai="44,46,48,52,58,80,81,82,88,93,97" m="25161" machi="80" ten="30,3900,0" yaku="8,1,54,2" doraHai="9" who="1" fromWho="3" sc="296,0,223,39,156,0,325,-39" />
</Scene>
<Scene>
<INIT seed="5,0,0,4,3,41" ten="296,262,156,286" oya="1" hai0="102,130,94,88,77,69,105,75,113,84,18,89,72" hai1="99,66,90,61,98,56,1,68,126,124,78,21,71" hai2="26,74,119,97,103,40,93,135,127,106,16,42,87" hai3="81,54,60,125,30,6,122,80,70,92,27,112,34"/><U115/><E1/><V39/><F119/><W20/><G122/><T111/><D69/><N who="1" m="26699" /><E115/><V25/><F74/><N who="0" m="28202" /><D18/><U76/><E21/><V13/><F127/><N who="1" m="48681" /><E90/><V10/><F135/><W131/><G20/><T7/><D7/><U129/><E129/><V128/><F128/><W36/><G6/><T48/><D130/><U85/><E85/><V24/><F106/><W133/><G34/><T43/><D77/><AGARI ba="0,0" hai="56,61,66,76,77,78,98,99" m="48681,26699" machi="77" ten="30,1500,0" yaku="18,1" doraHai="41" who="1" fromWho="0" sc="296,-15,262,15,156,0,286,0" />
</Scene>
<Scene>
<INIT seed="5,1,0,2,1,7" ten="281,277,156,286" oya="1" hai0="105,15,132,10,24,79,32,50,3,33,123,42,5" hai1="115,0,34,2,18,19,99,89,74,23,17,44,68" hai2="47,107,95,22,110,67,49,106,118,114,36,75,6" hai3="94,26,93,64,45,60,116,97,102,82,77,31,121"/><U35/><E68/><V14/><F110/><W48/><G121/><T81/><D105/><U86/><E74/><V111/><F111/><W21/><G116/><T54/><D123/><U84/><E115/><V109/><F109/><W58/><G94/><T66/><D132/><U113/><E113/><V83/><F114/><W98/><G98/><T53/><D42/><U30/><E44/><V37/><F118/><W25/><G25/><T126/><D126/><U51/><E51/><V46/><F67/><W90/><G90/><T61/><D3/><N who="1" m="1067" /><E99/><V134/><F134/><W70/><G70/><T112/><D112/><U11/><E89/><V56/><F56/><W12/><G12/><T52/><D50/><U104/><E104/><V101/><F101/><W73/><G48/><T128/><D128/><U27/><E86/><V8/><F95/><W87/><G45/><T85/><REACH who="0" step="1"/><D24/><REACH who="0" ten="271,277,156,286" step="2"/><U130/><E130/><V65/><F107/><W57/><G57/><AGARI ba="1,1" hai="5,10,15,32,33,52,53,54,57,61,66,79,81,85" machi="57" ten="40,8000,1" yaku="1,1,2,1,52,1,54,1,53,0" doraHai="7" doraHaiUra="119" who="0" fromWho="3" sc="271,93,277,0,156,0,286,-83" />
</Scene>
<Scene>
<INIT seed="6,0,0,0,2,4" ten="364,277,156,203" oya="2" hai0="28,87,9,113,95,83,86,79,99,53,119,29,8" hai1="73,35,47,55,25,45,109,103,61,6,122,10,30" hai2="33,115,43,117,78,71,41,58,75,135,85,51,42" hai3="131,81,57,68,65,126,108,18,116,70,123,27,104"/><V20/><F117/><W110/><G104/><T24/><D119/><U48/><E109/><V39/><F33/><W111/><G116/><T82/><D113/><U127/><E73/><V112/><F75/><W100/><G123/><T77/><D53/><U121/><E127/><V66/><F78/><W93/><G126/><T34/><D28/><U69/><E103/><AGARI ba="0,0" hai="8,9,24,29,34,77,79,82,83,86,87,95,99,103" machi="103" ten="30,7700,0" yaku="7,1,9,1,52,2" doraHai="4" who="0" fromWho="1" sc="364,77,277,-77,156,0,203,0" />
</Scene>
<Scene>
<INIT seed="7,0,0,1,4,120" ten="441,200,156,203" oya="3" hai0="113,35,83,48,3,67,28,135,88,117,24,106,121" hai1="21,111,39,99,100,4,55,116,49,2,86,6,108" hai2="56,89,101,119,63,92,23,90,70,66,44,30,77" hai3="131,112,13,5,59,105,42,60,29,20,78,54,1"/><W65/><G105/><T69/><D121/><U124/><E39/><V10/><F119/><W93/><G1/><T82/><D117/><U9/><E116/><V61/><F77/><W130/><G42/><T46/><D3/><U128/><E6/><V31/><F44/><W80/><G93/><T95/><D106/><U76/><E128/><N who="3" m="49194" /><G112/><T64/><D135/><U43/><E43/><V107/><F107/><W126/><G126/><T62/><D64/><U91/><E76/><V14/><F101/><W33/><G33/><T40/><D113/><U38/><E38/><V0/><F0/><W81/><G65/><T110/><D110/><U18/><E124/><V8/><F8/><N who="3" m="4239" /><G78/><T84/><AGARI ba="0,0" hai="24,28,35,40,46,48,62,67,69,82,83,84,88,95" machi="84" ten="20,2700,0" yaku="0,1,7,1,54,1" doraHai="120" who="0" fromWho="0" sc="441,27,200,-7,156,-7,203,-13" owari="468,57.0,193,-1.0,149,-35.0,190,-21.0" />
</Scene>
</mjloggm>