<mjloggm ver="2.3"><GO type="169"/><UN n0="%E3%82%BC%E3%83%B3%E3%83%84%E3%83%83%E3%83%91" n1="%E3%81%AE%E3%81%A9%E3%81%A3%E3%81%A1%2E" n2="%E3%81%BF%E3%82%84%E3%81%93%E3%82%93%EF%BC%99%E6%AD%B3" n3="%41%53%41%50%49%4E" dan="17,19,16,18" rate="2060,2288,2043,2241" sx="M,F,F,M"/><TAIKYOKU oya="0"/>

<Scene>
<INIT seed="0,0,0,0,3,105" ten="250,250,250,250" oya="0" hai0="59,11,16,33,126,19,104,96,114,49,85,41,26" hai1="13,61,53,29,120,24,94,32,17,123,135,51,125" hai2="0,124,84,46,127,22,128,31,45,28,102,87,80" hai3="44,54,39,15,71,69,37,12,68,99,55,42,109"/><T89/><D114/><U92/><E135/><V101/><F0/><W134/><G99/><T64/><D126/><U56/><E125/><V60/><F60/><W129/><G15/><T121/><D121/><U23/><E92/><V2/><F2/><W103/><G12/><T20/><D33/><U116/><E116/><V100/><F128/><W8/><G8/><T122/><D122/><U76/><E76/><V97/><F102/><W34/><G34/><T130/><D130/><U5/><E5/><V63/><F63/><W82/><G82/><T70/><D70/><U36/><E36/><N who="3" m="13898" /><G103/><T67/><D104/><U113/><E113/><V117/><F22/><W93/><G93/><T90/><D96/><U75/><E75/><V30/><F30/><W38/><G129/><T14/><D90/><U9/><E9/><V4/><F97/><W119/><G119/><T72/><D72/><U133/><E133/><V83/><REACH who="2" step="1"/><F117/><REACH who="2" ten="250,250,240,250" step="2"/><W57/><G134/><T111/><D111/><U108/><E108/><V21/><F21/><W78/><G109/><T112/><D112/><U25/><E123/><V77/><F77/><W95/><G78/><T73/><D73/><U131/><E120/><V65/><F65/><W107/><G107/><T91/><D91/><U1/><E1/><V86/><F86/><W79/><G79/><T43/><D67/><U10/><E131/><V47/><F47/><W27/><G44/><T58/><D64/><U62/><E23/><V115/><F115/><W40/><G71/><T98/><D98/><U118/><E118/><V132/><F132/><W66/><G69/><RYUUKYOKU ba="0,1" sc="250,-10,250,-10,240,30,250,-10" hai2="4,28,31,45,46,80,83,84,87,100,101,124,127" />
</Scene>
<Scene>
<INIT seed="1,1,1,4,3,96" ten="240,240,270,240" oya="1" hai0="56,97,68,121,55,132,21,119,111,33,83,69,46" hai1="128,10,49,108,93,39,125,120,92,58,36,35,57" hai2="124,37,123,102,24,48,99,60,91,71,116,23,118" hai3="117,126,122,7,80,61,113,89,79,0,88,12,127"/><U64/><E120/><V2/><F37/><W18/><G113/><T87/><D111/><U34/><E108/><V72/><F2/><W27/><G122/><T44/><D33/><U26/><E128/><V51/><F123/><W100/><G117/><T73/><D119/><U54/><E125/><N who="3" m="47626" /><G27/><T85/><D73/><U94/><E10/><V59/><F72/><N who="3" m="43111" /><G7/><T28/><D69/><U105/><E105/><V43/><F71/><W6/><G6/><T77/><D68/><U22/><E34/><V30/><F124/><W11/><G0/><T129/><D129/><U75/><E75/><V1/><F1/><W131/><G131/><T38/><D38/><U67/><E35/><V29/><F29/><W3/><G3/><T109/><D109/><U130/><E130/><V95/><F43/><W66/><G100/><T107/><D121/><U17/><REACH who="1" step="1"/><E64/><REACH who="1" ten="240,230,270,240" step="2"/><N who="2" m="38943" /><F118/><W31/><G31/><T86/><D28/><U14/><E14/><V13/><F13/><W134/><G134/><T4/><D132/><U84/><E84/><N who="2" m="52711" /><F116/><W110/><G110/><T19/><D86/><U52/><E52/><V98/><F98/><W50/><G66/><T9/><D55/><U32/><E32/><V82/><F82/><W103/><G12/><T65/><D83/><U78/><E78/><V104/><F104/><W5/><G11/><T70/><D9/><U45/><E45/><V112/><F112/><W16/><G5/><T62/><D4/><U114/><E114/><V53/><F53/><W115/><G115/><T40/><D107/><U76/><E76/><V8/><F8/><W74/><G74/><RYUUKYOKU ba="1,2" sc="240,-15,230,15,270,15,240,-15" hai1="17,22,26,36,39,49,54,57,58,67,92,93,94" hai2="23,24,30,48,51,99,102" />
</Scene>
<Scene>
<INIT seed="1,2,2,4,5,132" ten="225,245,285,225" oya="1" hai0="42,66,11,73,111,116,4,79,10,1,50,131,102" hai1="15,93,92,130,28,30,124,9,74,69,62,100,77" hai2="35,118,97,8,19,86,3,120,133,71,21,29,7" hai3="103,44,46,59,99,17,117,2,41,20,27,106,58"/><U51/><E130/><V112/><F71/><W110/><G2/><T83/><D111/><U125/><E77/><V38/><F38/><W109/><G117/><T78/><D131/><U82/><E82/><V39/><F39/><W60/><G58/><T67/><D116/><U24/><E74/><V81/><F118/><W52/><REACH who="3" step="1"/><G46/><REACH who="3" ten="225,245,285,215" step="2"/><T70/><D70/><U85/><E69/><V114/><F112/><W56/><G56/><T90/><D1/><U22/><E62/><V88/><F114/><W18/><G18/><T104/><D4/><U32/><E30/><V94/><F120/><W119/><G119/><T121/><D121/><U61/><E61/><V89/><F133/><W45/><G45/><T91/><D67/><U14/><E32/><V64/><F64/><W87/><G87/><T43/><D66/><U123/><E123/><V76/><F35/><W115/><G115/><T23/><D73/><U33/><E33/><V6/><F29/><W16/><G16/><T113/><D113/><U63/><E63/><V72/><F7/><W128/><G128/><T80/><D104/><U107/><E107/><V12/><REACH who="2" step="1"/><F72/><REACH who="2" ten="225,245,275,215" step="2"/><W54/><G54/><T68/><D68/><U134/><E134/><V122/><F122/><W13/><G13/><T5/><D5/><U40/><E14/><V36/><F36/><AGARI ba="2,4" hai="17,20,27,36,41,44,52,59,60,99,103,106,109,110" machi="36" ten="40,5200,0" yaku="1,1,54,1,53,1" doraHai="132" doraHaiUra="53" who="3" fromWho="2" sc="225,0,245,0,275,-58,215,98" />
</Scene>
<Scene>
<INIT seed="2,0,0,1,3,1" ten="225,245,217,313" oya="2" hai0="87,91,61,14,22,98,83,88,133,77,3,74,92" hai1="97,55,134,127,72,15,4,38,56,117,99,20,24" hai2="9,65,44,16,53,31,21,52,96,115,35,41,86" hai3="33,49,64,57,108,122,101,10,82,26,121,126,0"/><V58/><F115/><W29/><G108/><T84/><D3/><U120/><E117/><V42/><F35/><W68/><G126/><T76/><D133/><U105/><E72/><V85/><F31/><W129/><G129/><T48/><D61/><U132/><E38/><V75/><F75/><W67/><G101/><T7/><D48/><U66/><E66/><V59/><F96/><W43/><G68/><T8/><D77/><U12/><E12/><N who="2" m="9351" /><F9/><W17/><G67/><T62/><D62/><U135/><E127/><V70/><F70/><W89/><G64/><T36/><D36/><U28/><E105/><V50/><F65/><W32/><G32/><T112/><D112/><U23/><E23/><V46/><F44/><W11/><G11/><T116/><D116/><U123/><E123/><V131/><F131/><W93/><G0/><T100/><REACH who="0" step="1"/><D22/><REACH who="0" ten="215,245,217,313" step="2"/><U39/><E39/><V13/><F41/><W78/><G43/><T69/><D69/><U107/><E120/><V47/><F42/><W81/><G33/><T106/><D106/><U25/><E107/><V95/><F46/><W27/><G122/><T125/><D125/><U130/><E130/><V40/><F40/><W102/><G121/><T18/><D18/><U128/><E128/><V37/><F37/><W34/><G17/><T79/><D79/><U119/><E119/><V94/><F47/><W30/><G34/><T103/><D103/><U80/><E134/><V63/><F13/><W118/><G118/><T109/><D109/><U73/><E15/><V45/><F45/><W90/><G30/><T51/><D51/><RYUUKYOKU ba="0,1" sc="215,15,245,-15,217,15,313,-15" hai0="7,8,14,74,76,83,84,87,88,91,92,98,100" hai2="50,52,53,58,59,63,85,86,94,95" />
</Scene>
<Scene>
<INIT seed="2,1,1,0,0,132" ten="230,230,232,298" oya="2" hai0="35,12,22,24,33,42,112,84,99,56,75,45,114" hai1="96,34,28,95,70,17,62,97,116,47,89,18,100" hai2="122,49,108,23,106,51,7,54,48,53,40,52,61" hai3="3,39,101,71,21,41,128,79,119,94,81,135,113"/><V25/><F106/><W109/><G119/><T37/><D75/><U133/><E116/><V43/><F122/><W80/><G71/><T5/><D33/><U16/><E133/><V87/><F7/><W27/><G3/><T57/><D35/><U125/><E47/><V123/><F123/><W69/><G69/><T130/><D130/><U59/><E70/><V58/><F87/><W93/><G135/><T107/><D56/><U111/><E111/><V55/><REACH who="2" step="1"/><F108/><REACH who="2" ten="230,230,222,298" step="2"/><W63/><G109/><T77/><D84/><U110/><E110/><V0/><F0/><W46/><G128/><T83/><D5/><U76/><E76/><V64/><F64/><W44/><G79/><T36/><D107/><U134/><E134/><V4/><F4/><W73/><G73/><T32/><D77/><U50/><E97/><V120/><F120/><W20/><G113/><T90/><D99/><U31/><E96/><V29/><AGARI ba="1,2" hai="23,25,29,40,43,48,49,51,52,53,54,55,58,61" machi="29" ten="30,11700,0" yaku="1,1,0,1,8,1,54,1,53,0" doraHai="132" doraHaiUra="78" who="2" fromWho="2" sc="230,-40,230,-40,222,140,298,-40" />
</Scene>
<Scene>
<INIT seed="2,2,0,4,0,19" ten="190,190,362,258" oya="2" hai0="41,127,92,56,13,21,119,44,12,57,3,93,80" hai1="110,107,89,7,79,60,46,63,64,94,130,22,77" hai2="8,29,123,67,39,32,27,106,111,55,134,50,54" hai3="85,108,69,24,103,45,121,73,132,23,102,83,14"/><V30/><F123/><W133/><G121/><T126/><D3/><U125/><E107/><V61/><F39/><W4/><G69/><T68/><D68/><U2/><E125/><N who="0" m="47625" /><D80/><U65/><E130/><V38/><F38/><W26/><G73/><T0/><D0/><U117/><E117/><V1/><F134/><N who="3" m="51819" /><G108/><T115/><D115/><U82/><E110/><V74/><F74/><W124/><G124/><T16/><D12/><U86/><E7/><V122/><F122/><W52/><G24/><T17/><D17/><U42/><E2/><V34/><F106/><W100/><G14/><T81/><D81/><U20/><E46/><V91/><F111/><W78/><G4/><T70/><D70/><U101/><E101/><V66/><F1/><W128/><G128/><T116/><D93/><U129/><E42/><V51/><F27/><W33/><G33/><T49/><D92/><U120/><E120/><V71/><F71/><W6/><G6/><T37/><D37/><U105/><E105/><V10/><F61/><N who="1" m="23625" /><E129/><V9/><F9/><W5/><G5/><T96/><D96/><N who="1" m="57423" /><E79/><V15/><F15/><W11/><G11/><T99/><D99/><U98/><E98/><V47/><F47/><W95/><G95/><T53/><D41/><U114/><E114/><V109/><F109/><W72/><G72/><T59/><AGARI ba="2,0" hai="13,16,21,44,49,53,56,57,59,116,119" m="47625" machi="59" ten="40,5200,0" yaku="18,1,52,1,54,1" doraHai="19" who="0" fromWho="0" sc="190,58,190,-15,362,-28,258,-15" />
</Scene>
<Scene>
<INIT seed="3,0,0,3,3,20" ten="248,175,334,243" oya="3" hai0="116,38,132,11,121,24,124,44,99,76,55,39,21" hai1="60,130,122,46,113,108,49,103,4,23,93,64,36" hai2="15,59,40,74,126,107,102,91,47,41,45,98,29" hai3="129,77,97,66,5,51,105,72,69,120,128,110,19"/><W13/><G120/><T81/><D121/><U28/><E122/><V62/><F74/><W48/><G5/><T85/><D116/><U115/><E4/><V3/><F3/><W86/><G72/><T16/><D124/><U111/><E36/><V92/><F126/><W6/><G6/><T52/><D132/><U35/><E35/><V53/><F29/><W58/><G69/><T118/><D118/><U30/><E130/><N who="3" m="50282" /><G110/><T83/><D11/><U135/><E135/><V104/><F15/><W7/><G7/><T18/><D18/><U14/><E30/><V26/><F107/><W101/><G66/><T54/><D44/><U88/><E103/><V37/><F104/><W131/><G58/><T87/><REACH who="0" step="1"/><D99/><REACH who="0" ten="238,175,334,243" step="2"/><U127/><E127/><V34/><F45/><W31/><G131/><T65/><D65/><U0/><E111/><V68/><F47/><W133/><G133/><T57/><D57/><U50/><E46/><V61/><F59/><W2/><G31/><T70/><D70/><U42/><E28/><V56/><F56/><W96/><G96/><T8/><D8/><U123/><E108/><V25/><F68/><W33/><G2/><T109/><D109/><U125/><E0/><V80/><F98/><W119/><G119/><T1/><D1/><U71/><E125/><V79/><F37/><W89/><G33/><T112/><D112/><U82/><E123/><V134/><F34/><W75/><G19/><T22/><D22/><U94/><E115/><V90/><F134/><W17/><G17/><T67/><D67/><U63/><E64/><V106/><F41/><RYUUKYOKU ba="0,1" sc="238,30,175,-10,334,-10,243,-10" hai0="16,21,24,38,39,52,54,55,76,81,83,85,87" />
</Scene>
<Scene>
<INIT seed="4,1,1,3,4,113" ten="268,165,324,233" oya="0" hai0="31,26,79,57,120,15,105,130,93,72,115,7,23" hai1="41,34,104,70,85,135,87,91,114,103,55,69,74" hai2="118,49,119,12,40,52,33,68,126,92,58,90,83" hai3="73,100,75,86,56,128,19,65,132,0,29,98,134"/><T82/><D115/><U50/><E34/><V46/><F33/><W44/><G0/><T102/><D130/><U116/><E114/><V3/><F3/><W109/><G109/><T94/><D120/><U112/><E112/><V24/><F24/><W9/><G128/><T123/><D123/><U11/><E41/><V16/><F83/><W6/><G29/><T13/><D105/><U121/><E121/><V78/><F78/><W5/><G44/><T37/><D37/><U96/><E74/><V4/><F4/><N who="3" m="1643" /><G86/><T2/><D2/><U20/><E87/><N who="2" m="52319" /><F68/><W129/><G129/><T99/><D7/><U62/><E11/><V60/><F126/><W30/><G30/><T43/><D43/><U77/><E77/><V14/><F16/><W111/><G111/><T131/><D131/><U51/><E70/><V48/><F60/><N who="3" m="38023" /><G19/><T54/><REACH who="0" step="1"/><D94/><REACH who="0" ten="258,165,324,233" step="2"/><U25/><E104/><V106/><F106/><N who="3" m="63767" /><G9/><T71/><D71/><U80/><E69/><V42/><F40/><W122/><G122/><T8/><D8/><U39/><E39/><V107/><F107/><W76/><G134/><T21/><D21/><U47/><E20/><V64/><F42/><W66/><G132/><T10/><D10/><U27/><E135/><V127/><F127/><W108/><G108/><T32/><D32/><U84/><E80/><V88/><F12/><W133/><G133/><T63/><AGARI ba="1,2" hai="13,15,23,26,31,54,57,63,72,79,82,93,99,102" machi="63" ten="20,3900,0" yaku="1,1,0,1,7,1,53,0" doraHai="113" doraHaiUra="61" who="0" fromWho="0" sc="258,62,165,-14,324,-14,233,-14" />
</Scene>
<Scene>
<INIT seed="4,2,0,4,1,23" ten="320,151,310,219" oya="0" hai0="7,104,112,89,26,25,128,4,5,43,29,97,80" hai1="56,70,85,41,130,32,79,129,64,48,40,17,60" hai2="0,73,33,72,21,86,37,119,61,54,24,52,62" hai3="68,108,11,75,96,18,71,67,22,95,93,50,117"/><T58/><D29/><U27/><E79/><V100/><F33/><W114/><G108/><T132/><D104/><U122/><E85/><V9/><F37/><W116/><G75/><T78/><D112/><U42/><E17/><V115/><F115/><W135/><G114/><T66/><D128/><N who="1" m="49259" /><E32/><V63/><F100/><W126/><G135/><T30/><D132/><U121/><E27/><N who="0" m="10249" /><D30/><U76/><E76/><V55/><F119/><W15/><G126/><T46/><D78/><U105/><E105/><V134/><F134/><W84/><G71/><T16/><D16/><U38/><E48/><V91/><F9/><W74/><G18/><T13/><D13/><U123/><E70/><V106/><F0/><W12/><G15/><T94/><D80/><U14/><E14/><V44/><F106/><W120/><G12/><T125/><D125/><U34/><E34/><V77/><F77/><W133/><G68/><T36/><D36/><AGARI ba="2,0" hai="36,38,40,41,42,56,60,64,121,122,123" m="49259" machi="36" ten="40,5200,0" yaku="19,1,34,2" doraHai="23" who="1" fromWho="0" sc="320,-58,151,58,310,0,219,0" />
</Scene>
<Scene>
<INIT seed="5,0,0,0,0,113" ten="262,209,310,219" oya="1" hai0="99,20,83,25,51,92,4,100,3,5,58,110,89" hai1="17,127,101,91,54,77,105,79,98,16,52,14,40" hai2="132,8,60,121,111,39,95,122,62,119,133,130,69" hai3="120,64,94,108,1,44,106,72,87,78,13,126,102"/><U53/><E127/><V12/><F39/><W37/><G120/><N who="2" m="46185" /><F111/><W115/><G1/><T21/><D110/><U26/><E40/><V59/><F69/><W131/><G115/><T15/><D3/><U80/><E26/><V10/><F95/><W42/><G131/><T33/><D33/><U34/><E34/><V46/><F130/><W88/><G126/><T23/><D25/><U47/><E47/><V63/><F59/><W11/><G108/><T128/><D128/><U38/><E38/><V116/><F46/><W75/><G78/><T66/><D15/><U85/><REACH who="1" step="1"/><E17/><REACH who="1" ten="262,199,310,219" step="2"/><V112/><F112/><W118/><G44/><T6/><D83/><U123/><E123/><V18/><F18/><W19/><G42/><T35/><D35/><U71/><E71/><V104/><F12/><W28/><G37/><T41/><D41/><U45/><E45/><V134/><F104/><W90/><G19/><T27/><D27/><U117/><E117/><AGARI ba="0,1" hai="8,10,60,62,63,116,117,119,132,133,134" m="46185" machi="117" ten="40,12000,2" yaku="28,2,20,1,52,3" doraHai="113" who="2" fromWho="1" sc="262,0,199,-120,310,130,219,0" />
</Scene>
<Scene>
<INIT seed="6,0,0,2,0,74" ten="262,79,440,219" oya="2" hai0="93,123,73,82,55,5,66,34,116,80,47,81,90" hai1="62,109,133,85,52,72,114,30,92,67,36,56,101" hai2="25,38,75,58,13,135,100,21,98,19,51,28,22" hai3="68,107,102,115,79,11,49,129,76,69,2,60,97"/><V3/><F38/><W23/><G129/><T78/><D34/><U18/><E72/><V84/><F75/><W59/><G115/><T125/><D123/><U32/><E109/><V119/><F3/><W1/><G49/><T16/><D5/><U39/><E114/><V50/><F119/><W86/><G86/><T71/><D125/><U117/><E117/><V7/><F7/><W65/><G11/><T12/><D116/><U128/><E128/><V54/><F135/><W95/><G1/><T111/><D111/><U91/><E133/><V43/><F84/><W42/><G42/><T104/><D104/><U26/><E18/><V118/><F118/><W130/><G2/><T10/><D66/><U106/><E106/><V45/><F98/><W88/><G130/><T6/><D71/><U4/><E101/><AGARI ba="0,0" hai="13,19,21,22,25,28,43,45,50,51,54,58,100,101" machi="101" ten="40,2000,0" yaku="8,1" doraHai="74" who="2" fromWho="1" sc="262,0,79,-20,440,20,219,0" />
</Scene>
<Scene>
<INIT seed="6,1,0,1,3,13" ten="262,59,460,219" oya="2" hai0="43,85,124,21,44,7,75,88,121,92,100,73,115" hai1="37,38,26,1,116,62,6,94,4,53,0,10,15" hai2="49,81,113,112,50,67,8,46,89,125,77,41,104" hai3="110,74,80,70,102,130,30,98,3,101,128,20,108"/><V39/><F104/><W131/><G70/><T106/><D121/><U114/><E116/><V54/><F89/><W19/><G3/><T87/><D115/><N who="2" m="44106" /><F125/><W33/><G30/><T16/><D7/><U90/><E114/><V61/><F8/><W123/><G33/><T28/><D28/><U129/><E129/><V83/><F77/><N who="3" m="44087" /><G123/><T2/><D2/><U134/><E134/><V107/><F107/><N who="3" m="63927" /><G102/><T122/><D122/><U52/><E26/><AGARI ba="1,0" hai="19,20,26,108,110,128,130,131" m="63927,44087" machi="26" ten="30,2000,0" yaku="19,1,52,1" doraHai="13" who="3" fromWho="1" sc="262,0,59,-23,460,0,219,23" />
</Scene>
<Scene>
<INIT seed="7,0,0,1,1,7" ten="262,36,460,242" oya="3" hai0="11,81,2,102,14,105,86,61,123,100,52,95,4" hai1="114,49,115,28,94,8,96,134,88,47,12,128,91" hai2="37,72,33,71,36,56,1,29,39,133,129,131,0" hai3="85,21,109,101,25,73,16,51,10,97,79,121,38"/><W127/><G121/><T89/><D123/><U40/><E128/><N who="2" m="49227" /><F72/><W41/><G73/><T93/><D105/><U5/><E134/><V124/><F71/><W30/><G38/><T45/><D2/><U44/><E115/><V122/><F122/><W103/><G127/><T22/><D22/><U43/><E114/><V48/><F133/><W135/><G135/><T120/><D120/><U23/><E28/><V77/><F77/><W50/><G109/><T20/><D20/><U17/><E91/><V46/><F56/><W54/><G41/><T59/><D45/><U67/><E67/><V108/><F108/><W55/><G97/><N who="0" m="57519" /><D95/><U70/><E70/><V19/><F124/><W18/><G30/><T6/><D6/><U126/><E126/><V130/><F130/><W78/><G21/><T66/><D66/><U15/><E44/><V58/><F19/><W68/><G68/><T57/><D57/><U63/><E63/><V116/><F58/><W62/><G85/><T82/><D82/><U83/><E83/><V13/><F13/><W65/><G65/><T119/><D119/><U113/><E113/><V132/><F116/><W99/><G99/><T106/><D106/><U110/><E110/><V24/><F132/><W98/><G98/><T3/><D3/><U53/><E43/><AGARI ba="0,0" hai="0,1,24,29,33,36,37,39,43,46,48" m="49227" machi="43" ten="40,1300,0" yaku="19,1" doraHai="7" who="2" fromWho="1" sc="262,0,36,-13,460,13,242,0" owari="262,6.0,23,-48.0,473,58.0,242,-16.0" />
</Scene>
</mjloggm>