<mjloggm ver="2.3"><GO type="169" lobby="0"/><UN n0="%E5%A4%A9%E7%A9%BA%E3%81%AE%E7%99%BD%E3%82%82%E3%82%93%E3%81%9F" n1="%E3%83%AA%E3%83%84%E3%83%9F%E3%82%B5%E3%83%B3" n2="%E3%82%AF%E3%83%A9" n3="%41%53%41%50%49%4E" dan="16,18,16,19" rate="2118.12,2167.36,2067.98,2256.74" sx="F,M,M,M"/><TAIKYOKU oya="0"/>

<Scene>
<INIT seed="0,0,0,5,4,14" ten="250,250,250,250" oya="0" hai0="108,46,95,55,39,102,60,40,117,75,124,67,114" hai1="16,2,92,31,93,20,17,73,45,47,98,88,27" hai2="32,63,25,100,64,115,13,12,85,105,21,96,66" hai3="94,51,78,111,53,54,81,50,6,18,79,99,128"/><T35/><D117/><U69/><E69/><V87/><F115/><W131/><G111/><T59/><D114/><U125/><E73/><V120/><F120/><W122/><G122/><T126/><D35/><U129/><E2/><V29/><F64/><W9/><G51/><T116/><D75/><U8/><E129/><N who="3" m="49738" /><G50/><N who="0" m="31223" /><D116/><U70/><E70/><N who="2" m="42335" /><F12/><N who="3" m="7439" /><G6/><T15/><D15/><N who="1" m="7271" /><E125/><N who="0" m="48233" /><D102/><N who="1" m="60743" /><E31/><V112/><F112/><W134/><G134/><T89/><D108/><U61/><E61/><V26/><F13/><W52/><G81/><T10/><D10/><U4/><E4/><V3/><F3/><W135/><G135/><T83/><D83/><U57/><E57/><V103/><F103/><AGARI ba="0,0" hai="52,53,54,78,79,94,99,103" m="7439,49738" machi="103" ten="30,3900,0" yaku="19,1,52,1,54,1" doraHai="14" who="3" fromWho="2" sc="250,0,250,0,250,-39,250,39" />
</Scene>
<Scene>
<INIT seed="1,0,0,0,3,109" ten="250,250,211,289" oya="1" hai0="68,10,26,113,1,112,128,79,48,81,0,97,63" hai1="52,18,2,6,32,40,60,36,11,31,61,94,104" hai2="105,14,59,92,101,120,4,66,100,107,73,33,43" hai3="110,54,80,85,117,121,5,71,129,15,46,130,19"/><U27/><E104/><V53/><F120/><W95/><G121/><T89/><D48/><U75/><E75/><V42/><F73/><W25/><G71/><T47/><D47/><U38/><E40/><V125/><F33/><W74/><G110/><T70/><D26/><U115/><E115/><V122/><F122/><W118/><G74/><T96/><D89/><U62/><E94/><V114/><F125/><W34/><G5/><T124/><D81/><U69/><E69/><V103/><F66/><W72/><G72/><T87/><D87/><U8/><E8/><V119/><F119/><N who="3" m="45579" /><G95/><T39/><D39/><U126/><E126/><V93/><F114/><W65/><G65/><T56/><D56/><U123/><E123/><V132/><F132/><W108/><G108/><T41/><D41/><N who="2" m="15370" /><F107/><W134/><G134/><T102/><D10/><U76/><E76/><V98/><F93/><W86/><G86/><T111/><D124/><U12/><REACH who="1" step="1"/><E52/><REACH who="1" ten="250,240,211,289" step="2"/><V37/><F105/><W133/><G133/><T28/><D79/><U57/><E57/><V77/><F77/><N who="3" m="46223" /><G54/><T50/><D112/><U64/><E64/><V44/><F37/><W21/><G46/><T78/><D70/><U116/><E116/><V67/><F67/><W83/><G83/><T106/><D78/><U91/><E91/><V24/><F44/><W88/><G88/><T20/><D68/><U99/><E99/><V45/><F45/><W90/><G90/><T84/><D113/><U22/><AGARI ba="0,1" hai="2,6,11,12,18,22,27,31,32,36,38,60,61,62" machi="22" ten="30,11700,0" yaku="1,1,0,1,24,2,53,0" doraHai="109" doraHaiUra="49" who="1" fromWho="1" sc="250,-39,240,127,211,-39,289,-39" />
</Scene>
<Scene>
<INIT seed="1,1,0,2,2,44" ten="211,367,172,250" oya="1" hai0="109,89,97,73,85,53,106,111,29,69,20,123,3" hai1="92,51,78,102,95,55,21,4,82,68,57,66,45" hai2="113,26,32,2,103,93,127,35,36,116,7,18,43" hai3="67,60,98,75,125,54,96,100,134,79,9,10,61"/><U117/><E117/><V81/><F113/><W62/><G134/><T83/><D3/><U38/><E102/><V91/><F116/><W86/><G75/><T99/><D69/><U87/><E4/><V14/><F127/><W28/><G125/><T107/><D29/><U129/><E129/><V11/><F103/><W101/><G28/><T23/><D53/><U108/><E108/><N who="0" m="41545" /><D23/><U110/><E110/><V122/><F122/><W25/><G25/><T17/><D123/><U27/><E68/><V16/><F81/><N who="3" m="47423" /><G101/><T90/><D73/><U41/><REACH who="1" step="1"/><E66/><REACH who="1" ten="211,357,172,250" step="2"/><V120/><F120/><W12/><G100/><N who="0" m="62735" /><D107/><U88/><E88/><N who="0" m="33897" /><D99/><U50/><E50/><V8/><F36/><W15/><G67/><T33/><D33/><U13/><E13/><V63/><F32/><W52/><G96/><T22/><D17/><AGARI ba="1,1" hai="17,21,27,38,41,45,51,55,57,78,82,87,92,95" machi="17" ten="30,5800,0" yaku="1,1,7,1,52,1,53,0" doraHai="44" doraHaiUra="1" who="1" fromWho="0" sc="211,-61,357,71,172,0,250,0" />
</Scene>
<Scene>
<INIT seed="1,2,0,5,1,52" ten="150,428,172,250" oya="1" hai0="59,57,72,103,89,9,33,81,125,67,38,82,98" hai1="46,115,0,6,1,111,129,45,50,70,127,93,126" hai2="44,63,42,73,34,119,102,134,22,107,21,7,30" hai3="97,16,2,39,14,37,78,71,128,55,68,133,24"/><U17/><E70/><V109/><F119/><W130/><G2/><T123/><D125/><U27/><E115/><V114/><F114/><W116/><G116/><T36/><D33/><U83/><E129/><N who="3" m="49770" /><G133/><T19/><D123/><U80/><E93/><V77/><F134/><W32/><G78/><T3/><D38/><N who="3" m="14345" /><G97/><T106/><D36/><U54/><E6/><V87/><F7/><W131/><G131/><T56/><D67/><U91/><E111/><V48/><F109/><W69/><G55/><T66/><D66/><U92/><E0/><V85/><F73/><W58/><G24/><T31/><D31/><U112/><E1/><V28/><F77/><W62/><G32/><T104/><D104/><U60/><E112/><V8/><F30/><W132/><G132/><T95/><D72/><U41/><E127/><V47/><F28/><W4/><G4/><T122/><D122/><U35/><E35/><V25/><F34/><W105/><G105/><T13/><REACH who="0" step="1"/><D3/><REACH who="0" ten="140,428,172,250" step="2"/><U65/><E126/><V26/><F107/><W84/><G69/><T29/><D29/><U99/><E65/><V113/><F113/><W20/><G71/><T15/><D15/><U124/><E124/><V12/><F12/><W11/><G68/><T96/><AGARI ba="2,1" hai="9,13,19,56,57,59,81,82,89,95,96,98,103,106" machi="96" ten="30,8000,1" yaku="1,1,0,1,52,3,53,0" doraHai="52" doraHaiUra="18" who="0" fromWho="0" sc="140,96,428,-42,172,-22,250,-22" />
</Scene>
<Scene>
<INIT seed="2,0,0,2,5,43" ten="236,386,150,228" oya="2" hai0="74,58,32,107,112,106,15,94,17,35,71,120,60" hai1="3,125,12,44,30,33,2,46,24,67,4,88,19" hai2="122,5,109,123,89,92,64,95,98,7,59,133,81" hai3="127,129,79,6,28,116,73,76,39,66,90,86,8"/><V87/><F133/><W14/><G116/><T65/><D120/><U42/><E67/><V70/><F70/><W117/><G117/><T102/><D74/><U100/><E100/><V9/><F109/><W72/><G39/><T105/><D112/><U93/><E125/><V134/><F134/><W135/><G127/><T118/><D118/><U27/><E27/><V48/><F92/><W83/><G135/><T96/><REACH who="0" step="1"/><D71/><REACH who="0" ten="226,386,150,228" step="2"/><U11/><E2/><V78/><F123/><W110/><G73/><T69/><D69/><U80/><E80/><V114/><F114/><W1/><G72/><T130/><D130/><U29/><E42/><V20/><F122/><W121/><G129/><T53/><D53/><U40/><E40/><V63/><F9/><AGARI ba="0,1" hai="9,15,17,32,35,58,60,65,94,96,102,105,106,107" machi="9" ten="40,1300,0" yaku="1,1,53,0" doraHai="43" doraHaiUra="124" who="0" fromWho="2" sc="226,23,386,0,150,-13,228,0" />
</Scene>
<Scene>
<INIT seed="3,0,0,4,3,117" ten="249,386,137,228" oya="3" hai0="130,9,59,113,24,55,118,20,131,121,57,13,95" hai1="27,68,78,58,126,94,47,64,26,25,8,34,76" hai2="107,2,69,12,92,29,15,43,21,16,129,48,108" hai3="42,105,52,133,40,50,11,127,103,88,96,32,63"/><W106/><G32/><T6/><D118/><U0/><E68/><V102/><F2/><W85/><G106/><T18/><D113/><U61/><E34/><V36/><F36/><W73/><G73/><T112/><D112/><U111/><E126/><V83/><F107/><W91/><G133/><T74/><D74/><U28/><E28/><V81/><F69/><W65/><G127/><T44/><D95/><U70/><E111/><V37/><F37/><W114/><G114/><T128/><D121/><U49/><E0/><V82/><F108/><W51/><G11/><T90/><D90/><U101/><E70/><V19/><F29/><W98/><G51/><AGARI ba="0,0" hai="6,9,13,18,20,24,44,51,55,57,59,128,130,131" machi="51" ten="40,1300,0" yaku="19,1" doraHai="117" who="0" fromWho="3" sc="249,13,386,0,137,0,228,-13" />
</Scene>
<Scene>
<INIT seed="4,0,0,3,4,47" ten="262,386,137,215" oya="0" hai0="97,63,35,38,75,37,42,39,1,16,65,41,56" hai1="10,109,23,55,91,14,0,60,66,92,67,129,45" hai2="29,126,113,133,25,46,6,64,54,51,86,3,111" hai3="82,70,95,110,72,122,88,33,49,99,57,102,89"/><T127/><D35/><U34/><E0/><V131/><F111/><W59/><G110/><T125/><D1/><U71/><E34/><V7/><F113/><W21/><G33/><T98/><D75/><U20/><E129/><V48/><F131/><W100/><G70/><T80/><D80/><U135/><E135/><V94/><F133/><W8/><G122/><T104/><D104/><U107/><E107/><V76/><F126/><N who="0" m="48138" /><D16/><U32/><E67/><V15/><F3/><W84/><G72/><T132/><D132/><U130/><E32/><V12/><F64/><W119/><G119/><T74/><D74/><U83/><E83/><N who="2" m="47463" /><F94/><W128/><G128/><T18/><D18/><U116/><E116/><V22/><F48/><W93/><G8/><T68/><D68/><U85/><E109/><V17/><F15/><W9/><G9/><AGARI ba="0,0" hai="6,7,9,12,17,22,25,29,46,51,54" m="47463" machi="9" ten="30,2000,0" yaku="8,1,52,1" doraHai="47" who="2" fromWho="3" sc="262,0,386,0,137,20,215,-20" />
</Scene>
<Scene>
<INIT seed="5,0,0,5,2,50" ten="262,386,157,195" oya="1" hai0="125,46,106,56,10,115,60,101,67,71,70,41,55" hai1="14,58,61,24,108,133,63,97,120,92,68,65,59" hai2="72,16,128,52,35,0,90,124,57,126,36,5,19" hai3="114,89,2,43,11,23,111,31,107,22,33,129,116"/><U76/><E120/><V119/><F119/><W94/><G111/><T131/><D10/><U91/><E133/><V73/><F36/><W100/><G116/><T95/><D106/><U69/><E76/><V8/><F35/><W15/><G2/><T132/><D95/><U54/><E108/><V21/><F128/><W110/><G110/><T121/><D101/><U38/><E38/><V83/><F90/><W37/><G129/><T34/><D34/><U12/><E69/><N who="0" m="26121" /><D131/><U81/><E81/><V17/><F21/><W79/><G114/><T109/><D109/><U30/><E68/><V99/><F99/><W27/><G79/><T66/><D125/><N who="2" m="48234" /><F83/><W13/><G13/><T48/><D132/><U26/><E26/><V74/><F74/><W96/><G43/><T103/><D103/><U117/><E117/><V80/><F80/><W102/><G37/><N who="0" m="21807" /><D121/><U20/><AGARI ba="0,0" hai="12,14,20,24,30,54,58,59,61,63,65,91,92,97" machi="20" ten="20,7800,0" yaku="0,1,7,1,8,1,52,1" doraHai="50" who="1" fromWho="1" sc="262,-26,386,78,157,-26,195,-26" />
</Scene>
<Scene>
<INIT seed="5,1,0,4,0,8" ten="236,464,131,169" oya="1" hai0="90,88,40,84,86,71,87,73,48,108,115,1,30" hai1="3,39,76,52,127,132,21,56,29,125,113,130,64" hai2="46,114,101,32,35,110,89,72,124,96,131,17,104" hai3="44,100,20,133,79,54,53,134,75,70,103,26,61"/><U67/><E3/><V99/><F110/><W122/><G122/><T135/><D108/><U60/><E76/><V9/><F131/><W12/><G79/><T23/><D71/><U6/><E6/><V105/><F72/><W31/><G75/><T49/><D73/><U38/><E29/><V58/><F124/><W116/><G116/><T123/><D1/><U94/><E94/><V28/><F114/><W13/><G54/><T68/><D68/><U47/><E21/><V36/><F28/><W22/><G22/><T14/><D115/><U111/><E113/><V50/><F58/><N who="3" m="35023" /><G44/><N who="0" m="25607" /><D123/><U2/><E2/><V19/><F36/><W27/><G27/><N who="0" m="16767" /><D49/><U106/><E106/><V11/><F50/><W97/><G70/><T120/><D120/><U16/><E111/><V5/><F46/><W51/><G51/><T83/><D135/><N who="3" m="51721" /><G103/><T66/><D66/><U112/><E112/><V107/><F107/><AGARI ba="1,0" hai="12,13,20,26,31,97,100,107" m="51721,35023" machi="107" ten="30,3900,0" yaku="20,1,52,2" doraHai="8" who="3" fromWho="2" sc="236,0,464,0,131,-42,169,42" />
</Scene>
<Scene>
<INIT seed="6,0,0,4,2,21" ten="236,464,89,211" oya="2" hai0="96,74,13,29,31,99,77,55,128,79,125,118,52" hai1="4,33,72,45,113,119,92,91,89,22,64,12,75" hai2="30,94,71,16,42,134,32,36,133,104,47,114,9" hai3="69,57,101,122,90,73,43,44,41,67,65,15,85"/><V20/><F104/><W127/><G122/><T97/><D128/><U82/><E33/><V27/><F71/><W17/><G73/><T135/><D135/><N who="2" m="51722" /><F9/><W6/><G69/><T78/><D125/><U130/><E130/><V98/><F114/><W3/><G127/><T56/><D118/><U7/><E119/><V131/><F131/><W86/><G6/><T68/><D68/><U2/><E7/><V129/><F129/><W81/><G3/><T8/><D74/><U59/><E4/><V37/><F37/><W38/><G101/><T87/><D87/><U84/><E2/><V95/><F98/><W111/><G111/><T120/><D120/><U117/><E113/><V46/><F47/><W70/><G70/><T10/><D13/><AGARI ba="0,0" hai="13,16,20,27,30,32,36,42,46,94,95" m="51722" machi="13" ten="30,5800,0" yaku="20,1,52,1,54,1" doraHai="21" who="2" fromWho="0" sc="236,-58,464,0,89,58,211,0" />
</Scene>
<Scene>
<INIT seed="6,1,0,1,3,6" ten="178,464,147,211" oya="2" hai0="115,5,121,88,46,21,12,133,57,122,70,105,38" hai1="77,127,86,24,110,62,123,55,23,37,96,117,91" hai2="90,101,66,99,130,118,108,89,9,53,75,129,104" hai3="11,102,97,80,32,49,60,93,73,27,43,48,120"/><V111/><F66/><W67/><G120/><T51/><D105/><U35/><E37/><V131/><F53/><W81/><G32/><T18/><D133/><U128/><E35/><V31/><F31/><W100/><G27/><T79/><D79/><U39/><E39/><V17/><F118/><W7/><G100/><T135/><D135/><U34/><E34/><V29/><F29/><W44/><G49/><T132/><D132/><U16/><E123/><V2/><F75/><W72/><G72/><T71/><D88/><N who="2" m="33898" /><F17/><W28/><G28/><T40/><D121/><U113/><E16/><V112/><F112/><W47/><G47/><T41/><D115/><U52/><E117/><V95/><F104/><W58/><G73/><T74/><D74/><U22/><E55/><V68/><F68/><W3/><AGARI ba="1,0" hai="3,7,11,43,44,48,58,60,67,80,81,93,97,102" machi="3" ten="20,2700,0" yaku="0,1,7,1,52,1" doraHai="6" who="3" fromWho="3" sc="178,-8,464,-8,147,-14,211,30" />
</Scene>
<Scene>
<INIT seed="7,0,0,2,4,40" ten="170,456,133,241" oya="3" hai0="3,15,7,89,88,61,79,126,53,32,92,69,47" hai1="33,122,98,18,83,116,90,123,42,124,70,85,81" hai2="6,36,64,129,14,91,41,97,20,114,58,38,120" hai3="4,34,117,78,9,56,99,113,60,65,118,105,62"/><W112/><G34/><T87/><D32/><U43/><E70/><V51/><F120/><W133/><G133/><T39/><D126/><U54/><E33/><V57/><F114/><N who="3" m="44139" /><G78/><T110/><D110/><U35/><E35/><V28/><F129/><W107/><G62/><T31/><D3/><U27/><E124/><V50/><F38/><W100/><G105/><T2/><D2/><AGARI ba="0,0" hai="2,4,9,56,60,65,99,100,107,117,118" m="44139" machi="2" ten="30,1500,0" yaku="15,1" doraHai="40" who="3" fromWho="0" sc="170,-15,456,0,133,0,241,15" />
</Scene>
<Scene>
<INIT seed="7,1,0,3,4,77" ten="155,456,133,256" oya="3" hai0="112,92,133,71,126,130,100,75,82,35,107,16,24" hai1="104,19,2,55,15,131,9,3,110,81,39,95,70" hai2="11,134,116,117,84,106,64,48,74,6,30,94,46" hai3="17,44,135,99,57,102,32,59,88,90,53,8,87"/><W69/><G69/><T13/><D133/><U52/><E104/><V128/><F106/><W78/><G32/><T27/><D130/><U83/><E39/><V20/><F74/><W10/><G135/><T119/><D119/><U108/><E70/><V28/><F134/><W62/><G78/><T122/><D122/><U14/><E95/><V42/><F128/><W41/><G59/><T58/><D71/><U43/><E9/><V4/><F64/><W89/><G17/><T66/><D35/><U72/><E19/><V36/><F36/><W124/><G124/><T22/><D107/><U97/><E97/><V80/><F94/><N who="3" m="58743" /><G87/><T115/><D126/><U76/><E76/><N who="2" m="46087" /><F6/><W98/><G98/><N who="0" m="59463" /><D82/><U114/><E131/><V18/><F117/><W12/><G12/><T50/><D75/><U129/><E129/><V65/><F65/><W61/><G61/><N who="0" m="38199" /><D50/><AGARI ba="1,0" hai="8,10,41,44,50,53,57,62,88,89,90" m="58743" machi="50" ten="30,2900,0" yaku="8,1,54,1" doraHai="77" who="3" fromWho="0" sc="155,-32,456,0,133,0,256,32" />
</Scene>
<Scene>
<INIT seed="7,2,0,5,4,73" ten="123,456,133,288" oya="3" hai0="133,54,130,47,97,88,60,106,63,94,91,64,122" hai1="44,131,39,19,36,22,89,105,123,68,6,52,75" hai2="10,2,71,53,80,23,7,111,110,5,46,11,3" hai3="30,33,26,109,104,101,124,32,85,40,66,70,116"/><W90/><G116/><T50/><D122/><U21/><E68/><V72/><F71/><W121/><G121/><T107/><D130/><U100/><E6/><V45/><F23/><W42/><G32/><T67/><D133/><U117/><E75/><V82/><F53/><W78/><G124/><T81/><D107/><U115/><E105/><V103/><F72/><W92/><G78/><T69/><D106/><U38/><E100/><AGARI ba="2,0" hai="2,3,5,7,10,11,45,46,80,82,100,103,110,111" machi="100" ten="25,1600,0" yaku="22,2" doraHai="73" who="2" fromWho="1" sc="123,0,456,-22,133,22,288,0" owari="123,-38.0,434,53.0,155,-24.0,288,9.0" />
</Scene>
</mjloggm>