<mjloggm ver="2.3"><GO type="169"/><UN n0="%E9%81%8A%E8%B5%B0" n1="%72%75%6E%61%74%6F%73%68" n2="%E3%81%8B%E3%81%92%E3%81%8D%E3%82%85%E3%81%86" n3="%41%53%41%50%49%4E" dan="17,17,16,18" rate="2183,2139,2039,2236" sx="F,M,M,M"/><TAIKYOKU oya="0"/>

<Scene>
<INIT seed="0,0,0,1,5,72" ten="250,250,250,250" oya="0" hai0="9,132,91,114,30,83,39,112,27,35,106,5,88" hai1="100,36,54,46,3,121,11,52,4,2,17,110,24" hai2="96,89,103,111,102,118,69,61,19,73,87,125,113" hai3="22,67,59,119,130,47,13,62,40,8,60,81,115"/><T127/><D132/><U124/><E121/><V123/><F123/><W98/><G115/><T31/><D127/><U32/><E124/><V129/><F125/><W109/><G109/><T41/><D106/><U23/><E110/><V133/><F111/><W99/><G130/><T12/><D30/><U7/><E100/><V37/><F37/><W28/><G119/><T101/><D101/><U55/><E32/><V82/><F113/><W45/><G62/><T65/><D65/><U38/><E46/><V21/><F129/><W49/><G47/><T64/><D64/><U34/><E34/><V104/><F103/><W50/><G50/><T105/><D105/><U80/><E80/><V94/><F133/><W90/><G22/><T117/><D117/><U74/><E74/><V57/><F69/><W20/><G20/><T43/><D91/><U6/><E6/><V92/><F118/><W25/><G25/><T58/><D58/><U53/><N who="1" m="13824" /><DORA hai="26" /><U95/><REACH who="1" step="1"/><E95/><REACH who="1" ten="250,240,250,250" step="2"/><V120/><F120/><W42/><G42/><T93/><D83/><U84/><E84/><V10/><F73/><W48/><G40/><T135/><D135/><U79/><E79/><V56/><F104/><W0/><G45/><N who="0" m="23743" /><D43/><U18/><E18/><V78/><F78/><W68/><G81/><T14/><D114/><U16/><E16/><V134/><F134/><W77/><G77/><T128/><D112/><U126/><E126/><V70/><F82/><W108/><G108/><T29/><D128/><U76/><E76/><V85/><F94/><W131/><G131/><T71/><D93/><U75/><E75/><RYUUKYOKU ba="0,1" sc="250,-10,240,30,250,-10,250,-10" hai1="2,3,4,7,11,17,23,24,36,38" />
</Scene>
<Scene>
<INIT seed="1,1,1,1,1,12" ten="240,270,240,240" oya="1" hai0="57,99,25,91,31,71,13,42,62,133,43,8,102" hai1="65,127,41,49,125,114,3,88,97,33,74,34,80" hai2="70,72,6,113,89,51,79,129,55,118,39,85,67" hai3="23,58,87,116,29,104,75,123,101,18,44,37,59"/><U135/><E3/><V111/><F118/><W132/><G123/><T94/><D71/><U22/><E114/><V47/><F113/><W30/><G75/><T73/><D73/><U122/><E122/><V46/><F129/><W24/><G116/><T109/><D109/><U50/><E65/><V130/><F111/><W105/><G132/><T100/><D133/><U78/><E135/><V112/><F112/><W56/><G101/><T17/><D91/><U19/><E34/><V134/><F130/><W32/><G29/><T93/><D93/><N who="1" m="56487" /><E33/><V69/><F67/><W14/><REACH who="3" step="1"/><G87/><REACH who="3" ten="240,270,240,230" step="2"/><T83/><D102/><U45/><E74/><V48/><F134/><W52/><G52/><T38/><D38/><U20/><E127/><V84/><F39/><W86/><G86/><T92/><D43/><AGARI ba="1,2" hai="14,18,23,24,30,32,37,43,44,56,58,59,104,105" machi="43" ten="40,2600,0" yaku="1,1,52,1,53,0" doraHai="12" doraHaiUra="110" who="3" fromWho="0" sc="240,-29,270,0,240,0,230,49" />
</Scene>
<Scene>
<INIT seed="2,0,0,3,0,89" ten="211,270,240,279" oya="2" hai0="100,44,64,79,74,27,130,31,75,92,4,76,128" hai1="103,91,59,134,133,53,57,90,66,20,93,86,47" hai2="67,125,37,109,51,14,35,32,72,101,48,120,22" hai3="95,83,116,54,11,68,98,111,6,69,8,28,18"/><V58/><F37/><W41/><G116/><T105/><D64/><U55/><E103/><V73/><F120/><W122/><G122/><T81/><D4/><U30/><E47/><V24/><F14/><W84/><G111/><T82/><D44/><U108/><E108/><V49/><F109/><W119/><G119/><T61/><D61/><U118/><E118/><V63/><F125/><W1/><G41/><T70/><D70/><U33/><E33/><V114/><F114/><W13/><G28/><T15/><D15/><U94/><E66/><V124/><F124/><W36/><G54/><T42/><D42/><U50/><E20/><V23/><F23/><W85/><G36/><T71/><D71/><U77/><E77/><V17/><REACH who="2" step="1"/><F101/><REACH who="2" ten="211,270,230,279" step="2"/><W127/><G127/><T104/><D27/><U56/><E30/><V7/><F7/><W117/><G117/><T39/><D39/><U12/><E12/><V62/><F62/><W115/><G115/><T96/><D31/><U99/><REACH who="1" step="1"/><E50/><REACH who="1" ten="211,260,230,279" step="2"/><V5/><F5/><W126/><G126/><T132/><REACH who="0" step="1"/><D132/><AGARI ba="0,2" hai="53,55,56,57,59,86,90,91,93,94,99,132,133,134" machi="132" ten="40,8000,1" yaku="1,1,2,1,20,1,52,2,53,0" doraHai="89" doraHaiUra="40" who="1" fromWho="0" sc="211,-80,260,100,230,0,279,0" />
</Scene>
<Scene>
<INIT seed="3,0,0,2,0,15" ten="131,360,230,279" oya="3" hai0="5,106,62,61,59,90,31,36,80,120,110,2,58" hai1="42,122,7,81,86,133,40,37,32,104,129,99,135" hai2="75,66,71,56,78,23,24,12,89,10,17,48,128" hai3="134,33,57,11,45,97,126,127,0,67,111,9,51"/><W52/><G33/><T44/><D120/><U92/><E32/><V77/><F71/><W25/><G134/><N who="1" m="51210" /><E122/><V76/><F128/><W34/><G0/><T87/><D106/><U14/><E37/><V114/><F114/><W19/><G111/><T68/><D110/><U112/><E104/><V49/><F75/><W13/><G97/><T53/><D68/><U21/><E129/><V91/><F66/><W98/><G98/><T123/><D123/><U79/><E112/><V29/><F56/><W64/><G9/><T72/><D72/><U46/><E46/><V50/><AGARI ba="0,0" hai="10,12,17,23,24,29,48,49,50,76,77,78,89,91" machi="50" ten="30,4000,0" yaku="0,1,8,1,52,1" doraHai="15" who="2" fromWho="2" sc="131,-10,360,-10,230,40,279,-20" />
</Scene>
<Scene>
<INIT seed="4,0,0,0,5,50" ten="121,350,270,259" oya="0" hai0="125,69,119,135,37,46,70,54,47,102,84,96,3" hai1="29,8,27,134,61,131,87,106,71,105,14,123,67" hai2="23,92,83,26,64,59,133,116,43,19,77,86,7" hai3="18,10,4,48,78,20,121,52,66,65,0,44,34"/><T127/><D3/><U53/><E123/><V12/><F116/><W128/><G121/><T95/><D119/><U41/><E41/><V126/><F126/><N who="0" m="48138" /><D135/><U75/><E75/><V36/><F133/><W90/><G128/><T103/><D103/><U72/><E72/><V31/><F7/><W60/><G34/><T21/><D21/><U9/><E9/><V57/><F64/><W32/><G32/><T38/><D84/><U22/><E131/><V111/><F111/><W101/><G101/><T113/><D113/><U42/><E42/><V24/><F24/><W100/><G100/><T124/><N who="0" m="48146" /><T120/><DORA hai="39" /><D120/><U91/><E134/><V35/><REACH who="2" step="1"/><F92/><REACH who="2" ten="121,350,260,259" step="2"/><W5/><G66/><T85/><D85/><U109/><E109/><V110/><F110/><W51/><G65/><T56/><D70/><U93/><E106/><V114/><F114/><W89/><G0/><T117/><D69/><U97/><E105/><V107/><F107/><W108/><G108/><T94/><D95/><U16/><E87/><V55/><F55/><W6/><G52/><T88/><D102/><U45/><E71/><V112/><F112/><W76/><G4/><T130/><D130/><U25/><E67/><V30/><F30/><W11/><G5/><T115/><D115/><U129/><E129/><V15/><F15/><W74/><G6/><T17/><D117/><U118/><E27/><V99/><F99/><W58/><G74/><T2/><D2/><U104/><E104/><V122/><F122/><W33/><G18/><T68/><D68/><U40/><E118/><V1/><F1/><RYUUKYOKU ba="0,1" sc="121,-10,350,-10,260,30,259,-10" hai2="12,19,23,26,31,35,36,43,57,59,77,83,86" />
</Scene>
<Scene>
<INIT seed="5,1,1,5,4,103" ten="111,340,290,249" oya="1" hai0="38,122,5,47,66,69,124,42,54,101,13,39,81" hai1="3,61,135,79,104,31,132,1,6,96,41,82,60" hai2="115,34,110,133,102,98,114,84,62,26,76,89,33" hai3="56,17,111,92,107,45,46,112,128,64,68,126,134"/><U50/><E31/><V9/><F110/><W100/><G111/><T117/><D117/><U51/><E6/><V40/><F133/><N who="1" m="51273" /><E82/><V30/><F76/><W72/><G72/><T88/><D122/><U80/><E80/><V119/><F119/><W25/><G134/><T12/><D124/><U7/><E79/><V71/><F40/><W85/><G126/><T106/><D39/><U78/><E78/><V97/><F9/><W113/><G128/><T24/><D54/><U52/><E41/><V2/><F2/><N who="1" m="521" /><E7/><V20/><F33/><W116/><G116/><T95/><D5/><U108/><E50/><V87/><F87/><W75/><G75/><T125/><D125/><U120/><E120/><V8/><F8/><W94/><G85/><T130/><D81/><U19/><E19/><V53/><F20/><W44/><G17/><T127/><D127/><U58/><E108/><V14/><F34/><W48/><G48/><T70/><D130/><U123/><E123/><V57/><F30/><W27/><G27/><T73/><D73/><U93/><E93/><N who="2" m="54439" /><F26/><W32/><G92/><T4/><D24/><U28/><E28/><V131/><F14/><N who="0" m="5738" /><D4/><U67/><E67/><V83/><F83/><W23/><G32/><T77/><D77/><U29/><E29/><V129/><F131/><W18/><G94/><T109/><D109/><U99/><E99/><V0/><F98/><W86/><G25/><T21/><D66/><U90/><E90/><V74/><F129/><W121/><G64/><T15/><N who="0" m="5746" /><T11/><DORA hai="10" /><D21/><U59/><E59/><V63/><F74/><RYUUKYOKU ba="1,1" sc="111,-10,340,30,290,-10,249,-10" hai1="51,52,58,60,61,96,104" />
</Scene>
<Scene>
<INIT seed="5,2,1,2,2,88" ten="101,370,280,239" oya="1" hai0="11,33,58,78,21,7,102,37,112,68,39,17,26" hai1="128,105,43,103,65,50,69,120,63,93,92,22,111" hai2="57,28,67,106,13,1,123,104,2,122,110,45,121" hai3="36,72,108,30,47,99,32,56,66,42,86,64,51"/><U18/><E120/><V98/><F110/><W6/><G108/><T85/><D68/><U29/><E111/><V62/><F28/><W100/><G72/><T79/><D112/><U91/><E29/><V116/><F116/><W97/><G97/><T70/><D70/><U76/><E76/><V124/><F124/><W130/><G130/><T20/><D33/><U5/><E5/><V9/><F45/><W132/><G132/><T12/><D37/><U81/><E128/><V113/><F113/><W41/><G6/><T75/><D75/><U77/><E91/><V109/><F109/><W118/><G118/><T96/><D39/><U53/><E43/><V71/><F71/><W73/><G73/><T48/><D85/><U125/><E103/><V44/><F44/><W38/><G42/><T40/><D21/><U90/><E90/><V115/><F115/><W129/><G86/><T134/><D134/><U80/><E105/><V15/><F104/><W74/><G74/><T3/><D3/><U10/><E10/><V23/><F106/><N who="3" m="63775" /><G129/><T114/><D114/><U95/><E77/><V14/><F98/><W19/><G19/><T31/><D31/><U35/><E35/><V127/><F127/><W82/><G82/><T126/><D126/><U94/><N who="1" m="24064" /><DORA hai="89" /><U135/><E135/><V101/><F101/><W61/><G30/><T84/><D84/><U46/><REACH who="1" step="1"/><E125/><REACH who="1" ten="101,360,280,239" step="2"/><V49/><F9/><W52/><G32/><T55/><D40/><U34/><E34/><V87/><F123/><W8/><G8/><T59/><D59/><U131/><E131/><V107/><F122/><RYUUKYOKU ba="2,2" sc="101,10,360,10,280,-30,239,10" hai0="7,11,12,17,20,26,48,55,58,78,79,96,102" hai1="18,22,46,50,53,63,65,69,80,81" hai3="36,38,41,47,51,52,56,61,64,66" />
</Scene>
<Scene>
<INIT seed="5,3,2,4,3,135" ten="111,370,250,249" oya="1" hai0="118,104,6,66,27,99,10,91,45,2,69,17,44" hai1="112,54,0,9,40,72,119,34,120,130,131,48,94" hai2="113,23,82,46,5,32,111,57,116,52,11,3,81" hai3="51,61,67,126,122,84,115,96,60,125,26,53,73"/><U38/><E72/><V87/><F116/><W79/><G122/><T25/><D118/><U59/><E34/><V63/><F111/><W106/><G73/><T86/><D69/><U80/><E80/><V65/><F32/><W42/><G42/><T105/><D66/><U20/><E119/><V70/><F113/><W123/><G123/><T95/><D104/><U109/><E112/><V14/><F46/><W28/><G115/><T77/><D17/><U68/><E68/><V117/><F117/><W108/><G108/><T102/><REACH who="0" step="1"/><D77/><REACH who="0" ten="101,370,250,249" step="2"/><U100/><E109/><V49/><F70/><W78/><G67/><T76/><D76/><U133/><E120/><V107/><F107/><W47/><G79/><T50/><D50/><U75/><E48/><V1/><F65/><W62/><G78/><T33/><D33/><U8/><E75/><V39/><F49/><W89/><G106/><T7/><D7/><U29/><E38/><V93/><F39/><W101/><G51/><T35/><D35/><U13/><E40/><V85/><F5/><W41/><G41/><T18/><D18/><U55/><E54/><V88/><F52/><W37/><G53/><T74/><D74/><U98/><E55/><V31/><F57/><W22/><G37/><T16/><D16/><U12/><E59/><V71/><F71/><W36/><G36/><T56/><D56/><U114/><E114/><V134/><F63/><W21/><G47/><AGARI ba="3,3" hai="2,6,10,25,27,44,45,47,86,91,95,99,102,105" machi="47" ten="40,1300,0" yaku="1,1,53,0" doraHai="135" doraHaiUra="15" who="0" fromWho="3" sc="101,52,370,0,250,0,249,-22" />
</Scene>
<Scene>
<INIT seed="6,0,0,5,3,129" ten="153,370,250,227" oya="2" hai0="25,121,124,84,72,116,2,47,111,35,113,14,59" hai1="49,101,5,12,48,30,52,86,132,100,40,66,82" hai2="13,24,98,1,73,43,125,61,26,8,77,115,104" hai3="44,131,33,85,80,29,15,50,16,46,23,97,60"/><V37/><F125/><W71/><G131/><T6/><D72/><U108/><E108/><V21/><F115/><W27/><G97/><T76/><D111/><U74/><E74/><V34/><F34/><W118/><G118/><T67/><D2/><U90/><E30/><V10/><F10/><W128/><G128/><T103/><D121/><U126/><E66/><V89/><F61/><W130/><G130/><T19/><D124/><U42/><E132/><V68/><F68/><W54/><G60/><T114/><D116/><U69/><E69/><V96/><F96/><W112/><G112/><T99/><D6/><U57/><E126/><V0/><F0/><W127/><G127/><T58/><D113/><U133/><E133/><V87/><F1/><W65/><G65/><T107/><D114/><U7/><E7/><V88/><F77/><W53/><G71/><T38/><D67/><U110/><E110/><V4/><F73/><W105/><G105/><T93/><D35/><U122/><E122/><V55/><F55/><W62/><G62/><T36/><D25/><U9/><E42/><V117/><F117/><W28/><G28/><T63/><D47/><AGARI ba="0,0" hai="5,9,12,40,47,48,49,52,57,82,86,90,100,101" machi="47" ten="40,2600,0" yaku="8,1,54,1" doraHai="129" who="1" fromWho="0" sc="153,-26,370,26,250,0,227,0" />
</Scene>
<Scene>
<INIT seed="7,0,0,5,3,48" ten="127,396,250,227" oya="3" hai0="63,50,93,21,13,107,122,124,108,90,51,16,129" hai1="36,28,57,86,75,110,23,109,98,30,80,68,91" hai2="87,44,55,112,76,94,35,96,132,100,71,60,67" hai3="49,77,81,11,32,58,7,79,97,131,12,47,111"/><W123/><G123/><T125/><D108/><U103/><E68/><V19/><F132/><W128/><G111/><T37/><D122/><U135/><E36/><V73/><F73/><W52/><G32/><T31/><D107/><U62/><E135/><V10/><F112/><W5/><G97/><T42/><D129/><N who="3" m="49737" /><G5/><T2/><D2/><U101/><E75/><V83/><F35/><W45/><G79/><T82/><D82/><U66/><E103/><V88/><F10/><W29/><G29/><T130/><D130/><U113/><E113/><V56/><F44/><W121/><G121/><T64/><D31/><U33/><E33/><V69/><F19/><W133/><G133/><T61/><D37/><U54/><E110/><V34/><F34/><W89/><G89/><T105/><D105/><U40/><E109/><V119/><F119/><W104/><G104/><T118/><D118/><U15/><E40/><V70/><F76/><W20/><G20/><T39/><D39/><U127/><E98/><V102/><F100/><W18/><G7/><T22/><D22/><U134/><E101/><V8/><F8/><W126/><G126/><N who="0" m="48747" /><D42/><U9/><E134/><V114/><F114/><W53/><G81/><T115/><D115/><U117/><E117/><V95/><F83/><W43/><G77/><T3/><D3/><U99/><E127/><V65/><AGARI ba="0,0" hai="55,56,60,65,67,69,70,71,87,88,94,95,96,102" machi="65" ten="40,5200,0" yaku="0,1,52,1,54,1" doraHai="48" who="2" fromWho="2" sc="127,-13,396,-13,250,52,227,-26" owari="114,-39.0,383,49.0,302,10.0,201,-20.0" />
</Scene>
</mjloggm>