<mjloggm ver="2.3"><GO type="169"/><UN n0="%E3%80%93%E7%89%87%E5%B2%A1%E5%84%AA%E5%B8%8C%E3%80%93" n1="%E3%83%9A%E3%83%81%E3%83%A7%E3%83%BC%E3%83%AA%E3%83%B3" n2="%6E%69%6A%69" n3="%41%53%41%50%49%4E" dan="16,18,16,19" rate="2054,2127,2081,2261" sx="F,M,M,M"/><TAIKYOKU oya="0"/>

<Scene>
<INIT seed="0,0,0,1,3,118" ten="250,250,250,250" oya="0" hai0="18,86,80,14,78,127,28,36,92,133,61,63,81" hai1="76,131,115,31,64,75,20,104,85,84,9,10,109" hai2="94,69,13,88,134,4,111,39,59,56,125,128,106" hai3="83,116,52,8,117,48,0,5,95,119,26,22,35"/><T43/><D127/><U33/><E104/><V135/><F106/><W126/><G126/><T82/><D133/><U87/><E33/><V122/><F69/><W123/><G35/><T34/><D34/><U60/><E109/><V25/><F39/><W100/><G83/><T67/><D28/><U2/><E131/><V51/><F125/><W1/><G95/><T55/><D92/><U89/><E115/><V101/><F101/><W66/><G66/><T45/><D55/><U6/><E10/><N who="2" m="4295" /><F128/><W108/><G100/><T23/><REACH who="0" step="1"/><D63/><REACH who="0" ten="240,250,250,250" step="2"/><U21/><E31/><V91/><F94/><W70/><G52/><T124/><D124/><U98/><E60/><V120/><F134/><W72/><G116/><T96/><D96/><U50/><E98/><V24/><F135/><W44/><G117/><T73/><D73/><U97/><E97/><V29/><F29/><W53/><G72/><T90/><D90/><U41/><E89/><V54/><F88/><W7/><G53/><T17/><D17/><U107/><E107/><V16/><F91/><W68/><G119/><T32/><D32/><U47/><E64/><V79/><F16/><W57/><G5/><T38/><D38/><U77/><E75/><V113/><F54/><W105/><G7/><T65/><D65/><U130/><E130/><V132/><F132/><W110/><G105/><T15/><D15/><U3/><E3/><V114/><F114/><W58/><G1/><T112/><D112/><U93/><E93/><V102/><F113/><W12/><G0/><T103/><D103/><U99/><E99/><V37/><F102/><RYUUKYOKU ba="0,1" sc="240,15,250,15,250,-15,250,-15" hai0="14,18,23,36,43,45,61,67,78,80,81,82,86" hai1="2,6,9,20,21,41,47,50,76,77,84,85,87" />
</Scene>
<Scene>
<INIT seed="0,1,1,0,0,64" ten="255,265,235,235" oya="0" hai0="50,52,11,55,83,21,117,18,113,105,99,134,128" hai1="24,89,88,46,38,131,130,78,65,14,12,112,91" hai2="121,127,71,53,42,72,0,58,27,97,104,96,15" hai3="13,95,90,124,62,118,133,2,98,92,60,43,41"/><T37/><D113/><U61/><E112/><V67/><F0/><W102/><G118/><T44/><D117/><U87/><E24/><V54/><F72/><W75/><G2/><T35/><D35/><U23/><E23/><V85/><F121/><W129/><G75/><T3/><D37/><U31/><E31/><V69/><F42/><N who="3" m="15883" /><G129/><N who="1" m="49162" /><E46/><V6/><F67/><W32/><G32/><T81/><D128/><U100/><E100/><V48/><F127/><W51/><G124/><T19/><D134/><U5/><E5/><V80/><F27/><W57/><G13/><N who="1" m="5226" /><E38/><V86/><F6/><W1/><G1/><T114/><D3/><U7/><E7/><V123/><F15/><W66/><G133/><T39/><D39/><U111/><E111/><V16/><F123/><W126/><G126/><T79/><D114/><U107/><E107/><V10/><F104/><W22/><G22/><T106/><D21/><U120/><E120/><V94/><F10/><W33/><G33/><T30/><D11/><U25/><E25/><V9/><F9/><W116/><G116/><T40/><D106/><U135/><E135/><V125/><F125/><W74/><G74/><T132/><D105/><U119/><E119/><V68/><F16/><W101/><G101/><T34/><D18/><U73/><E73/><V109/><F109/><W110/><G110/><T115/><D19/><U45/><E45/><V77/><REACH who="2" step="1"/><F54/><REACH who="2" ten="255,265,225,235" step="2"/><N who="3" m="31967" /><G66/><T108/><D108/><U26/><E26/><V29/><F29/><W36/><G36/><T56/><D132/><U8/><E8/><V84/><F84/><AGARI ba="1,2" hai="60,62,84,90,92,95,98,102" m="31967,15883" machi="84" ten="30,1000,0" yaku="8,1" doraHai="64" who="3" fromWho="2" sc="255,0,265,0,225,-13,235,33" />
</Scene>
<Scene>
<INIT seed="1,0,0,5,2,24" ten="255,265,212,268" oya="1" hai0="69,1,9,93,18,45,73,119,15,104,58,71,3" hai1="94,4,22,83,46,26,51,47,76,124,37,59,114" hai2="78,50,85,102,110,42,67,106,32,55,29,101,30" hai3="116,53,99,127,7,89,86,64,66,41,82,8,39"/><U21/><E124/><V105/><F32/><W35/><G127/><T34/><D104/><U57/><E114/><V122/><F122/><W74/><G116/><T44/><D119/><U20/><E4/><V56/><F105/><W130/><G130/><T87/><D73/><U52/><E94/><V70/><F106/><W103/><G35/><T88/><D34/><U123/><E123/><V61/><F110/><W133/><G133/><T131/><D131/><U95/><E95/><V5/><F5/><W68/><G68/><T126/><D126/><U111/><E111/><V118/><F118/><W132/><G132/><T25/><D58/><U36/><E26/><V11/><F11/><W49/><G74/><T115/><D115/><U90/><E90/><V28/><REACH who="2" step="1"/><F42/><REACH who="2" ten="255,265,202,268" step="2"/><W17/><G41/><T16/><D3/><U109/><E109/><V135/><F135/><W65/><G8/><T13/><D1/><U75/><REACH who="1" step="1"/><E59/><REACH who="1" ten="255,255,202,268" step="2"/><V92/><F92/><N who="3" m="58855" /><G7/><T100/><D93/><U98/><E98/><V10/><F10/><W43/><G89/><T6/><D88/><U2/><E2/><V79/><F79/><W40/><G82/><AGARI ba="0,2" hai="28,29,30,50,55,56,61,67,70,78,82,85,101,102" machi="82" ten="40,12000,2" yaku="1,1,52,3,53,3" doraHai="24" doraHaiUra="27" who="2" fromWho="3" sc="255,0,255,0,202,140,268,-120" />
</Scene>
<Scene>
<INIT seed="2,0,0,1,3,96" ten="255,255,342,148" oya="2" hai0="64,119,5,122,75,72,14,46,47,3,44,107,51" hai1="61,87,17,103,128,52,114,6,95,70,30,74,53" hai2="76,11,69,0,123,57,18,85,91,59,56,4,66" hai3="65,39,126,116,45,21,99,86,7,121,73,31,88"/><V84/><F123/><W77/><G121/><T120/><D3/><U108/><E74/><V10/><F69/><W100/><G116/><T94/><D107/><U50/><E114/><V104/><F104/><W19/><G126/><T60/><D119/><U1/><E30/><V20/><F11/><W32/><G7/><T111/><D51/><U131/><E108/><V93/><F76/><W134/><G134/><T48/><D48/><U28/><E28/><V29/><F29/><W26/><G65/><T102/><D111/><U113/><E113/><V67/><REACH who="2" step="1"/><F84/><REACH who="2" ten="255,255,332,148" step="2"/><W58/><G77/><T9/><D122/><U97/><E70/><V63/><F63/><W129/><G73/><T34/><D120/><U89/><E87/><V112/><F112/><W16/><G21/><T37/><D75/><U118/><E118/><V49/><F49/><W13/><G86/><T125/><D72/><U22/><E128/><V78/><F78/><W127/><G129/><T35/><D125/><U15/><E131/><V105/><F105/><W27/><G127/><T41/><D37/><U55/><E1/><V81/><F81/><W117/><G31/><T106/><D106/><U38/><E50/><V135/><F135/><W80/><G80/><T130/><D130/><U82/><E38/><V132/><F132/><W25/><G39/><T90/><D60/><U43/><E82/><V110/><F110/><W8/><G117/><T40/><D9/><N who="1" m="4535" /><E61/><V33/><F33/><W133/><G32/><T54/><D35/><U124/><E124/><V62/><F62/><W23/><G133/><T12/><D34/><RYUUKYOKU ba="0,1" sc="255,-10,255,-10,332,30,148,-10" hai2="0,4,10,18,20,56,57,59,66,67,85,91,93" />
</Scene>
<Scene>
<INIT seed="2,1,1,3,3,75" ten="245,245,362,138" oya="2" hai0="130,122,20,18,111,84,67,112,73,87,51,123,104" hai1="86,72,48,7,68,105,36,76,49,58,52,4,125" hai2="61,45,66,12,113,109,64,127,102,79,23,118,60" hai3="40,77,110,0,121,10,9,17,124,26,101,89,47"/><V100/><F118/><W32/><G121/><T133/><D73/><U90/><E36/><V119/><F119/><W35/><G110/><T39/><D39/><U19/><E68/><V91/><F113/><W16/><G124/><T57/><D112/><U131/><E105/><V74/><F127/><W129/><G129/><T88/><D104/><U11/><E125/><V116/><F116/><W62/><G101/><T134/><D111/><U37/><E37/><V42/><F109/><W6/><G89/><T24/><D130/><U103/><E103/><V107/><F91/><W93/><G93/><N who="0" m="54407" /><D87/><U94/><E131/><V54/><F54/><W71/><G62/><N who="0" m="38351" /><D51/><U63/><E19/><N who="3" m="7242" /><G47/><T38/><D38/><U30/><E30/><V33/><F33/><N who="3" m="12875" /><G40/><T120/><D120/><U115/><E115/><V1/><F45/><W70/><G70/><T21/><D123/><U132/><E132/><N who="0" m="50793" /><D122/><U31/><E48/><V41/><F107/><W28/><G77/><T44/><D44/><U82/><E49/><V53/><F79/><W81/><G81/><T80/><D80/><U13/><E31/><V106/><F106/><W22/><G71/><T59/><D59/><U8/><REACH who="1" step="1"/><E13/><REACH who="1" ten="245,235,362,138" step="2"/><V27/><F12/><N who="3" m="5175" /><G10/><AGARI ba="1,2" hai="4,7,8,10,11,52,58,63,72,76,82,86,90,94" machi="10" ten="40,8000,1" yaku="1,1,52,1,54,1,53,1" doraHai="75" doraHaiUra="85" who="1" fromWho="3" sc="245,0,235,103,362,0,138,-83" />
</Scene>
<Scene>
<INIT seed="3,0,0,5,0,43" ten="245,338,362,55" oya="3" hai0="35,119,74,41,49,105,59,94,54,82,75,77,120" hai1="60,18,73,39,11,109,2,13,17,14,134,87,3" hai2="113,86,46,56,107,62,90,22,68,31,80,44,64" hai3="112,96,23,55,81,135,131,72,95,4,84,127,103"/><W102/><G112/><T21/><D105/><U61/><E73/><V8/><F107/><W66/><G131/><T28/><D119/><U53/><E39/><V57/><F113/><W45/><G135/><T71/><D120/><U133/><E87/><V126/><F126/><W48/><G127/><T118/><D118/><U124/><E124/><V19/><F68/><W92/><G72/><T1/><D71/><U79/><E79/><V101/><F101/><W104/><G4/><T110/><D110/><U37/><E37/><V51/><F31/><W89/><G66/><T20/><D1/><N who="1" m="11" /><E53/><N who="2" m="31807" /><F8/><W32/><G32/><T30/><D75/><U65/><E65/><V24/><AGARI ba="0,0" hai="19,22,24,44,46,57,62,64,80,86,90" m="31807" machi="24" ten="30,4000,0" yaku="8,1,52,2" doraHai="43" who="2" fromWho="2" sc="245,-10,338,-10,362,40,55,-20" />
</Scene>
<Scene>
<INIT seed="4,0,0,1,4,73" ten="235,328,402,35" oya="0" hai0="91,100,119,1,124,5,107,88,75,115,109,98,48" hai1="58,66,101,37,127,23,82,86,22,133,132,71,67" hai2="74,123,106,85,70,64,32,29,69,95,122,44,102" hai3="27,83,96,31,135,24,104,121,25,15,79,81,35"/><T87/><D1/><U113/><E37/><V78/><F44/><W7/><G135/><N who="1" m="51786" /><E127/><V45/><F45/><W56/><G121/><T126/><D5/><U2/><E2/><V33/><F85/><W30/><G83/><N who="0" m="49279" /><D48/><U14/><E71/><N who="2" m="27147" /><F95/><W46/><G46/><T89/><D119/><U105/><E113/><V134/><F64/><N who="1" m="24617" /><E58/><V112/><F134/><W52/><G31/><T20/><D115/><U50/><E50/><V94/><F94/><W72/><G15/><T49/><D49/><U16/><E101/><V118/><F118/><W34/><G7/><T90/><D20/><N who="1" m="11287" /><E105/><V17/><F112/><W4/><G34/><T43/><D43/><U55/><E55/><V9/><F32/><W111/><G4/><T129/><D129/><U65/><E65/><V57/><F33/><W131/><G131/><T54/><D54/><U62/><E62/><V68/><F106/><W80/><G35/><T114/><D114/><U11/><E11/><V6/><F9/><W26/><G30/><T42/><D42/><U28/><E28/><V125/><F29/><W0/><G0/><T39/><D39/><U61/><E61/><V59/><F68/><W13/><G52/><T108/><D75/><U120/><E120/><V51/><F74/><W77/><G56/><T3/><D3/><U97/><E97/><V116/><F59/><W40/><G40/><T8/><D8/><U99/><E99/><V92/><F57/><W84/><G72/><T19/><D19/><U41/><E41/><V110/><F122/><W12/><N who="3" m="6144" /><DORA hai="130" /><W47/><G47/><T53/><D53/><RYUUKYOKU ba="0,0" sc="235,15,328,15,402,-15,35,-15" hai0="89,90,91,98,100,107,108,109,124,126" hai1="22,23,82,86" />
</Scene>
<Scene>
<INIT seed="4,1,0,3,5,71" ten="250,343,387,20" oya="0" hai0="83,13,88,109,56,126,110,40,25,57,75,0,80" hai1="111,92,63,30,9,28,64,45,77,82,54,91,124" hai2="59,60,130,29,100,55,119,16,69,131,97,85,3" hai3="66,2,49,47,108,61,12,117,6,53,18,79,73"/><T95/><D0/><U123/><E111/><N who="0" m="42505" /><D126/><U74/><E123/><V99/><F3/><W44/><G108/><T67/><D75/><U42/><E124/><V78/><F29/><W125/><G125/><T4/><D25/><U5/><E54/><V11/><F69/><W32/><G117/><T122/><D122/><U52/><E52/><V112/><F119/><W19/><G32/><T41/><D4/><U33/><E33/><V132/><F132/><W94/><G2/><T127/><D127/><U84/><E9/><V135/><F135/><W35/><G35/><T86/><D13/><U34/><E5/><V24/><F112/><W48/><G79/><T72/><D72/><U39/><REACH who="1" step="1"/><E34/><REACH who="1" ten="250,333,387,20" step="2"/><V81/><F11/><W101/><G6/><T134/><D134/><U23/><E23/><N who="2" m="13415" /><F130/><W14/><G53/><T51/><D67/><U15/><E15/><V106/><F131/><W129/><G129/><T21/><D21/><U70/><AGARI ba="1,1" hai="28,30,39,42,45,63,64,70,74,77,82,84,91,92" machi="70" ten="20,8000,1" yaku="1,1,0,1,7,1,52,1,53,1" doraHai="71" doraHaiUra="36" who="1" fromWho="1" sc="250,-41,333,93,387,-21,20,-21" owari="209,-19.0,426,52.0,366,17.0,-1,-50.0" />
</Scene>
</mjloggm>