<mjloggm ver="2.3"><GO type="169" lobby="0"/><UN n0="%E3%81%82%E3%82%93%E3%81%96%E3%82%93" n1="%E2%84%83%2D%75%74%65" n2="%41%53%41%50%49%4E" n3="%E3%81%91%E3%82%93%31%39%37%30" dan="17,16,19,16" rate="2131,2061,2219,2131" sx="M,M,M,M"/><TAIKYOKU oya="0"/>

<Scene>
<INIT seed="0,0,0,5,5,10" ten="250,250,250,250" oya="0" hai0="60,21,65,64,26,100,35,30,83,127,33,81,131" hai1="48,111,8,20,103,125,3,62,49,25,52,87,55" hai2="15,95,0,7,47,79,86,128,5,40,84,42,29" hai3="27,80,76,121,93,36,72,9,109,31,16,69,91"/><T90/><D131/><U17/><E111/><V67/><F128/><W54/><G109/><T117/><D117/><U96/><E125/><V19/><F29/><W70/><G121/><T2/><D2/><U107/><E87/><V101/><F67/><W99/><G36/><T135/><D135/><U98/><E98/><N who="2" m="59615" /><F0/><W46/><G46/><T77/><D127/><U43/><E43/><N who="2" m="16427" /><F47/><W34/><REACH who="3" step="1"/><G54/><REACH who="3" ten="250,250,250,240" step="2"/><T110/><D110/><U73/><E55/><V94/><F79/><W130/><G130/><T71/><D64/><U44/><E44/><V32/><F32/><W39/><G39/><T1/><D33/><U24/><E52/><V120/><F120/><W74/><G74/><T85/><D35/><U108/><E73/><V129/><F129/><W112/><G112/><T114/><D114/><U113/><E113/><V92/><F86/><W51/><G51/><T66/><D66/><U18/><E49/><V41/><F41/><W82/><G82/><T28/><D1/><U106/><E48/><V12/><F84/><W123/><G123/><T38/><D38/><U126/><E108/><V63/><F63/><W134/><G134/><T78/><D83/><U6/><E62/><V56/><F56/><W45/><G45/><T59/><D59/><U68/><E126/><V88/><F92/><W61/><G61/><T13/><D77/><U97/><E3/><V102/><F94/><W75/><G75/><T133/><D133/><U4/><E107/><V58/><F58/><W37/><G37/><T22/><D78/><U132/><E132/><V89/><F102/><W50/><G50/><RYUUKYOKU ba="0,1" sc="250,-10,250,-10,250,-10,240,30" hai3="9,16,27,31,34,69,70,72,76,80,91,93,99" />
</Scene>
<Scene>
<INIT seed="1,1,1,4,2,114" ten="240,240,240,270" oya="1" hai0="118,54,56,32,121,26,104,53,77,39,22,28,116" hai1="44,82,72,69,130,79,80,41,90,85,24,48,115" hai2="19,36,106,81,1,124,38,67,95,10,97,11,46" hai3="78,113,122,107,64,71,87,27,83,13,134,119,120"/><U49/><E115/><V84/><F106/><W131/><G113/><T129/><D104/><U14/><E69/><V2/><F124/><W20/><G107/><T96/><D39/><U0/><E0/><V70/><F67/><W45/><G71/><T43/><D43/><U4/><E130/><V128/><F70/><W102/><G64/><T68/><D68/><U126/><E126/><V135/><F128/><W23/><G102/><T127/><D127/><U75/><E24/><V74/><F74/><W57/><G57/><T101/><D129/><U111/><E111/><V8/><F135/><W62/><G62/><T76/><D121/><U6/><E75/><V105/><F105/><W58/><G58/><T110/><D110/><U91/><E91/><V31/><F31/><W88/><G134/><T50/><D32/><U12/><REACH who="1" step="1"/><E49/><REACH who="1" ten="240,230,240,270" step="2"/><V7/><F1/><W16/><G131/><T61/><D76/><U29/><E29/><V21/><F36/><W9/><G78/><T65/><D77/><U109/><E109/><V100/><F38/><W40/><G122/><T133/><D133/><U92/><E92/><V60/><F2/><W52/><G120/><T123/><D123/><U33/><E33/><V5/><F95/><W94/><G94/><N who="0" m="58519" /><D50/><U99/><E99/><V37/><F97/><W103/><G27/><T112/><D112/><U86/><E86/><V47/><F37/><W108/><G108/><T59/><D59/><U17/><E17/><V3/><F19/><W66/><G87/><T35/><D35/><U125/><E125/><V73/><F84/><W55/><G16/><RYUUKYOKU ba="1,2" sc="240,15,230,15,240,-15,270,-15" hai0="22,26,28,53,54,56,61,65,116,118" hai1="4,6,12,14,41,44,48,72,79,80,82,85,90" />
</Scene>
<Scene>
<INIT seed="1,2,2,1,1,52" ten="255,245,225,255" oya="1" hai0="126,118,111,60,72,86,108,24,107,71,114,125,84" hai1="54,17,12,104,99,53,30,92,44,59,97,29,110" hai2="77,18,31,134,82,48,55,81,85,26,42,116,79" hai3="109,121,100,46,127,3,124,129,117,133,65,106,9"/><U78/><E78/><V21/><F116/><W67/><G121/><T61/><D72/><U98/><E110/><N who="0" m="42025" /><D118/><U27/><E104/><V11/><F134/><W64/><G109/><T14/><D114/><U89/><E44/><V75/><F42/><W20/><G117/><T57/><D107/><U119/><E119/><V50/><F11/><W66/><G133/><T73/><D73/><U25/><E53/><V22/><REACH who="2" step="1"/><F55/><REACH who="2" ten="255,245,215,255" step="2"/><W7/><G124/><T103/><D126/><U120/><E120/><V37/><F37/><W115/><G127/><T95/><D125/><U2/><E2/><V135/><F135/><W132/><G132/><T131/><D131/><U128/><E128/><V113/><F113/><W58/><G129/><T43/><D43/><U49/><E30/><V15/><AGARI ba="2,3" hai="15,18,21,22,26,31,48,50,75,77,79,81,82,85" machi="15" ten="20,2700,0" yaku="1,1,0,1,7,1,53,0" doraHai="52" doraHaiUra="41" who="2" fromWho="2" sc="255,-9,245,-15,215,63,255,-9" />
</Scene>
<Scene>
<INIT seed="2,0,0,0,3,94" ten="246,230,278,246" oya="2" hai0="106,10,87,79,18,73,91,22,125,121,40,97,123" hai1="95,98,24,28,33,48,31,124,21,133,76,50,69" hai2="57,130,122,84,32,12,74,86,7,71,110,61,89" hai3="99,39,96,41,38,131,68,134,43,126,78,107,46"/><V128/><F122/><W101/><G68/><T65/><D125/><U44/><E69/><V54/><F74/><W82/><G126/><T11/><D65/><U102/><E124/><V64/><F32/><W113/><G131/><N who="2" m="50217" /><F110/><W29/><G134/><T72/><D40/><U92/><E133/><V111/><F111/><W58/><G29/><T1/><D72/><U104/><E76/><V52/><F54/><W83/><G58/><T42/><D42/><U49/><E31/><V47/><F47/><W45/><G113/><T67/><D67/><U62/><E62/><N who="2" m="40343" /><F89/><W132/><G132/><T56/><D1/><U127/><E127/><V30/><F30/><W118/><G118/><T19/><D56/><U119/><E119/><V59/><F59/><W35/><G35/><T81/><D123/><U36/><E36/><V93/><F93/><W0/><G0/><T63/><D63/><U129/><E129/><V25/><F25/><W90/><G78/><T100/><D121/><U20/><E44/><V8/><AGARI ba="0,0" hai="7,8,12,52,57,61,84,86" m="40343,50217" machi="8" ten="30,3000,0" yaku="19,1,54,1" doraHai="94" who="2" fromWho="2" sc="246,-10,230,-10,278,30,246,-10" />
</Scene>
<Scene>
<INIT seed="2,1,0,2,1,21" ten="236,220,308,236" oya="2" hai0="126,91,85,30,45,103,4,47,41,9,68,93,100" hai1="43,110,97,130,114,50,77,87,86,39,12,73,131" hai2="83,34,81,65,38,29,125,28,25,53,2,58,48" hai3="71,59,62,101,120,19,95,113,8,108,23,84,119"/><V11/><F38/><W63/><G120/><T57/><D68/><U106/><E114/><V69/><F125/><W13/><G119/><T104/><D126/><U111/><E39/><V10/><F29/><W129/><G113/><T133/><D133/><U82/><E43/><V74/><F2/><W66/><G129/><N who="1" m="49162" /><E12/><V42/><F42/><W105/><G108/><N who="1" m="41514" /><E50/><V67/><F81/><W52/><G105/><T135/><D41/><U54/><E54/><V116/><F116/><W102/><G95/><T121/><D104/><U46/><E46/><V89/><F89/><W98/><G84/><T88/><D45/><U75/><E75/><V118/><F118/><W44/><G98/><T27/><D47/><U61/><E61/><V80/><F80/><W20/><G20/><T16/><D135/><U51/><E51/><V49/><F49/><W122/><G122/><T7/><D57/><U33/><E33/><V72/><F72/><W24/><REACH who="3" step="1"/><G44/><REACH who="3" ten="236,220,308,226" step="2"/><T124/><D124/><U0/><E0/><V99/><F99/><W17/><AGARI ba="1,1" hai="8,13,17,19,23,24,52,59,62,63,66,71,101,102" machi="17" ten="20,16000,3" yaku="1,1,2,1,0,1,7,1,52,1,54,1,53,2" doraHai="21" doraHaiUra="56" who="3" fromWho="3" sc="236,-41,220,-41,308,-81,226,173" />
</Scene>
<Scene>
<INIT seed="3,0,0,3,1,75" ten="195,179,227,399" oya="3" hai0="64,114,51,95,83,19,86,55,59,93,88,67,125" hai1="22,43,20,32,5,69,47,35,133,16,81,8,118" hai2="45,13,117,73,31,90,14,129,29,65,42,131,130" hai3="92,21,10,122,12,23,74,119,109,110,87,111,61"/><W52/><G122/><T107/><D125/><U135/><E69/><V103/><F117/><W104/><G119/><T124/><D124/><U0/><E118/><V80/><F65/><W2/><G2/><T97/><D114/><U40/><E22/><V66/><F66/><N who="0" m="25130" /><D107/><U134/><E81/><V94/><F103/><W102/><G74/><T28/><D28/><N who="2" m="10826" /><F80/><W79/><G104/><T96/><D19/><U132/><N who="1" m="33792" /><DORA hai="115" /><U17/><E17/><V76/><F76/><W11/><G79/><N who="0" m="46463" /><D95/><U15/><REACH who="1" step="1"/><E40/><REACH who="1" ten="195,169,227,399" step="2"/><V4/><F73/><W85/><G11/><T68/><D68/><U48/><AGARI ba="0,1" hai="0,5,8,15,16,20,32,35,43,47,48" m="33792" machi="48" ten="60,8000,1" yaku="1,1,2,1,0,1,20,1,54,1,53,0" doraHai="75,115" doraHaiUra="77,99" who="1" fromWho="1" sc="195,-20,169,90,227,-20,399,-40" />
</Scene>
<Scene>
<INIT seed="4,0,0,3,1,130" ten="175,259,207,359" oya="0" hai0="114,40,97,127,103,66,4,35,115,37,36,2,88" hai1="46,120,23,93,38,73,109,47,68,64,34,94,45" hai2="110,62,125,42,96,134,18,123,70,60,10,61,80" hai3="21,9,132,59,118,79,82,135,43,90,116,89,22"/><T15/><D35/><U78/><E109/><V77/><F110/><W69/><G43/><T129/><D2/><U124/><E34/><V95/><F123/><W108/><G108/><T104/><D129/><U57/><E120/><V121/><F121/><W29/><G69/><T52/><D127/><U101/><E124/><V39/><F125/><W55/><G9/><N who="0" m="4519" /><D66/><U98/><E68/><V72/><F70/><W86/><G29/><T85/><D40/><U0/><E0/><V81/><F81/><W84/><G79/><T44/><D44/><U100/><E38/><V12/><F42/><W1/><G1/><T53/><D36/><U14/><E73/><V117/><F39/><W11/><G11/><T128/><D37/><U6/><E78/><V83/><F83/><W65/><G65/><T119/><D119/><U16/><E6/><V131/><F117/><W27/><G27/><T99/><D99/><N who="1" m="59503" /><E45/><V71/><F131/><W58/><G82/><N who="0" m="49207" /><D128/><U19/><E19/><V32/><F32/><W91/><G91/><T87/><D87/><U105/><E105/><V106/><F106/><W92/><G55/><T48/><D48/><U3/><E3/><V51/><F71/><W75/><G92/><T107/><D107/><U54/><E64/><V17/><F51/><AGARI ba="0,0" hai="14,16,23,46,47,51,54,57,94,98,101" m="59503" machi="51" ten="30,2000,0" yaku="8,1,54,1" doraHai="130" who="1" fromWho="2" sc="175,0,259,20,207,-20,359,0" />
</Scene>
<Scene>
<INIT seed="5,0,0,3,1,48" ten="175,279,187,359" oya="1" hai0="6,97,47,55,114,122,116,108,127,93,25,130,56" hai1="53,110,131,88,57,66,74,76,107,115,4,9,3" hai2="1,94,68,78,64,91,67,90,101,29,45,104,129" hai3="28,10,19,86,106,89,119,46,103,39,30,54,135"/><U125/><E107/><V26/><F1/><W102/><G135/><T87/><D116/><U118/><E118/><V124/><F129/><W96/><G103/><N who="0" m="60847" /><D108/><U13/><E131/><V58/><F124/><W36/><G36/><T109/><D109/><U113/><E110/><V111/><F111/><W5/><G39/><T0/><D0/><U123/><E123/><V63/><F78/><W126/><G126/><T112/><D130/><U71/><E125/><V128/><F128/><W51/><G119/><T50/><D6/><U60/><E3/><V81/><F45/><W82/><G5/><T33/><D127/><U16/><E4/><V18/><F18/><W2/><G2/><T69/><D69/><U120/><E120/><V105/><F68/><W21/><G21/><T59/><D122/><U117/><E117/><V20/><F67/><W41/><G41/><T132/><D132/><U83/><REACH who="1" step="1"/><E88/><REACH who="1" ten="175,269,187,359" step="2"/><N who="2" m="33835" /><F81/><W99/><G96/><AGARI ba="0,1" hai="20,26,29,58,63,64,94,96,101,104,105" m="33835" machi="96" ten="30,2000,0" yaku="25,1,54,1" doraHai="48" who="2" fromWho="3" sc="175,0,269,0,187,30,359,-20" />
</Scene>
<Scene>
<INIT seed="6,0,0,0,4,48" ten="175,269,217,339" oya="2" hai0="125,83,132,95,69,31,50,4,18,52,46,101,64" hai1="63,6,110,5,119,93,2,19,38,73,90,117,105" hai2="9,123,76,30,92,20,57,87,134,42,25,133,35" hai3="116,15,97,107,109,120,60,43,94,21,10,115,24"/><V41/><F123/><W8/><G107/><T66/><D132/><N who="2" m="50794" /><F9/><W0/><G120/><T114/><D114/><U14/><E105/><V45/><F57/><W135/><G116/><T49/><D125/><U1/><E73/><V33/><F41/><W79/><G79/><T7/><D69/><U104/><E104/><V23/><F23/><W126/><G43/><N who="0" m="24799" /><D31/><U102/><E38/><N who="2" m="21719" /><F92/><W72/><G10/><T67/><D18/><U55/><E102/><V88/><F88/><W80/><G0/><T127/><D127/><U28/><E1/><V47/><F47/><W51/><G126/><T85/><D95/><U131/><E2/><V111/><F111/><W103/><G109/><T75/><D101/><U40/><E40/><V53/><F53/><W81/><G72/><T77/><D75/><U32/><E110/><V65/><F65/><W62/><G115/><T89/><D89/><U91/><E91/><V12/><F12/><W54/><G135/><T22/><D22/><U122/><E122/><V34/><F20/><W130/><G15/><T56/><AGARI ba="0,0" hai="4,7,50,52,56,64,66,67,77,83,85" m="24799" machi="56" ten="30,4000,0" yaku="8,1,52,1,54,1" doraHai="48" who="0" fromWho="0" sc="175,40,269,-10,217,-20,339,-10" />
</Scene>
<Scene>
<INIT seed="7,0,0,4,5,28" ten="215,259,197,329" oya="3" hai0="115,114,82,85,6,16,94,5,96,3,90,19,22" hai1="101,32,102,25,135,31,64,79,116,50,34,51,92" hai2="62,134,4,54,24,107,77,0,20,23,68,46,39" hai3="49,111,61,97,53,109,38,99,86,42,17,33,119"/><W63/><G119/><T93/><D93/><U58/><E79/><V57/><F107/><W41/><G33/><T132/><D132/><U95/><E135/><V100/><F134/><W14/><G38/><T65/><D65/><U103/><E116/><V70/><F100/><W125/><G125/><T29/><D29/><U121/><E121/><V48/><F39/><W127/><G127/><T45/><D45/><U27/><E64/><V2/><F77/><W60/><G86/><T89/><D19/><U110/><E110/><N who="3" m="41994" /><G41/><T81/><D81/><U78/><E78/><V88/><F88/><W133/><G42/><T120/><D120/><U52/><E50/><V37/><F37/><W59/><G133/><T76/><D90/><U75/><E75/><V123/><F123/><W66/><G66/><T73/><D73/><U108/><E108/><V44/><F44/><W129/><G129/><T26/><REACH who="0" step="1"/><D3/><REACH who="0" ten="205,259,197,329" step="2"/><U124/><E124/><V84/><F84/><W55/><G55/><T122/><D122/><U106/><E106/><V69/><F4/><AGARI ba="0,1" hai="4,5,6,16,22,26,76,82,85,89,94,96,114,115" machi="4" ten="40,2600,0" yaku="1,1,54,1,53,0" doraHai="28" doraHaiUra="112" who="0" fromWho="2" sc="205,36,259,0,197,-26,329,0" owari="241,-16.0,259,6.0,171,-33.0,329,43.0" />
</Scene>
</mjloggm>