<mjloggm ver="2.3"><GO type="169"/><UN n0="%E3%83%87%E3%82%B8%E3%82%BF%E3%83%AB%E4%BB%99%E4%BA%BA" n1="%41%53%41%50%49%4E" n2="%E5%98%98%E5%96%B0%E3%81%84%E5%96%B0%E3%81%84" n3="%61%62%61%6E%74%65%73" dan="18,18,16,16" rate="2196,2201,2091,2101" sx="F,M,M,M"/><TAIKYOKU oya="0"/>

<Scene>
<INIT seed="0,0,0,3,3,92" ten="250,250,250,250" oya="0" hai0="135,129,59,112,119,62,132,93,39,130,84,65,60" hai1="26,83,19,53,42,46,105,70,85,118,11,102,34" hai2="76,82,103,33,120,80,15,18,61,104,37,45,56" hai3="116,117,109,10,100,51,95,78,12,124,115,88,49"/><T24/><D119/><U16/><E118/><V47/><F33/><W13/><G115/><T63/><D24/><U25/><E70/><V31/><F120/><W28/><G109/><T57/><D93/><U106/><E53/><V40/><F31/><W133/><G133/><N who="0" m="51275" /><D84/><U110/><E110/><V94/><F104/><W2/><G2/><T44/><D112/><U113/><E113/><V48/><F103/><W68/><G68/><T36/><D44/><U9/><E34/><V125/><F94/><W73/><G28/><T43/><D43/><U128/><E128/><N who="0" m="49257" /><D63/><U127/><E105/><V5/><F82/><W126/><G95/><T29/><D29/><U6/><E26/><V98/><F61/><W99/><G117/><T38/><D38/><U32/><E25/><V123/><F37/><W67/><G116/><T122/><D122/><U74/><E32/><V72/><F40/><W4/><G73/><T71/><D71/><U54/><E74/><V131/><F72/><W111/><G111/><T50/><D50/><N who="1" m="29015" /><E42/><V22/><F123/><W69/><G51/><T23/><D23/><U87/><E87/><V81/><F131/><W52/><G69/><T77/><D77/><U86/><E86/><V58/><F76/><W108/><G78/><T41/><D41/><U66/><E85/><V79/><F79/><W30/><G108/><T21/><D21/><U1/><E83/><V91/><F80/><W90/><G30/><T3/><D3/><U27/><E106/><V121/><F81/><W134/><G134/><T97/><D97/><U0/><E1/><V55/><F121/><RYUUKYOKU ba="0,0" sc="250,30,250,-10,250,-10,250,-10" hai0="36,39,57,59,60,62,65" />
</Scene>
<Scene>
<INIT seed="0,1,0,1,5,29" ten="280,240,240,240" oya="0" hai0="20,3,84,39,65,33,120,19,78,105,135,47,4" hai1="77,7,61,1,45,68,49,118,124,122,107,131,91" hai2="70,113,128,57,35,75,80,6,72,130,12,102,25" hai3="38,56,53,127,59,63,51,73,26,34,134,101,103"/><T54/><D120/><U60/><E118/><V21/><F113/><W86/><G73/><T89/><D135/><U2/><E122/><V55/><F70/><W87/><G38/><T112/><D112/><U44/><E107/><V37/><F37/><W13/><G134/><T79/><D105/><U110/><E110/><V36/><F36/><W104/><G127/><T11/><D65/><U99/><E124/><V30/><F102/><W129/><G129/><N who="2" m="49769" /><F80/><W133/><G133/><T23/><D33/><U76/><E131/><V48/><F6/><W126/><G126/><T114/><D114/><U88/><E49/><V10/><F10/><W98/><G103/><T16/><D23/><U106/><E106/><V90/><F90/><W108/><G108/><T27/><D19/><AGARI ba="1,0" hai="12,19,21,25,30,35,48,55,57,72,75" m="49769" machi="19" ten="30,2000,0" yaku="19,1,52,1" doraHai="29" who="2" fromWho="0" sc="280,-23,240,0,240,23,240,0" />
</Scene>
<Scene>
<INIT seed="1,0,0,0,1,62" ten="257,240,263,240" oya="1" hai0="35,72,51,50,46,118,131,4,85,37,100,103,109" hai1="65,41,121,32,31,12,8,63,92,74,125,102,86" hai2="87,122,43,49,107,38,110,80,59,113,13,6,28" hai3="20,16,1,3,75,61,55,42,134,96,69,119,98"/><U54/><E121/><V101/><F122/><W99/><G75/><T45/><D72/><U128/><E74/><V15/><F38/><W21/><G134/><T104/><D118/><U52/><E128/><V135/><F113/><W11/><G119/><T94/><D131/><U105/><E105/><V108/><F135/><W114/><G114/><T36/><D35/><U44/><E125/><V58/><F28/><W25/><G42/><T124/><D124/><U78/><E31/><V47/><F101/><W126/><G126/><T117/><D117/><U39/><E32/><V115/><F107/><W48/><G11/><T127/><D127/><U88/><E102/><V111/><F115/><W129/><G129/><T130/><D130/><U30/><E30/><V24/><F24/><W68/><G21/><T67/><D67/><U81/><E92/><V71/><F71/><W22/><G22/><T40/><D4/><U64/><E78/><N who="2" m="46487" /><F15/><W17/><G17/><T33/><D33/><U95/><E95/><V91/><F91/><W5/><G5/><T89/><D109/><U29/><E29/><V82/><F82/><W18/><G18/><T23/><D23/><U77/><E77/><V106/><F106/><W93/><G93/><T14/><D14/><U26/><E26/><V0/><F0/><W76/><G76/><T53/><D103/><U97/><E97/><V133/><F133/><W27/><G27/><T132/><D132/><U90/><E90/><V79/><F79/><W83/><G83/><T112/><D112/><U7/><E54/><V116/><F116/><W10/><G25/><RYUUKYOKU ba="0,0" sc="257,10,240,10,263,10,240,-30" hai0="36,37,40,45,46,50,51,53,85,89,94,100,104" hai1="7,8,12,39,41,44,52,63,64,65,81,86,88" hai2="6,13,43,47,49,58,59,108,110,111" />
</Scene>
<Scene>
<INIT seed="1,1,0,5,4,52" ten="267,250,273,210" oya="1" hai0="68,14,74,85,18,83,32,88,134,82,38,61,112" hai1="9,77,69,70,33,114,30,94,98,84,13,57,55" hai2="15,132,91,124,51,16,109,107,67,90,99,28,3" hai3="8,120,92,135,64,35,63,45,43,80,117,29,62"/><U44/><E114/><V4/><F109/><W130/><G120/><T26/><D112/><U86/><E44/><V41/><F28/><W106/><G106/><T115/><D115/><U93/><E30/><V75/><F75/><W101/><G80/><T0/><D0/><U48/><E33/><V105/><F124/><W127/><G8/><T12/><D38/><U119/><E119/><V71/><F4/><W39/><G101/><T103/><D134/><U6/><E94/><V34/><F34/><W100/><G100/><T60/><D103/><U110/><E110/><V53/><F41/><W118/><G92/><T42/><D42/><U87/><REACH who="1" step="1"/><E77/><REACH who="1" ten="267,240,273,210" step="2"/><V27/><F132/><W122/><G135/><T22/><D32/><U116/><E116/><N who="3" m="44650" /><G29/><T73/><D82/><U40/><E40/><V50/><F107/><W108/><G35/><T102/><D102/><AGARI ba="1,1" hai="6,9,13,48,55,57,69,70,84,86,87,93,98,102" machi="102" ten="40,3900,0" yaku="1,1,52,1,53,0" doraHai="52" doraHaiUra="17" who="1" fromWho="0" sc="267,-42,240,52,273,0,210,0" />
</Scene>
<Scene>
<INIT seed="1,2,0,5,0,66" ten="225,292,273,210" oya="1" hai0="58,2,79,5,124,108,60,4,47,88,69,41,98" hai1="111,0,76,1,31,17,29,83,71,27,103,117,61" hai2="89,63,68,115,55,118,3,42,67,59,104,35,6" hai3="132,18,91,135,74,116,25,120,107,101,34,26,9"/><U43/><E117/><V40/><F35/><W70/><G120/><T24/><D124/><U102/><E111/><V16/><F118/><W99/><G116/><T44/><D108/><U72/><E43/><V53/><F104/><W126/><G74/><T15/><D2/><U50/><E50/><V92/><F115/><W7/><G126/><T133/><D79/><U123/><E123/><V12/><F6/><W11/><G91/><T65/><D133/><N who="3" m="51273" /><G34/><T78/><D78/><U51/><E51/><V82/><F3/><N who="3" m="255" /><G70/><T56/><D24/><U122/><E122/><V62/><F82/><W37/><G37/><T93/><D47/><U134/><E134/><V73/><F73/><W75/><G75/><T80/><D80/><U28/><E103/><V13/><F42/><W113/><G113/><T57/><REACH who="0" step="1"/><D15/><AGARI ba="2,0" hai="11,15,18,25,26,99,101,107" m="255,51273" machi="15" ten="30,1000,0" yaku="20,1" doraHai="66" who="3" fromWho="0" sc="225,-16,292,0,273,0,210,16" />
</Scene>
<Scene>
<INIT seed="2,0,0,5,5,129" ten="209,292,273,226" oya="2" hai0="20,130,64,132,19,60,96,90,71,101,131,115,63" hai1="124,39,24,3,68,8,103,51,54,107,21,55,45" hai2="29,86,46,53,38,41,78,75,66,16,95,104,77" hai3="134,50,49,105,33,30,99,81,14,56,4,112,127"/><V85/><F104/><W6/><G33/><T67/><D115/><U23/><E68/><V9/><F75/><W133/><G30/><T70/><D90/><U25/><E124/><V74/><F74/><W47/><G127/><T22/><D132/><N who="3" m="50793" /><G112/><T1/><D1/><U11/><E39/><V44/><F29/><W88/><G56/><T98/><REACH who="0" step="1"/><D19/><REACH who="0" ten="199,292,273,226" step="2"/><U5/><E3/><V120/><F16/><W76/><G6/><T108/><D108/><U65/><E5/><V84/><F77/><W89/><G4/><T2/><D2/><U126/><E126/><V83/><F78/><W114/><G114/><T7/><D7/><U36/><E103/><AGARI ba="0,1" hai="20,22,60,63,64,67,70,71,96,98,101,103,130,131" machi="103" ten="25,3200,0" yaku="1,1,22,2,53,0" doraHai="129" doraHaiUra="40" who="0" fromWho="1" sc="199,42,292,-32,273,0,226,0" />
</Scene>
<Scene>
<INIT seed="3,0,0,4,3,82" ten="241,260,273,226" oya="3" hai0="6,3,56,9,28,100,31,65,66,47,128,86,78" hai1="130,52,126,102,76,39,21,29,79,32,7,35,106" hai2="127,20,68,19,15,117,44,112,113,25,34,45,11" hai3="124,49,58,0,2,134,104,4,95,94,75,129,59"/><W72/><G104/><T91/><D128/><U26/><E39/><V40/><F68/><W43/><G43/><T103/><D78/><U125/><E130/><V132/><F117/><W33/><G129/><T22/><D47/><U133/><E133/><V16/><F45/><W74/><G33/><T24/><D31/><U13/><E102/><V77/><F132/><W83/><G134/><T57/><D57/><N who="3" m="21513" /><G83/><T38/><D38/><U81/><E106/><V98/><F34/><W69/><G69/><T64/><REACH who="0" step="1"/><D56/><REACH who="0" ten="231,260,273,226" step="2"/><U42/><E76/><V107/><F77/><W131/><G131/><T93/><AGARI ba="0,1" hai="3,6,9,22,24,28,64,65,66,86,91,93,100,103" machi="93" ten="30,7900,0" yaku="1,1,2,1,0,1,52,1,53,0" doraHai="82" doraHaiUra="118" who="0" fromWho="0" sc="231,89,260,-20,273,-20,226,-39" />
</Scene>
<Scene>
<INIT seed="4,0,0,1,2,121" ten="320,240,253,187" oya="0" hai0="33,23,118,94,32,93,116,65,84,88,79,54,85" hai1="8,58,117,99,52,19,131,101,127,55,59,18,134" hai2="115,43,126,103,4,133,105,130,119,44,97,60,128" hai3="92,76,100,95,29,45,123,90,83,87,41,72,17"/><T51/><D65/><U10/><E117/><V30/><F119/><W26/><G123/><T91/><D79/><U37/><E37/><V120/><F120/><W2/><G2/><T113/><D113/><U34/><E34/><V46/><F115/><W104/><G17/><T20/><D51/><U110/><E110/><V68/><F126/><W15/><G15/><T74/><D54/><U78/><E78/><V111/><F111/><W102/><G95/><T132/><REACH who="0" step="1"/><D74/><REACH who="0" ten="310,240,253,187" step="2"/><U108/><E55/><V75/><F75/><W77/><G77/><T129/><D129/><U24/><E131/><V125/><F128/><W107/><G107/><T69/><D69/><U6/><E52/><V31/><F130/><W12/><G104/><T61/><D61/><U36/><E59/><V9/><F68/><W25/><G76/><T67/><D67/><U42/><E58/><V53/><F60/><W49/><G49/><T122/><D122/><U16/><E42/><V50/><F125/><W106/><G106/><T57/><D57/><U62/><E127/><V82/><F53/><W3/><G72/><T22/><D22/><U112/><E62/><V7/><F50/><W96/><G41/><T70/><D70/><U21/><E112/><V14/><F43/><W73/><G73/><T89/><D89/><U135/><E21/><V38/><F38/><W39/><G90/><T64/><D64/><U1/><E36/><V98/><F105/><W11/><G39/><T0/><D0/><U48/><E1/><V56/><F56/><W80/><G3/><T28/><D28/><U114/><E114/><RYUUKYOKU ba="0,1" sc="310,30,240,-10,253,-10,187,-10" hai0="20,23,32,33,84,85,88,91,93,94,116,118,132" />
</Scene>
<Scene>
<INIT seed="4,1,1,2,1,70" ten="340,230,243,177" oya="0" hai0="84,36,33,42,116,55,118,131,58,0,16,82,126" hai1="12,22,100,98,134,56,27,4,50,24,96,48,113" hai2="119,7,77,19,20,130,44,11,68,95,25,53,67" hai3="110,49,62,66,123,57,26,71,28,13,76,135,78"/><T37/><D33/><U117/><E117/><V101/><F119/><W86/><G110/><T103/><D0/><U74/><E74/><V114/><F114/><W132/><G123/><T35/><D35/><U69/><E69/><V87/><F130/><W97/><G97/><T90/><D131/><U10/><E134/><N who="3" m="51242" /><G13/><T29/><D29/><U40/><E113/><V46/><F68/><W72/><G72/><T31/><D31/><U59/><E98/><N who="2" m="59615" /><F67/><W121/><G121/><T39/><D42/><U64/><E64/><V8/><F7/><W41/><G86/><T73/><D103/><U125/><E125/><V75/><F75/><W111/><G111/><T43/><D43/><U32/><E32/><V124/><F124/><W61/><G49/><T129/><D129/><U128/><E128/><V83/><F53/><N who="3" m="33967" /><G41/><T94/><D126/><U109/><E109/><V65/><F65/><W120/><G120/><T79/><REACH who="0" step="1"/><D16/><REACH who="0" ten="330,230,243,177" step="2"/><N who="1" m="12359" /><E40/><V107/><F19/><W80/><G28/><T122/><D122/><U81/><E27/><V14/><F25/><W30/><G26/><T5/><D5/><U133/><E133/><V1/><F1/><W63/><G30/><T99/><D99/><U92/><E4/><N who="2" m="3335" /><F20/><W23/><G23/><T47/><D47/><N who="2" m="17962" /><F11/><W6/><G6/><T2/><D2/><U51/><E10/><V102/><F102/><W3/><G3/><T21/><D21/><U89/><E12/><V106/><F87/><AGARI ba="1,2" hai="48,50,51,56,59,81,87,89,92,96,100" m="12359" machi="87" ten="30,2000,0" yaku="8,1,54,1" doraHai="70" who="1" fromWho="2" sc="330,0,230,43,243,-23,177,0" />
</Scene>
<Scene>
<INIT seed="5,0,0,2,5,112" ten="330,273,220,177" oya="1" hai0="13,11,52,64,35,117,126,10,125,82,15,88,57" hai1="33,132,53,28,8,31,129,103,19,39,48,83,102" hai2="78,94,89,77,81,74,87,73,106,95,123,56,120" hai3="121,46,54,59,55,16,91,23,65,62,107,27,38"/><U22/><E39/><V1/><F1/><W61/><G121/><T68/><D117/><U115/><E115/><V79/><F106/><W2/><G2/><T76/><D35/><U42/><E129/><V124/><F56/><W5/><G5/><T18/><D64/><U84/><E132/><V119/><F119/><W134/><G134/><T127/><D68/><U32/><E42/><V47/><F47/><W49/><G107/><T34/><D34/><U12/><E32/><V90/><F124/><W105/><G105/><T85/><D76/><U116/><E116/><V60/><F60/><W101/><G101/><T131/><D131/><U6/><E33/><V40/><F40/><W17/><G38/><T30/><D30/><U86/><E86/><N who="2" m="52535" /><F120/><W122/><G122/><T104/><D104/><U9/><E103/><V14/><F14/><N who="0" m="5130" /><D18/><U130/><E102/><V45/><F45/><W92/><G17/><T20/><D20/><U111/><E111/><V67/><F67/><W24/><G24/><T58/><D58/><N who="1" m="33063" /><E130/><V26/><F26/><W43/><REACH who="3" step="1"/><G62/><AGARI ba="0,0" hai="10,11,52,57,62,82,85,88,125,126,127" m="5130" machi="62" ten="30,3900,0" yaku="18,1,54,2" doraHai="112" who="0" fromWho="3" sc="330,39,273,0,220,0,177,-39" />
</Scene>
<Scene>
<INIT seed="6,0,0,0,3,75" ten="369,273,220,138" oya="2" hai0="119,78,10,127,126,102,41,77,87,30,45,85,105" hai1="23,89,72,44,100,17,83,57,91,0,36,43,112" hai2="2,117,104,110,1,9,129,64,14,19,80,118,28" hai3="49,120,67,66,132,56,99,133,53,63,42,24,79"/><V81/><F104/><W106/><G24/><T111/><D111/><U58/><E112/><V116/><F110/><W6/><G6/><T92/><D30/><U109/><E109/><V13/><F129/><W4/><G4/><T103/><D10/><U96/><E0/><V18/><F64/><N who="3" m="39015" /><G99/><T20/><D20/><U76/><E57/><V74/><F28/><W32/><G106/><T93/><D105/><U121/><E58/><V35/><F35/><W52/><G32/><T123/><D45/><U11/><E11/><V31/><F31/><W21/><G21/><T125/><D41/><U114/><E114/><V130/><F130/><W90/><G90/><T97/><D119/><U54/><E54/><N who="3" m="21098" /><G120/><T34/><D34/><U27/><E121/><V12/><F9/><W107/><G107/><AGARI ba="0,0" hai="17,23,27,36,43,44,72,76,83,89,91,96,100,107" machi="107" ten="30,2000,0" yaku="7,1,52,1" doraHai="75" who="1" fromWho="3" sc="369,0,273,20,220,0,138,-20" />
</Scene>
<Scene>
<INIT seed="7,0,0,3,3,99" ten="369,293,220,118" oya="3" hai0="38,98,106,3,54,17,69,74,104,62,72,70,42" hai1="119,7,107,83,8,131,80,9,52,129,30,49,21" hai2="133,76,56,81,33,46,47,4,39,108,41,93,24" hai3="78,100,37,58,82,64,35,75,79,111,59,120,36"/><W6/><G120/><T135/><D17/><U26/><E119/><V48/><F108/><W122/><G122/><T102/><D54/><U71/><E71/><N who="0" m="27145" /><D62/><U110/><E110/><V132/><F56/><W130/><G111/><T12/><D12/><U86/><E107/><V32/><F4/><W53/><G35/><T94/><D94/><U115/><E115/><V67/><F67/><W117/><G117/><T127/><D106/><U19/><E129/><V118/><F118/><W1/><G130/><T14/><D14/><U63/><E131/><V88/><F24/><W126/><G79/><T18/><D18/><U65/><E63/><V55/><F132/><W45/><G126/><T128/><D128/><U31/><E65/><V84/><REACH who="2" step="1"/><F133/><REACH who="2" ten="369,293,210,118" step="2"/><W77/><G77/><T112/><D135/><U121/><E121/><V68/><F68/><W103/><G64/><T20/><D127/><U85/><E7/><V105/><F105/><W92/><G92/><T113/><D104/><U13/><E80/><V114/><F114/><W90/><G90/><T25/><D113/><U96/><E83/><V87/><AGARI ba="0,1" hai="32,33,39,41,46,47,48,55,76,81,84,87,88,93" machi="87" ten="20,12000,2" yaku="1,1,0,1,7,1,54,1,53,2" doraHai="99" doraHaiUra="40" who="2" fromWho="2" sc="369,-30,293,-30,210,130,118,-60" owari="339,14.0,263,-14.0,340,44.0,58,-44.0" />
</Scene>
</mjloggm>