<mjloggm ver="2.3"><GO type="169"/><UN n0="%41%53%41%50%49%4E" n1="%6D%61%63%6A%72" n2="%E3%81%B9%E3%81%A3%E3%81%93%E3%83%BC%E2%99%AA" n3="%E7%88%B6%E3%81%A1%E3%82%83%E3%82%93%E8%A6%8B%E3%81%A6%E3%82%8B%EF%BC%9F" dan="19,16,17,16" rate="2194,2059,2151,2024" sx="M,M,F,M"/><TAIKYOKU oya="0"/>

<Scene>
<INIT seed="0,0,0,1,2,121" ten="250,250,250,250" oya="0" hai0="68,36,131,41,40,47,126,14,37,73,116,53,95" hai1="48,3,80,34,29,113,56,122,132,85,79,55,26" hai2="24,134,105,9,10,127,94,51,88,50,0,83,96" hai3="60,12,67,111,21,46,15,91,62,27,72,11,109"/><T52/><D73/><U44/><E122/><V33/><F134/><W86/><G72/><T117/><D14/><U90/><E132/><V97/><F127/><W49/><G86/><T35/><D95/><U32/><E3/><V99/><F105/><W133/><G91/><T19/><D19/><U59/><E34/><V16/><F83/><W4/><G133/><T42/><D35/><U89/><E113/><V13/><F33/><W118/><G12/><T128/><D68/><U17/><E17/><V114/><F114/><W120/><G118/><N who="0" m="45675" /><D126/><U107/><E107/><V103/><F24/><W45/><G120/><T66/><D66/><U92/><REACH who="1" step="1"/><E89/><REACH who="1" ten="250,240,250,250" step="2"/><V102/><F0/><W65/><G65/><T76/><D76/><U5/><E5/><V2/><F2/><W77/><G77/><T74/><D74/><AGARI ba="0,1" hai="26,29,32,44,48,55,56,59,74,79,80,85,90,92" machi="74" ten="30,3900,0" yaku="1,1,7,1,53,1" doraHai="121" doraHaiUra="28" who="1" fromWho="0" sc="250,-39,240,49,250,0,250,0" />
</Scene>
<Scene>
<INIT seed="1,0,0,2,0,18" ten="211,289,250,250" oya="1" hai0="88,114,43,134,12,48,36,61,26,131,108,129,52" hai1="70,105,135,45,82,21,85,109,106,30,76,65,0" hai2="132,55,117,34,112,124,35,20,11,49,37,25,3" hai3="66,121,33,127,17,40,126,8,92,75,56,69,5"/><U77/><E0/><V86/><F37/><W54/><G75/><T22/><D114/><U91/><E135/><V27/><F132/><W89/><G121/><T98/><D134/><U46/><E109/><V122/><F117/><W1/><G33/><T84/><D108/><U59/><E70/><V103/><F122/><W23/><G40/><T104/><D12/><U53/><E105/><V19/><F112/><W4/><G4/><T71/><D43/><U73/><E106/><V13/><F124/><W116/><G116/><T7/><D7/><U24/><E65/><V101/><F86/><W47/><G47/><T41/><D41/><U68/><E68/><V87/><F34/><W107/><G107/><T96/><D36/><U118/><E118/><V2/><F2/><W60/><G66/><T50/><D50/><U14/><E14/><V115/><F115/><W111/><G69/><T72/><D61/><U125/><E125/><V133/><F133/><W39/><G39/><T29/><D72/><U83/><REACH who="1" step="1"/><E77/><REACH who="1" ten="211,279,250,250" step="2"/><V6/><F27/><N who="3" m="14831" /><G111/><T74/><D71/><U15/><E15/><V31/><REACH who="2" step="1"/><F87/><REACH who="2" ten="211,279,240,250" step="2"/><W57/><G127/><T99/><D74/><U123/><E123/><V113/><F113/><W119/><G126/><T38/><D104/><U93/><E93/><V58/><AGARI ba="0,2" hai="3,6,11,13,19,20,25,31,35,49,55,58,101,103" machi="58" ten="20,12000,2" yaku="1,1,0,1,7,1,24,2,52,1,53,0" doraHai="18" doraHaiUra="110" who="2" fromWho="2" sc="211,-30,279,-60,240,140,250,-30" />
</Scene>
<Scene>
<INIT seed="2,0,0,0,3,110" ten="181,219,380,220" oya="2" hai0="77,125,19,81,26,47,82,38,54,1,121,52,3" hai1="39,53,98,105,8,69,89,64,134,15,114,57,41" hai2="11,46,99,78,49,102,106,80,37,94,4,87,18" hai3="61,17,59,21,14,0,112,108,127,100,79,9,63"/><V40/><F18/><W65/><G108/><T115/><D121/><U13/><E134/><V56/><F56/><W73/><G127/><T5/><D125/><U126/><E126/><V128/><F128/><W28/><G100/><T76/><D19/><U85/><E64/><V96/><F37/><W29/><G73/><T55/><D26/><U24/><E69/><V10/><REACH who="2" step="1"/><F4/><REACH who="2" ten="181,219,370,220" step="2"/><W33/><G79/><T36/><D5/><U71/><E39/><N who="0" m="14889" /><D47/><U75/><E57/><V117/><F117/><W25/><G29/><T101/><D77/><U120/><E71/><V30/><F30/><W32/><G32/><T104/><D76/><U109/><E109/><V72/><F72/><W90/><G33/><T124/><D124/><U48/><E75/><V67/><F67/><W118/><G118/><T88/><D104/><U42/><E105/><V2/><F2/><W130/><G0/><T91/><D3/><U70/><E70/><V135/><F135/><W123/><G130/><T58/><D1/><U6/><E6/><V12/><F12/><W66/><G66/><T83/><D58/><U95/><E13/><V113/><F113/><W129/><G112/><T44/><D115/><U86/><E114/><V27/><F27/><W62/><G129/><T43/><D44/><N who="1" m="27783" /><E24/><V35/><F35/><W45/><G65/><T50/><D50/><U34/><E34/><V7/><F7/><W74/><G74/><T116/><D116/><U122/><E120/><V84/><F84/><N who="1" m="32361" /><E122/><V119/><F119/><W23/><G123/><T93/><D82/><U111/><E111/><V97/><F97/><RYUUKYOKU ba="0,1" sc="181,-15,219,15,370,15,220,-15" hai1="8,15,41,42,89,95,98" hai2="10,11,40,46,49,78,80,87,94,96,99,102,106" />
</Scene>
<Scene>
<INIT seed="2,1,1,3,1,58" ten="166,234,385,205" oya="2" hai0="116,4,112,21,31,92,36,54,90,127,75,61,89" hai1="105,34,78,39,109,88,15,66,27,117,10,123,86" hai2="100,18,2,133,12,102,0,42,68,122,55,24,103" hai3="85,70,43,114,23,48,128,134,49,67,95,59,25"/><V94/><F122/><W22/><G128/><T17/><D112/><U135/><E117/><V65/><F42/><W110/><G134/><T121/><D121/><U111/><E123/><V126/><F126/><W26/><G110/><T69/><D36/><U125/><E135/><V35/><F133/><W6/><G70/><T107/><D127/><U32/><E125/><V47/><F94/><W82/><G6/><T77/><D107/><U37/><E105/><V101/><F47/><W7/><G7/><T113/><D113/><U1/><E1/><V20/><F55/><W98/><G114/><T129/><D129/><U30/><E34/><V11/><F35/><W57/><G43/><T118/><D31/><U63/><E78/><V40/><F40/><W96/><G95/><T83/><D4/><U130/><E130/><V76/><F76/><W131/><G131/><T91/><D92/><U45/><E45/><V13/><F13/><W44/><G44/><T60/><D54/><U71/><E109/><V104/><F104/><W87/><G67/><T124/><D69/><U108/><E108/><V19/><N who="2" m="25600" /><DORA hai="16" /><V33/><REACH who="2" step="1"/><F33/><REACH who="2" ten="166,234,375,205" step="2"/><W50/><REACH who="3" step="1"/><G50/><REACH who="3" ten="166,234,375,195" step="2"/><T62/><REACH who="0" step="1"/><D124/><REACH who="0" ten="156,234,375,195" step="2"/><U99/><E111/><V64/><F64/><W29/><G29/><T79/><D79/><U80/><E37/><V119/><F119/><W72/><G72/><T115/><D115/><U52/><E39/><V106/><F106/><W3/><G3/><T73/><D73/><U5/><REACH who="1" step="1"/><E52/><REACH who="1" ten="156,224,375,195" step="2"/><RYUUKYOKU type="reach4" ba="1,5" sc="156,0,224,0,375,0,195,0" hai0="17,21,60,61,62,75,77,83,89,90,91,116,118" hai1="5,10,15,27,30,32,63,66,71,80,86,88,99" hai2="0,2,11,12,18,19,20,24,65,68" hai3="22,23,25,26,48,49,57,59,82,85,87,96,98" />
</Scene>
<Scene>
<INIT seed="2,2,5,3,0,96" ten="156,224,375,195" oya="2" hai0="58,49,31,101,48,75,44,61,29,69,127,112,104" hai1="38,39,37,17,46,28,131,123,40,64,36,27,57" hai2="65,91,130,124,6,53,51,16,55,116,125,30,113" hai3="83,117,128,86,121,35,10,32,93,67,105,20,50"/><V66/><F116/><W95/><G117/><T74/><D112/><U106/><E106/><V77/><F113/><W14/><G121/><T68/><D127/><N who="2" m="48714" /><F130/><W60/><G105/><T43/><D49/><U133/><E131/><V99/><F77/><W56/><G128/><T109/><D109/><U119/><E119/><V120/><F30/><W79/><G20/><T108/><D108/><U54/><E123/><V1/><F1/><W63/><G50/><T134/><D134/><U47/><E133/><V70/><F70/><W3/><G3/><T82/><D29/><U26/><E64/><V100/><F6/><W62/><G60/><T24/><D82/><U0/><E0/><V12/><F91/><W122/><G122/><T126/><D126/><U114/><E114/><V8/><F55/><W34/><REACH who="3" step="1"/><G63/><REACH who="3" ten="156,224,375,185" step="2"/><T73/><D69/><U84/><E37/><V72/><F120/><W98/><G98/><T45/><D68/><U92/><E38/><V88/><F72/><W115/><G115/><T102/><D104/><U111/><E111/><V2/><F2/><W90/><G90/><T85/><D85/><U41/><E84/><V78/><F88/><W13/><G13/><T97/><D97/><U132/><E132/><V94/><F78/><W81/><G81/><T42/><D61/><U22/><E92/><V87/><F87/><W110/><G110/><T23/><REACH who="0" step="1"/><D58/><AGARI ba="2,6" hai="8,12,16,51,53,58,65,66,94,99,100" m="48714" machi="58" ten="30,5800,0" yaku="18,1,52,1,54,1" doraHai="96" who="2" fromWho="0" sc="156,-64,224,0,375,124,185,0" />
</Scene>
<Scene>
<INIT seed="2,3,0,5,5,43" ten="92,224,499,185" oya="2" hai0="44,36,50,63,67,7,129,47,115,55,22,134,93" hai1="72,75,78,17,6,109,2,83,59,48,42,128,80" hai2="112,65,64,23,57,71,102,38,123,16,87,40,12" hai3="11,3,4,54,52,121,125,66,103,76,120,29,110"/><V26/><F123/><W35/><G125/><T117/><D115/><U91/><E109/><V49/><F112/><W96/><G110/><T88/><D129/><U5/><E128/><V60/><F102/><W113/><G113/><T37/><D134/><U81/><E2/><V90/><F38/><W77/><G66/><T13/><D117/><U24/><E75/><V30/><F71/><W18/><G77/><T58/><D47/><N who="1" m="25719" /><E72/><V131/><F131/><W28/><G76/><T104/><D104/><U92/><E78/><V69/><F69/><W31/><G35/><T51/><D51/><U1/><E1/><V74/><F74/><W33/><G33/><T132/><D132/><U45/><E59/><V127/><F127/><W98/><G18/><T108/><D108/><U95/><E45/><N who="2" m="25767" /><F60/><W100/><G103/><T56/><D56/><U21/><E92/><N who="2" m="54367" /><F57/><W107/><REACH who="3" step="1"/><G98/><AGARI ba="3,0" hai="5,6,17,21,24,80,81,83,91,95,98" m="25719" machi="98" ten="30,2000,0" yaku="8,1,52,1" doraHai="43" who="1" fromWho="3" sc="92,0,224,29,499,0,185,-29" />
</Scene>
<Scene>
<INIT seed="3,0,0,0,1,108" ten="92,253,499,156" oya="3" hai0="1,54,33,109,27,76,133,119,104,102,62,72,106" hai1="2,66,23,17,0,124,107,134,53,74,95,114,127" hai2="49,11,132,47,116,92,125,113,82,56,35,94,60" hai3="7,69,9,120,100,64,15,97,26,89,37,135,20"/><W77/><G120/><T121/><D109/><U24/><E107/><V5/><F35/><W34/><G37/><T59/><D121/><U50/><E74/><V75/><F116/><W112/><G135/><T105/><D119/><U43/><E134/><V86/><F132/><W12/><G77/><T128/><D133/><U32/><E43/><V45/><F75/><W68/><G34/><T36/><D36/><U79/><E66/><V8/><F113/><W130/><G112/><T14/><D1/><U40/><E114/><V6/><F45/><W21/><G130/><T39/><D39/><U131/><E131/><V22/><F22/><W123/><G89/><T83/><D128/><U88/><E40/><N who="2" m="24807" /><F8/><W90/><G90/><T55/><D14/><U71/><E79/><N who="2" m="46431" /><F125/><N who="1" m="48201" /><E71/><V78/><F78/><W93/><G123/><T99/><REACH who="0" step="1"/><D55/><REACH who="0" ten="82,253,499,156" step="2"/><U29/><E53/><N who="2" m="33807" /><F6/><W111/><G111/><T52/><D52/><U16/><E2/><V31/><F5/><W70/><G64/><T4/><D4/><U126/><E0/><V44/><F44/><W25/><REACH who="3" step="1"/><G12/><REACH who="3" ten="82,253,499,146" step="2"/><T115/><D115/><U38/><E38/><V73/><F73/><W84/><G84/><T103/><D103/><U118/><E126/><V18/><F11/><W19/><G19/><T98/><D98/><N who="1" m="57703" /><E118/><V65/><F65/><W117/><G117/><T42/><D42/><U96/><E96/><V13/><F13/><W101/><G101/><T61/><D61/><U81/><E17/><V58/><F18/><W41/><G41/><T51/><D51/><U80/><E50/><V63/><F63/><W122/><G122/><RYUUKYOKU ba="0,2" sc="82,10,253,10,499,-30,146,10" hai0="27,33,54,59,62,72,76,83,99,102,104,105,106" hai1="16,23,24,29,32,80,81" hai3="7,9,15,20,21,25,26,68,69,70,93,97,100" />
</Scene>
<Scene>
<INIT seed="3,1,2,3,2,39" ten="92,263,469,156" oya="3" hai0="127,1,91,37,17,25,9,28,69,27,129,7,53" hai1="36,23,76,63,97,133,65,32,86,80,0,34,134" hai2="54,13,128,64,103,125,82,8,115,102,75,110,41" hai3="95,88,18,126,77,104,108,111,122,112,132,56,118"/><W105/><G112/><T14/><D69/><U43/><E0/><V16/><F115/><W4/><G118/><T45/><D129/><U12/><E97/><V66/><F128/><W114/><G114/><T96/><D127/><U83/><E83/><V38/><F125/><W42/><G126/><T87/><D96/><U22/><E36/><V67/><F110/><N who="3" m="42027" /><G132/><N who="1" m="50794" /><E43/><V107/><F107/><W24/><G122/><T109/><D109/><U123/><E123/><V71/><F71/><W31/><G4/><T30/><D30/><U92/><E92/><V73/><F73/><W51/><G77/><T44/><D37/><U106/><E106/><V72/><F72/><W93/><G18/><T19/><D19/><N who="1" m="10599" /><E23/><V113/><F113/><W52/><G42/><T46/><D28/><U68/><AGARI ba="1,2" hai="32,34,63,65,68,76,80,86" m="10599,50794" machi="68" ten="30,1100,0" yaku="20,1" doraHai="39" who="1" fromWho="1" sc="92,-4,263,34,469,-4,156,-6" />
</Scene>
<Scene>
<INIT seed="4,0,0,5,2,130" ten="88,297,465,150" oya="0" hai0="49,23,46,92,121,69,62,38,106,107,6,1,53" hai1="85,14,52,120,98,16,35,131,86,114,56,64,101" hai2="72,55,105,7,5,58,57,118,63,102,127,111,77" hai3="54,10,71,113,65,31,109,132,9,4,66,26,21"/><T27/><D121/><U126/><E120/><V45/><F127/><W2/><G109/><T3/><D38/><U83/><E131/><V60/><F111/><W115/><G132/><T36/><D36/><U122/><E122/><V43/><F118/><W13/><G54/><T78/><D78/><U135/><E35/><V124/><F124/><W0/><G0/><T32/><D32/><U97/><E126/><V96/><F77/><W70/><G65/><T80/><D80/><U73/><E114/><N who="3" m="43530" /><G66/><T99/><D62/><U119/><E119/><V47/><F72/><W116/><G116/><T25/><D69/><U87/><E64/><V95/><F105/><W41/><G41/><T103/><D27/><U128/><E135/><V84/><F43/><W48/><G48/><T67/><D67/><U79/><E128/><V22/><F84/><W59/><G59/><T29/><REACH who="0" step="1"/><D3/><REACH who="0" ten="78,297,465,150" step="2"/><U110/><E110/><V42/><F60/><W134/><G134/><T82/><D82/><U123/><E123/><V61/><F63/><W76/><G76/><T129/><D129/><U34/><E34/><V104/><F61/><W94/><G71/><T39/><D39/><U68/><E68/><V108/><F108/><W133/><G70/><T89/><D89/><U8/><E101/><V90/><F90/><W112/><G133/><T100/><D100/><U93/><E83/><V18/><F102/><W11/><G112/><T19/><D19/><U40/><E79/><V81/><F18/><W50/><G2/><T12/><D12/><U75/><E14/><V91/><F91/><W44/><G13/><RYUUKYOKU ba="0,1" sc="78,30,297,-10,465,-10,150,-10" hai0="1,6,23,25,29,46,49,53,92,99,103,106,107" />
</Scene>
<Scene>
<INIT seed="4,1,1,2,1,0" ten="108,287,455,140" oya="0" hai0="41,26,122,90,131,25,34,120,59,135,28,18,33" hai1="32,6,1,15,134,88,4,81,30,67,84,91,116" hai2="68,107,62,24,14,17,40,109,61,98,38,29,36" hai3="100,76,42,52,51,130,9,95,92,47,20,7,31"/><T57/><D131/><U75/><E116/><V99/><F109/><W10/><G130/><T2/><D2/><U93/><E1/><V72/><F72/><W133/><G133/><T79/><D135/><U121/><E134/><V3/><F3/><W46/><G76/><T78/><D18/><U44/><E121/><V11/><F40/><W54/><G9/><T35/><D41/><U119/><E119/><V115/><F98/><W63/><G63/><T55/><D90/><U60/><E15/><V103/><F61/><W22/><G100/><T111/><D35/><U64/><E75/><V23/><F115/><W43/><G95/><T128/><D128/><U104/><E104/><V118/><F118/><W49/><G92/><T48/><D111/><U80/><E44/><V66/><AGARI ba="1,1" hai="11,14,17,23,24,29,36,38,62,66,68,99,103,107" machi="66" ten="30,1100,0" yaku="0,1" doraHai="0" who="2" fromWho="2" sc="108,-6,287,-4,455,24,140,-4" />
</Scene>
<Scene>
<INIT seed="5,0,0,1,0,79" ten="102,283,479,136" oya="1" hai0="30,34,1,18,127,87,122,50,120,129,36,37,22" hai1="72,53,68,99,133,48,125,47,24,11,96,26,3" hai2="124,103,6,121,8,81,41,0,109,28,57,9,74" hai3="65,112,114,25,7,84,42,70,131,15,14,45,76"/><U61/><E72/><V35/><F121/><N who="0" m="46698" /><D1/><U110/><E133/><V43/><F109/><W19/><G131/><T119/><D119/><U64/><E110/><V13/><F124/><W67/><G70/><T54/><D129/><U104/><E125/><V20/><F103/><W51/><G25/><N who="0" m="18767" /><D87/><U88/><E104/><V117/><F117/><W66/><G7/><T118/><D127/><U126/><E126/><V83/><F74/><W94/><G94/><T52/><D118/><U93/><REACH who="1" step="1"/><E99/><REACH who="1" ten="102,273,479,136" step="2"/><V102/><F102/><W130/><G114/><T95/><D95/><U106/><E106/><V62/><F35/><W108/><G112/><T4/><D4/><AGARI ba="0,1" hai="3,4,11,24,26,47,48,53,61,64,68,88,93,96" machi="4" ten="40,3900,0" yaku="1,1,54,1,53,0" doraHai="79" doraHaiUra="77" who="1" fromWho="0" sc="102,-39,273,49,479,0,136,0" />
</Scene>
<Scene>
<INIT seed="5,1,0,0,3,59" ten="63,322,479,136" oya="1" hai0="23,58,4,133,35,80,73,34,27,5,91,105,106" hai1="121,29,39,120,90,77,92,132,49,117,44,20,72" hai2="66,123,131,116,37,130,89,115,79,129,0,56,81" hai3="3,6,85,109,19,22,42,112,10,48,13,55,32"/><U63/><E117/><V103/><F116/><W87/><G112/><T98/><D133/><U38/><E132/><V33/><F33/><W67/><G109/><T31/><D34/><U46/><E77/><V25/><F123/><W134/><G134/><T128/><D128/><U125/><E72/><V16/><F0/><W135/><G135/><T104/><D35/><U69/><E125/><V9/><F37/><W17/><G42/><T118/><D118/><U75/><E75/><V11/><F103/><W100/><G100/><T102/><D73/><U53/><E39/><V95/><F81/><W107/><G107/><T88/><D80/><U30/><E38/><V47/><F47/><W15/><G67/><T7/><REACH who="0" step="1"/><D58/><REACH who="0" ten="53,322,479,136" step="2"/><U113/><E120/><V2/><F129/><W119/><G32/><T84/><D84/><U45/><E121/><V101/><F130/><W43/><G119/><T68/><D68/><U124/><E124/><V96/><F131/><W14/><G87/><T8/><D8/><U114/><E114/><V61/><F9/><W108/><G85/><T110/><D110/><U83/><E83/><V60/><F11/><W26/><G108/><T94/><AGARI ba="1,1" hai="4,5,7,23,27,31,88,91,94,98,102,104,105,106" machi="94" ten="40,5200,0" yaku="1,1,0,1,54,1,53,0" doraHai="59" doraHaiUra="52" who="0" fromWho="0" sc="53,65,322,-27,479,-14,136,-14" />
</Scene>
<Scene>
<INIT seed="6,0,0,2,1,61" ten="118,295,465,122" oya="2" hai0="1,115,112,91,80,87,73,133,90,53,48,93,84" hai1="129,113,29,102,132,104,64,114,31,52,24,4,99" hai2="46,134,38,78,56,65,66,98,3,81,107,35,20" hai3="21,118,47,121,100,18,127,25,89,9,76,43,71"/><V105/><F35/><W22/><G118/><T55/><D1/><U63/><E129/><V15/><F3/><W40/><G121/><T12/><D133/><U123/><E132/><V116/><F116/><W16/><G127/><T117/><D117/><U27/><E123/><V42/><F134/><W59/><G71/><T8/><D73/><U30/><E4/><V44/><F44/><W10/><G100/><T28/><D28/><U110/><E52/><V82/><F56/><W122/><G122/><T83/><D93/><U13/><E13/><V50/><F38/><W45/><G76/><T128/><D128/><U108/><E27/><V57/><F57/><W26/><G59/><T54/><D48/><U60/><E60/><V62/><F62/><W74/><G74/><T69/><D69/><N who="1" m="42143" /><E24/><V58/><F58/><W106/><G106/><T51/><D51/><U124/><E124/><V111/><F105/><W79/><G79/><T88/><D90/><AGARI ba="0,0" hai="9,10,16,18,21,22,25,26,40,43,45,47,89,90" machi="90" ten="25,6400,0" yaku="22,2,8,1,54,1" doraHai="61" who="3" fromWho="0" sc="118,-64,295,0,465,0,122,64" />
</Scene>
<Scene>
<INIT seed="7,0,0,0,1,58" ten="54,295,465,186" oya="3" hai0="39,101,23,36,118,73,13,28,102,95,67,119,112" hai1="0,44,17,69,97,116,108,122,4,85,129,76,89" hai2="109,42,27,21,77,133,46,96,47,54,100,16,30" hai3="88,86,60,35,25,94,81,106,5,53,55,132,134"/><W79/><G106/><T11/><D73/><U128/><E108/><V113/><F109/><W130/><G130/><T115/><D23/><U18/><E122/><V72/><F133/><N who="3" m="51307" /><G5/><T74/><D74/><U103/><E69/><V123/><F113/><N who="0" m="43594" /><D13/><U50/><E76/><V22/><F123/><W8/><G8/><T126/><D11/><U41/><E116/><N who="0" m="44585" /><D95/><N who="1" m="54703" /><E4/><V34/><F72/><W114/><G114/><T127/><D28/><U15/><E15/><V83/><F83/><W7/><G7/><T33/><D33/><U48/><E48/><V32/><F77/><W26/><G35/><T66/><D101/><U24/><E24/><V3/><F3/><W52/><G60/><T14/><D14/><U80/><E0/><V107/><F34/><W43/><G43/><T78/><D78/><U104/><E80/><V51/><F16/><W59/><G59/><T9/><D102/><U10/><E10/><V49/><AGARI ba="0,0" hai="21,22,27,30,32,42,46,47,49,51,54,96,100,107" machi="49" ten="20,1500,0" yaku="0,1,7,1" doraHai="58" who="2" fromWho="2" sc="54,-4,295,-4,465,15,186,-7" owari="50,-45.0,291,9.0,480,58.0,179,-22.0" />
</Scene>
</mjloggm>