<mjloggm ver="2.3"><GO type="169" lobby="0"/><UN n0="%E3%82%A2%E3%83%8B%E3%82%AA%E3%83%B3" n1="%E5%9F%BA%E7%A4%8E%E8%AB%96" n2="%E3%81%94%E3%81%98%E3%82%83%E3%82%8B" n3="%41%53%41%50%49%4E" dan="17,17,19,18" rate="2144.09,2151.23,2309.04,2269.61" sx="F,M,M,M"/><TAIKYOKU oya="0"/>

<Scene>
<INIT seed="0,0,0,5,0,133" ten="250,250,250,250" oya="0" hai0="90,12,107,27,14,30,94,124,118,93,106,77,18" hai1="2,50,121,34,57,135,58,125,115,72,67,102,61" hai2="120,73,40,45,70,101,113,11,68,8,17,105,95" hai3="89,29,35,56,104,132,0,51,9,48,66,10,52"/><T84/><D118/><U65/><E121/><V55/><F120/><W64/><G132/><T22/><D77/><U128/><E135/><V131/><F73/><W16/><G104/><T37/><D37/><U96/><E72/><V59/><F105/><W116/><G116/><T69/><D69/><U79/><E79/><V76/><F76/><W127/><G127/><T119/><D119/><U60/><E2/><V6/><F131/><W20/><G29/><T122/><D122/><U98/><E128/><V110/><F110/><W15/><G35/><T42/><D42/><U31/><E115/><V82/><F82/><W53/><G89/><T47/><D47/><U25/><E50/><V85/><F17/><W130/><G130/><T114/><D124/><U26/><E125/><V100/><F11/><N who="3" m="4107" /><G0/><T75/><D75/><U97/><REACH who="1" step="1"/><E26/><REACH who="1" ten="250,240,250,250" step="2"/><V44/><F113/><W80/><G80/><T19/><D114/><U46/><E46/><AGARI ba="0,1" hai="15,16,20,46,48,51,52,53,56,64,66" m="4107" machi="46" ten="30,3900,0" yaku="8,1,54,2" doraHai="133" who="3" fromWho="1" sc="250,0,240,-39,250,0,250,49" />
</Scene>
<Scene>
<INIT seed="1,0,0,3,5,82" ten="250,201,250,299" oya="1" hai0="73,42,31,52,24,14,81,21,18,61,79,134,70" hai1="32,54,26,63,121,133,100,95,3,60,135,44,22" hai2="0,62,66,91,46,2,29,69,45,98,43,94,34" hai3="104,114,80,10,132,90,123,87,6,112,59,25,97"/><U64/><E121/><V127/><F127/><W67/><G123/><T111/><D111/><U116/><E116/><V20/><F34/><W129/><G129/><T83/><D134/><U106/><E106/><V85/><F46/><W37/><G37/><T68/><D42/><U13/><E32/><V72/><F72/><W76/><G132/><T33/><D81/><U103/><E3/><V110/><F110/><W93/><G25/><T8/><D33/><U53/><E13/><V5/><F5/><W89/><G67/><T36/><D36/><U120/><E120/><V113/><F113/><W40/><G40/><T30/><D30/><U38/><E38/><V107/><F20/><W119/><G119/><T56/><AGARI ba="0,0" hai="8,14,18,21,24,31,52,56,61,68,70,73,79,83" machi="56" ten="30,2000,0" yaku="0,1,54,1" doraHai="82" who="0" fromWho="0" sc="250,20,201,-10,250,-5,299,-5" />
</Scene>
<Scene>
<INIT seed="2,0,0,0,5,83" ten="270,191,245,294" oya="2" hai0="86,126,58,111,131,16,76,53,78,13,17,64,10" hai1="130,82,31,93,123,60,134,0,37,105,25,23,95" hai2="19,71,14,12,24,132,34,120,85,133,55,56,75" hai3="42,79,89,36,116,29,26,121,47,45,119,32,69"/><V4/><F75/><W61/><G121/><T88/><D111/><U63/><E105/><V48/><F71/><W51/><G79/><N who="0" m="30251" /><D64/><U20/><E0/><V124/><F120/><W128/><G128/><T22/><D126/><U74/><E37/><V11/><F124/><W57/><G89/><T72/><D72/><U2/><E2/><V115/><F115/><W70/><G69/><T65/><D65/><U49/><E74/><V101/><F101/><W73/><G70/><T1/><D1/><U3/><E3/><V35/><F24/><W135/><G135/><N who="2" m="51785" /><F85/><W81/><G81/><N who="0" m="49231" /><D131/><U92/><E134/><V96/><F96/><W90/><G73/><T104/><D104/><U84/><E130/><V103/><F103/><W80/><G80/><T97/><D97/><U30/><E123/><V28/><F28/><W129/><G90/><T110/><D110/><U94/><E31/><V77/><F77/><W18/><G129/><T100/><D100/><U114/><E114/><V62/><F62/><W122/><G122/><T6/><D22/><AGARI ba="0,0" hai="4,11,12,14,19,22,34,35,48,55,56" m="51785" machi="22" ten="30,1500,0" yaku="20,1" doraHai="83" who="2" fromWho="0" sc="270,-15,191,0,245,15,294,0" />
</Scene>
<Scene>
<INIT seed="2,1,0,0,4,35" ten="255,191,260,294" oya="2" hai0="81,57,92,101,72,133,124,34,23,39,58,126,44" hai1="30,46,103,18,25,15,4,119,13,54,45,100,127" hai2="48,42,105,16,60,94,112,67,91,64,80,132,65" hai3="26,125,128,82,63,73,104,76,66,10,135,122,41"/><V130/><F105/><W78/><G122/><T32/><D133/><U89/><E119/><V90/><F112/><W123/><G123/><T3/><D23/><U95/><E127/><V24/><F132/><W102/><G128/><T21/><D21/><U11/><E100/><V49/><F80/><W120/><G125/><T68/><D68/><U50/><E103/><V121/><F130/><W20/><G135/><T52/><D3/><U62/><E62/><V61/><F121/><W98/><G120/><T79/><D58/><U131/><E131/><V93/><F42/><W19/><G78/><T6/><D6/><U117/><E117/><V85/><F24/><W22/><G22/><T88/><D101/><U114/><E114/><V109/><F109/><W97/><G97/><T71/><D71/><U55/><E25/><V29/><F29/><W40/><G10/><T116/><D116/><U107/><E107/><V17/><F65/><W74/><G74/><T115/><D115/><U14/><E30/><V12/><F12/><W56/><AGARI ba="1,0" hai="19,20,26,40,41,56,63,66,73,76,82,98,102,104" machi="56" ten="20,1500,0" yaku="0,1,7,1" doraHai="35" who="3" fromWho="3" sc="255,-5,191,-5,260,-8,294,18" />
</Scene>
<Scene>
<INIT seed="3,0,0,3,5,42" ten="250,186,252,312" oya="3" hai0="84,29,46,133,105,102,126,132,1,109,57,5,81" hai1="38,101,2,123,110,90,45,89,92,64,93,24,74" hai2="41,86,59,56,58,22,106,27,112,70,19,75,99" hai3="53,87,10,122,7,68,0,32,65,83,12,121,11"/><W116/><G116/><T128/><D109/><U34/><E123/><V54/><F75/><W125/><G32/><T127/><D29/><U4/><E110/><V134/><F70/><W85/><G125/><N who="0" m="47627" /><D57/><U129/><E74/><V36/><F112/><W91/><G65/><T119/><D119/><U30/><E129/><V43/><F134/><N who="0" m="51818" /><D102/><U96/><E64/><V124/><F124/><W17/><G68/><T120/><D120/><U8/><REACH who="1" step="1"/><E93/><REACH who="1" ten="250,176,252,312" step="2"/><V69/><F106/><W113/><G113/><T26/><D105/><U51/><E51/><V111/><F111/><W15/><G121/><T77/><D128/><U72/><E72/><V97/><F36/><W67/><G67/><T76/><D76/><U28/><E28/><V100/><F69/><W48/><G122/><T103/><D77/><U33/><E33/><V107/><F107/><W80/><G80/><T71/><D81/><U16/><E16/><V114/><F19/><W62/><G62/><T60/><D60/><U47/><E47/><V115/><F115/><W50/><G50/><T78/><D46/><U23/><E23/><V25/><F22/><W18/><G18/><T118/><D78/><U130/><E130/><V21/><F21/><W9/><G17/><T95/><D95/><U40/><AGARI ba="0,1" hai="2,4,8,24,30,34,38,40,45,89,90,92,96,101" machi="40" ten="30,7900,0" yaku="1,1,0,1,52,1,53,1" doraHai="42" doraHaiUra="98" who="1" fromWho="1" sc="250,-20,176,89,252,-20,312,-39" />
</Scene>
<Scene>
<INIT seed="4,0,0,4,4,133" ten="230,265,232,273" oya="0" hai0="52,24,124,31,105,99,18,4,3,6,131,19,117" hai1="32,135,75,21,39,9,7,44,81,129,1,37,53" hai2="76,64,29,90,89,46,114,23,95,128,94,91,123" hai3="107,22,11,112,56,12,51,5,98,14,73,118,65"/><T13/><D117/><U50/><E135/><V108/><F108/><W17/><G118/><T103/><D131/><U67/><E129/><V34/><F34/><W126/><G73/><T96/><D99/><U121/><E32/><V26/><F128/><W49/><G112/><T8/><D124/><U111/><E111/><V35/><F123/><W28/><G126/><T84/><D84/><U61/><E121/><V0/><F0/><W70/><G70/><T100/><D100/><U102/><E102/><V60/><F114/><W72/><G72/><T20/><D6/><U45/><E45/><V2/><F2/><W25/><G107/><T119/><D119/><U130/><E130/><V97/><F76/><W80/><G80/><T69/><D69/><U122/><E21/><V92/><F35/><W43/><G43/><T113/><D113/><U38/><E122/><V57/><REACH who="2" step="1"/><F46/><REACH who="2" ten="230,265,222,273" step="2"/><W110/><G110/><T115/><D115/><U54/><E1/><V106/><F106/><W85/><G98/><AGARI ba="0,1" hai="23,26,29,57,60,64,89,90,91,92,94,95,97,98" machi="98" ten="40,2600,0" yaku="1,1,8,1,53,0" doraHai="133" doraHaiUra="125" who="2" fromWho="3" sc="230,0,265,0,222,36,273,-26" />
</Scene>
<Scene>
<INIT seed="5,0,0,0,2,73" ten="230,265,258,247" oya="1" hai0="54,22,19,33,15,100,4,9,16,74,46,51,11" hai1="111,26,112,55,82,56,97,122,45,35,71,83,1" hai2="17,128,59,121,94,52,75,63,50,24,124,96,47" hai3="99,101,113,116,107,44,40,43,87,76,7,5,34"/><U65/><E122/><V106/><F128/><W91/><G34/><T86/><D74/><U80/><E1/><V42/><F121/><W109/><G109/><T2/><D33/><U37/><E111/><V95/><F124/><W133/><G113/><T131/><D131/><U70/><E112/><V98/><F75/><W130/><G130/><T13/><D100/><U53/><E97/><V85/><F106/><W104/><G104/><T77/><REACH who="0" step="1"/><D86/><REACH who="0" ten="220,265,258,247" step="2"/><U14/><E35/><V88/><F95/><W39/><G87/><T129/><D129/><U81/><E81/><V30/><F17/><W66/><G101/><T58/><D58/><U31/><E80/><V6/><F6/><W62/><G5/><T125/><D125/><U93/><E93/><V117/><F117/><W92/><G7/><T89/><D89/><U18/><E82/><V48/><F63/><W27/><G62/><T110/><D110/><U132/><E83/><V57/><F57/><W41/><G116/><T60/><D60/><U115/><E56/><V103/><F103/><W102/><G102/><T61/><D61/><U23/><E115/><V84/><F84/><W8/><G92/><T78/><AGARI ba="0,1" hai="2,4,9,11,13,15,16,19,22,46,51,54,77,78" machi="78" ten="30,8000,1" yaku="1,1,0,1,52,2,54,1,53,0" doraHai="73" doraHaiUra="114" who="0" fromWho="0" sc="220,90,265,-40,258,-20,247,-20" />
</Scene>
<Scene>
<INIT seed="6,0,0,0,1,78" ten="310,225,238,227" oya="2" hai0="2,53,51,132,45,124,27,31,111,127,52,109,122" hai1="94,80,12,39,117,41,108,102,87,88,4,134,25" hai2="69,133,42,100,15,98,62,65,119,103,114,66,116" hai3="135,86,95,110,14,71,82,50,75,76,93,54,3"/><V128/><F114/><W21/><G110/><N who="0" m="41995" /><D122/><U84/><E108/><V22/><F66/><W126/><G71/><T106/><D106/><U99/><E117/><V90/><F128/><W105/><G105/><T92/><D2/><U7/><E134/><V35/><F35/><W33/><G33/><T130/><D92/><N who="1" m="58727" /><E39/><V36/><F133/><W112/><G3/><T37/><D37/><U70/><E70/><V30/><F103/><W1/><G126/><N who="0" m="48171" /><D130/><U6/><E41/><V13/><F42/><W73/><G1/><T89/><D89/><N who="1" m="53567" /><E25/><V59/><F36/><W8/><G112/><T79/><D79/><U16/><E4/><V123/><F123/><W17/><G135/><T40/><D132/><U5/><E6/><V118/><F90/><W91/><G95/><T72/><D72/><U32/><E32/><AGARI ba="0,0" hai="27,31,32,40,45,51,52,53" m="48171,41995" machi="32" ten="30,2000,0" yaku="18,1,54,1" doraHai="78" who="0" fromWho="1" sc="310,20,225,-20,238,0,227,0" />
</Scene>
<Scene>
<INIT seed="7,0,0,2,2,63" ten="330,205,238,227" oya="3" hai0="42,113,6,81,93,127,115,71,65,66,70,126,37" hai1="38,20,59,82,10,49,8,41,33,78,109,9,26" hai2="121,23,80,122,1,30,2,48,15,116,110,108,114" hai3="22,51,32,124,129,11,69,134,100,62,50,60,132"/><W45/><G32/><T89/><D81/><U54/><E109/><N who="2" m="42091" /><F48/><W40/><G129/><T58/><D6/><U95/><E33/><V111/><N who="2" m="42099" /><V25/><DORA hai="0" /><F80/><W29/><G124/><N who="0" m="47659" /><D58/><U131/><E131/><V18/><F116/><W24/><G100/><T101/><D101/><U112/><E112/><N who="0" m="43081" /><D42/><U52/><E38/><V102/><F102/><W73/><G73/><T5/><D5/><U46/><E95/><V123/><F114/><W34/><G69/><N who="0" m="26123" /><D37/><U90/><E90/><V47/><F47/><W61/><G50/><T92/><D92/><U14/><E59/><V44/><F44/><W135/><G60/><T43/><D43/><U19/><REACH who="1" step="1"/><E14/><REACH who="1" ten="330,195,238,227" step="2"/><V68/><F68/><W85/><G132/><T99/><AGARI ba="0,1" hai="65,66,89,93,99" m="26123,43081,47659" machi="99" ten="40,8000,1" yaku="18,1,15,1,11,1,52,2" doraHai="63,0" who="0" fromWho="0" sc="330,90,195,-20,238,-20,227,-40" owari="420,51.0,175,-32.0,218,2.0,187,-21.0" />
</Scene>
</mjloggm>