<mjloggm ver="2.3"><GO type="169" lobby="0"/><UN n0="%E3%81%B9%E3%81%A3%E3%81%93%E3%83%BC%E2%99%AA" n1="%E6%B0%97%E6%A5%BD%E3%81%AB%E6%89%93%E3%81%A4" n2="%41%53%41%50%49%4E" n3="%53%50%49%43%41%40%58" dan="17,16,18,17" rate="2154.19,2147.65,2269.86,2162.62" sx="F,M,M,M"/><TAIKYOKU oya="0"/>

<Scene>
<INIT seed="0,0,0,4,3,45" ten="250,250,250,250" oya="0" hai0="128,30,134,41,91,37,80,92,20,56,70,1,74" hai1="106,132,42,38,108,104,117,112,119,114,12,44,36" hai2="111,27,69,109,123,33,8,66,81,4,7,77,86" hai3="129,46,126,99,116,53,87,49,63,11,95,65,120"/><T10/><D70/><U103/><E12/><V130/><F123/><W64/><G120/><T54/><D128/><U25/><E25/><V62/><F130/><W51/><G129/><T55/><D134/><U16/><E16/><V96/><F96/><W101/><G116/><N who="1" m="44618" /><E108/><N who="2" m="41547" /><F8/><W52/><G126/><T83/><D74/><U18/><E18/><V0/><F0/><W3/><G63/><T72/><D72/><U9/><E9/><V21/><F33/><W39/><G39/><N who="1" m="14890" /><E103/><V125/><F125/><W107/><G107/><T31/><D20/><U124/><E124/><V90/><F77/><W32/><G32/><T131/><D131/><U26/><E26/><V59/><F69/><W71/><G71/><T84/><D10/><U61/><E61/><V78/><F78/><W43/><G43/><T98/><D1/><U76/><E76/><V14/><F14/><W118/><G118/><T58/><D41/><U28/><E28/><AGARI ba="0,0" hai="4,7,21,27,28,59,62,66,81,86,90" m="41547" machi="28" ten="30,1000,0" yaku="14,1" doraHai="45" who="2" fromWho="1" sc="250,0,250,-10,250,10,250,0" />
</Scene>
<Scene>
<INIT seed="1,0,0,0,2,80" ten="250,240,260,250" oya="1" hai0="7,30,109,69,18,13,126,105,114,67,121,77,41" hai1="74,0,17,101,132,82,63,31,117,66,47,78,99" hai2="22,124,91,29,6,104,55,58,119,57,88,23,33" hai3="112,26,72,127,108,102,38,1,4,43,130,8,71"/><U75/><E117/><V48/><F119/><W34/><RYUUKYOKU type="yao9" ba="0,0" sc="250,0,240,0,260,0,250,0" hai3="1,4,8,26,34,38,43,71,72,102,108,112,127,130" />
</Scene>
<Scene>
<INIT seed="1,1,0,3,4,130" ten="250,240,260,250" oya="1" hai0="36,97,48,35,4,40,96,1,120,6,12,81,3" hai1="102,113,91,64,112,17,124,34,27,109,8,95,99" hai2="44,0,108,134,116,39,67,114,110,38,135,128,82" hai3="45,75,89,62,132,71,53,78,42,21,131,122,93"/><U111/><E124/><V63/><F0/><W103/><G131/><T85/><D120/><U66/><E102/><V87/><F128/><W61/><G122/><T90/><D36/><U76/><E76/><V49/><F116/><W118/><G103/><T52/><D35/><U104/><E104/><V50/><F114/><N who="1" m="44137" /><E34/><V10/><F10/><W60/><G118/><T15/><D40/><U47/><E47/><V41/><F39/><W80/><G21/><T57/><D1/><U32/><E32/><V74/><F74/><W123/><G123/><T84/><D3/><U30/><E30/><V46/><F87/><W22/><G22/><T19/><D85/><U2/><E27/><V72/><F82/><W29/><G29/><T18/><D97/><U126/><E126/><V58/><F72/><W51/><G71/><T28/><D96/><U5/><E17/><N who="0" m="6153" /><D28/><U88/><E91/><V13/><F13/><AGARI ba="1,0" hai="4,6,12,13,15,48,52,57,81,84,90" m="6153" machi="13" ten="30,2000,0" yaku="8,1,54,1" doraHai="130" who="0" fromWho="2" sc="250,23,240,0,260,-23,250,0" />
</Scene>
<Scene>
<INIT seed="2,0,0,4,1,34" ten="273,240,237,250" oya="2" hai0="132,97,44,80,15,5,105,109,37,26,55,79,89" hai1="50,124,116,90,3,102,51,10,135,129,30,130,40" hai2="86,7,11,93,2,78,35,8,39,56,6,70,47" hai3="107,14,81,38,28,91,31,127,48,42,9,123,98"/><V96/><F70/><W33/><G123/><T66/><D132/><U54/><E116/><V108/><F35/><W119/><G38/><T120/><D120/><U46/><E30/><V117/><F117/><W67/><G67/><T19/><D109/><U111/><E111/><V43/><F108/><W58/><G127/><T57/><D66/><U125/><E102/><V73/><F73/><W62/><G33/><T88/><D26/><U95/><E10/><V77/><F56/><W17/><G107/><T75/><D5/><U104/><E104/><V122/><F86/><N who="3" m="50639" /><G98/><T72/><D72/><U22/><E22/><V103/><REACH who="2" step="1"/><F122/><REACH who="2" ten="273,240,227,250" step="2"/><W61/><G119/><T59/><D75/><U20/><E124/><V12/><AGARI ba="0,1" hai="2,6,7,8,11,12,39,43,47,77,78,93,96,103" machi="12" ten="20,12000,1" yaku="1,1,2,1,0,1,7,1,52,1,53,0" doraHai="34" doraHaiUra="60" who="2" fromWho="2" sc="273,-40,240,-40,227,130,250,-40" />
</Scene>
<Scene>
<INIT seed="2,1,0,5,3,13" ten="233,200,357,210" oya="2" hai0="111,34,82,117,127,108,105,40,51,134,37,118,27" hai1="1,95,29,81,125,0,84,36,109,107,11,49,14" hai2="91,66,42,63,129,43,93,16,52,130,106,6,44" hai3="104,50,78,100,67,119,64,35,132,39,47,90,116"/><V128/><F106/><W15/><G35/><T115/><D105/><U94/><E107/><V131/><F6/><W48/><G78/><T9/><D115/><U73/><E36/><V22/><F129/><W70/><G90/><T71/><D71/><U4/><E109/><N who="0" m="42057" /><D134/><U97/><E125/><V20/><F20/><W92/><G100/><T5/><D127/><U103/><E29/><V32/><F32/><W102/><G102/><T26/><D82/><U86/><E73/><V54/><F66/><W83/><G83/><T120/><D120/><U126/><E126/><V80/><F80/><W77/><G77/><T58/><D37/><U33/><E94/><V30/><F30/><W68/><G92/><T121/><D121/><U69/><E69/><V123/><F123/><W114/><G104/><T28/><D27/><U24/><E81/><V38/><F43/><W41/><G15/><N who="0" m="5551" /><D40/><U55/><E95/><V46/><F63/><N who="3" m="39967" /><G132/><T60/><D51/><N who="3" m="19497" /><G114/><T101/><D101/><U98/><E103/><V85/><F44/><W133/><G133/><T21/><D34/><U76/><E33/><V53/><REACH who="2" step="1"/><F128/><REACH who="2" ten="233,200,347,210" step="2"/><W110/><G110/><T18/><D28/><U2/><E4/><V8/><F8/><W31/><G31/><T89/><D89/><U57/><E11/><V122/><F122/><W61/><AGARI ba="1,1" hai="39,41,47,61,67,70,116,119" m="19497,39967" machi="61" ten="30,2000,0" yaku="34,2" doraHai="13" who="3" fromWho="3" sc="233,-6,200,-6,347,-11,210,33" />
</Scene>
<Scene>
<INIT seed="3,0,0,0,5,23" ten="227,194,336,243" oya="3" hai0="92,70,25,6,29,68,74,129,4,16,99,51,87" hai1="47,0,93,104,3,71,96,79,113,45,42,135,17" hai2="2,30,63,81,73,18,39,66,31,57,119,32,13" hai3="95,124,80,67,134,38,22,121,133,117,125,103,89"/><W12/><G38/><T84/><D74/><U27/><E113/><V21/><F119/><W131/><G67/><T59/><D129/><U109/><E109/><V15/><F2/><W106/><G12/><T77/><D70/><U44/><E135/><N who="3" m="51722" /><G22/><N who="0" m="13511" /><D68/><U82/><E104/><V28/><F39/><W33/><G33/><T118/><D118/><U34/><E71/><V26/><REACH who="2" step="1"/><F32/><REACH who="2" ten="227,194,326,243" step="2"/><W97/><G117/><T61/><D29/><U1/><E34/><V88/><F88/><W60/><G121/><T100/><D77/><AGARI ba="0,1" hai="13,15,18,21,26,28,30,31,57,63,66,73,77,81" machi="77" ten="40,5200,0" yaku="1,1,52,1,53,1" doraHai="23" doraHaiUra="107" who="2" fromWho="0" sc="227,-52,194,0,326,62,243,0" />
</Scene>
<Scene>
<INIT seed="4,0,0,4,4,37" ten="175,194,388,243" oya="0" hai0="0,118,100,88,39,1,112,101,134,105,65,75,6" hai1="106,27,90,29,28,44,117,24,36,115,78,2,50" hai2="122,72,111,98,15,33,74,85,45,53,48,92,35" hai3="62,68,34,84,109,79,124,16,41,31,110,104,102"/><T131/><D118/><U83/><E117/><V13/><F111/><N who="3" m="42507" /><G124/><T18/><D75/><U95/><E115/><V19/><F122/><W82/><G31/><N who="1" m="11850" /><E36/><V81/><F72/><W64/><G34/><T119/><D112/><U94/><E106/><V14/><F74/><W114/><G114/><T9/><D119/><U87/><E2/><V91/><REACH who="2" step="1"/><F19/><REACH who="2" ten="175,194,378,243" step="2"/><W69/><G16/><T126/><D126/><U132/><E132/><V71/><F71/><W20/><G69/><T66/><D134/><U135/><E135/><V133/><F133/><W55/><G68/><T61/><D18/><U17/><E17/><V77/><AGARI ba="0,1" hai="13,14,15,33,35,45,48,53,77,81,85,91,92,98" machi="77" ten="30,8000,1" yaku="1,1,0,1,53,3" doraHai="37" doraHaiUra="10" who="2" fromWho="2" sc="175,-40,194,-20,378,90,243,-20" />
</Scene>
<Scene>
<INIT seed="5,0,0,1,2,64" ten="135,174,468,223" oya="1" hai0="8,54,29,3,97,16,30,89,85,90,108,70,69" hai1="110,43,109,21,95,123,132,118,82,73,5,91,18" hai2="80,40,99,75,102,28,134,67,50,112,51,87,13" hai3="72,60,12,39,57,24,113,23,38,22,104,66,15"/><U32/><E123/><V20/><F75/><W59/><G72/><T103/><D108/><N who="1" m="41579" /><E118/><V56/><F134/><W27/><G104/><T33/><D89/><U133/><E32/><V53/><F112/><W25/><G113/><T61/><D33/><U2/><E43/><V10/><F67/><W86/><G86/><T36/><D36/><U77/><E5/><V46/><F20/><W48/><G38/><T96/><D96/><N who="1" m="57471" /><E2/><V98/><F28/><W131/><G39/><T6/><D97/><U127/><E127/><V84/><F84/><W122/><G122/><T35/><D35/><U93/><E93/><V37/><F102/><W11/><G131/><T100/><D100/><U58/><E58/><V4/><F37/><W128/><G128/><T7/><D103/><U101/><E101/><V116/><F116/><W63/><G48/><T94/><D6/><U62/><E62/><V34/><F34/><W124/><G124/><T130/><D130/><U55/><E55/><V83/><F83/><W88/><G59/><T79/><D79/><AGARI ba="0,0" hai="4,10,13,40,46,50,51,53,56,79,80,87,98,99" machi="79" ten="30,7700,0" yaku="7,1,25,2,8,1" doraHai="64" who="2" fromWho="0" sc="135,-77,174,0,468,77,223,0" />
</Scene>
<Scene>
<INIT seed="6,0,0,2,1,26" ten="58,174,545,223" oya="2" hai0="116,66,46,70,114,59,72,103,89,23,22,39,6" hai1="102,68,50,52,94,129,64,25,65,27,11,134,80" hai2="111,82,19,2,14,44,128,73,107,79,84,76,110" hai3="24,16,61,90,101,122,78,93,115,119,8,133,99"/><V53/><F2/><W63/><G119/><T60/><D116/><U124/><E124/><V17/><F107/><W67/><G122/><T123/><D72/><U135/><E129/><V130/><F73/><W91/><G133/><N who="1" m="50698" /><E80/><V127/><F79/><W21/><G115/><T96/><D114/><U9/><E102/><V33/><F33/><W41/><G78/><T30/><D123/><U31/><E94/><V117/><F117/><W106/><G41/><T109/><D109/><N who="2" m="41482" /><F127/><W7/><G106/><T95/><D6/><U15/><E27/><V77/><F77/><W87/><G87/><T88/><D70/><U62/><E65/><V51/><F14/><N who="3" m="5407" /><G67/><T13/><D39/><U132/><N who="1" m="50706" /><U10/><DORA hai="37" /><E15/><V47/><F130/><W38/><G38/><T120/><D120/><U69/><E69/><V100/><F128/><W112/><G112/><T34/><D34/><N who="1" m="20847" /><E11/><V104/><F104/><W113/><G113/><T18/><D46/><AGARI ba="0,0" hai="9,10,46,50,52,62,64,68" m="20847,50706" machi="46" ten="40,5200,0" yaku="20,1,52,1,54,1" doraHai="26,37" who="1" fromWho="0" sc="58,-52,174,52,545,0,223,0" />
</Scene>
<Scene>
<INIT seed="7,0,0,2,4,97" ten="6,226,545,223" oya="3" hai0="112,92,10,128,14,80,63,123,94,84,18,43,101" hai1="110,51,96,124,100,31,2,12,22,135,71,74,88" hai2="25,108,50,48,122,107,89,1,16,61,114,13,134" hai3="35,105,55,76,104,38,113,79,102,49,15,119,32"/><W53/><G119/><T9/><D123/><U68/><E110/><V46/><F1/><W56/><G38/><T132/><D128/><U75/><E124/><V67/><F107/><W95/><G113/><T7/><D132/><U11/><E135/><V24/><F108/><W6/><G104/><T109/><D109/><U47/><E88/><V86/><F134/><W0/><G105/><T42/><D112/><U3/><E3/><V20/><F122/><W37/><G37/><T60/><D7/><U4/><E75/><V106/><F106/><W81/><G0/><T91/><D14/><U125/><E74/><V99/><F99/><N who="3" m="59775" /><G35/><T45/><D91/><U103/><E125/><V93/><F114/><W130/><G32/><T36/><D36/><U28/><E96/><V83/><F83/><W121/><G130/><T85/><D80/><U77/><E77/><N who="3" m="29770" /><G81/><T131/><D131/><U66/><E2/><V8/><F93/><W19/><G121/><T65/><D45/><U34/><E34/><V127/><F46/><W30/><G30/><T33/><D33/><U115/><E115/><V39/><F39/><W29/><G29/><T17/><D65/><U40/><E31/><V57/><F127/><W59/><G6/><T82/><D82/><U98/><E71/><V64/><F89/><W78/><N who="3" m="29778" /><W118/><DORA hai="27" /><G118/><T90/><D90/><U116/><E116/><V87/><F86/><W62/><G15/><T72/><D72/><U23/><E28/><V54/><F87/><W52/><G19/><T129/><D129/><U73/><E73/><V44/><F16/><RYUUKYOKU ba="0,0" sc="6,15,226,-15,545,-15,223,15" hai0="9,10,17,18,42,43,60,63,84,85,92,94,101" hai3="49,52,53,55,56,59,62" />
</Scene>
<Scene>
<INIT seed="7,1,0,0,4,42" ten="21,211,530,238" oya="3" hai0="19,128,117,120,5,39,127,22,94,132,31,0,116" hai1="107,133,55,40,102,122,65,27,49,125,100,66,32" hai2="110,79,72,85,37,67,30,83,63,86,73,131,95" hai3="16,77,21,93,59,81,53,126,8,45,99,25,78"/><W43/><G126/><T7/><D39/><U38/><E122/><V108/><F131/><W2/><G2/><T87/><D120/><U69/><E125/><V106/><F37/><W113/><G113/><T41/><D127/><U82/><E133/><V135/><F106/><W57/><G8/><T115/><D115/><U12/><E12/><V44/><F135/><W101/><G53/><T13/><D132/><U15/><E15/><V9/><F30/><W28/><G28/><T80/><D128/><U91/><E82/><V10/><F73/><W48/><REACH who="3" step="1"/><G77/><REACH who="3" ten="21,211,530,228" step="2"/><T54/><D116/><U18/><E91/><V88/><F79/><W33/><G33/><T111/><D117/><U6/><E6/><V50/><F10/><W47/><G47/><T3/><D3/><U11/><E11/><V51/><F88/><W64/><G64/><T34/><D0/><U119/><E119/><V61/><F9/><W76/><G76/><T29/><D34/><U62/><E66/><V26/><F67/><W129/><G129/><T123/><D123/><U89/><E89/><V134/><F44/><W14/><G14/><T58/><D111/><U46/><E107/><V97/><F134/><W23/><G23/><T4/><D41/><U130/><E130/><V84/><F108/><W70/><G70/><T90/><D80/><U109/><E109/><V114/><F110/><W104/><G104/><T68/><D68/><U52/><E55/><V60/><F114/><W118/><G118/><T36/><D36/><U105/><E105/><V92/><F83/><W112/><G112/><T17/><D17/><RYUUKYOKU ba="1,1" sc="21,15,211,-15,530,-15,228,15" hai0="4,5,7,13,19,22,29,31,54,58,87,90,94" hai3="16,21,25,43,45,48,57,59,78,81,93,99,101" />
</Scene>
<Scene>
<INIT seed="7,2,1,2,2,0" ten="36,196,515,243" oya="3" hai0="112,12,53,101,126,85,135,20,67,81,32,61,39" hai1="104,105,124,6,116,86,98,77,9,33,40,132,50" hai2="29,17,131,51,15,13,43,72,48,97,59,46,96" hai3="79,74,92,18,25,21,80,129,26,125,5,87,27"/><W45/><G129/><T24/><D39/><U63/><E124/><V30/><F72/><W118/><G118/><T1/><D126/><U119/><E33/><V94/><F131/><W133/><G125/><T76/><D135/><U110/><E110/><V47/><F59/><W23/><G133/><T121/><D121/><U3/><E132/><V88/><F96/><W130/><G130/><T19/><D1/><U7/><E63/><V60/><F60/><W115/><G115/><T128/><D128/><U99/><E77/><V120/><F120/><W35/><G35/><T41/><D41/><U103/><E86/><V100/><F100/><W68/><G68/><T44/><D112/><U38/><E50/><V34/><F34/><W49/><G5/><T54/><D101/><N who="1" m="62519" /><E7/><V107/><F107/><W82/><G92/><T58/><D32/><U57/><E57/><V78/><F78/><W83/><G74/><T70/><D70/><U122/><E122/><V62/><F62/><W108/><G108/><T102/><D102/><U127/><E127/><V66/><F66/><W4/><G4/><T93/><D44/><U10/><E10/><N who="2" m="6327" /><F15/><N who="3" m="9439" /><G23/><T95/><D67/><U36/><E40/><AGARI ba="2,1" hai="29,30,40,43,46,47,48,51,88,94,97" m="6327" machi="40" ten="30,2000,0" yaku="8,1,54,1" doraHai="0" who="2" fromWho="1" sc="36,0,196,-26,515,36,243,0" /><AGARI ba="2,0" hai="25,26,27,40,45,49,79,80,82,83,87" m="9439" machi="40" ten="30,1500,0" yaku="8,1" doraHai="0" who="3" fromWho="1" sc="36,0,170,-15,551,0,243,15" />
</Scene>
<Scene>
<INIT seed="7,3,0,0,3,132" ten="36,155,551,258" oya="3" hai0="9,129,31,86,105,14,133,85,58,106,41,57,97" hai1="110,52,55,104,121,126,103,46,77,91,95,2,18" hai2="119,32,30,51,29,26,56,131,4,115,37,38,21" hai3="71,40,43,17,66,10,94,124,48,27,135,73,72"/><W120/><G120/><T80/><D133/><U87/><E121/><V60/><F119/><W79/><G135/><T118/><D118/><U68/><E110/><V92/><F131/><W12/><G124/><T76/><D129/><U53/><E68/><V11/><F115/><W82/><G72/><T35/><D35/><U15/><E2/><V69/><F69/><W13/><G27/><T107/><D97/><U47/><E77/><V36/><F51/><W101/><G48/><T28/><D57/><U108/><E108/><V16/><F92/><W1/><G1/><T130/><D130/><U81/><E104/><V23/><F32/><W67/><G101/><T117/><D117/><U44/><E103/><V59/><F59/><W123/><G123/><T116/><D116/><U65/><E65/><V93/><F93/><W39/><G94/><T49/><D58/><U63/><E95/><V19/><F11/><W125/><G125/><T84/><D28/><U20/><REACH who="1" step="1"/><E126/><REACH who="1" ten="36,145,551,258" step="2"/><V89/><F4/><N who="3" m="3143" /><G66/><T6/><REACH who="0" step="1"/><D31/><REACH who="0" ten="26,145,551,258" step="2"/><U109/><E109/><V114/><F60/><AGARI ba="3,2" hai="15,18,20,44,46,47,52,53,55,60,63,81,87,91" machi="60" ten="40,5200,0" yaku="1,1,8,1,54,1,53,0" doraHai="132" doraHaiUra="64" who="1" fromWho="2" sc="26,0,145,81,551,-61,258,0" owari="26,-47.0,226,-17.0,490,58.0,258,6.0" />
</Scene>
</mjloggm>