<mjloggm ver="2.3"><GO type="169" lobby="0"/><UN n0="%41%53%41%50%49%4E" n1="%E6%A3%92%E8%A7%92" n2="%E5%AF%9B%E3%83%94%E3%82%A8%E3%83%AD" n3="%E6%BC%A2%E8%A7%92%E7%94%B0" dan="18,17,16,16" rate="2254.05,2170.82,2062.25,2095.38" sx="M,M,M,M"/><TAIKYOKU oya="0"/>

<Scene>
<INIT seed="0,0,0,2,5,13" ten="250,250,250,250" oya="0" hai0="58,94,97,25,38,34,22,88,127,75,7,91,69" hai1="81,28,115,114,82,54,14,42,11,104,119,96,78" hai2="71,65,93,72,48,67,21,9,122,77,133,17,110" hai3="26,100,45,107,60,132,6,112,68,135,63,19,105"/><T118/><D69/><U80/><E119/><V64/><F122/><W33/><G112/><N who="1" m="43050" /><E42/><V8/><F110/><W109/><G109/><T59/><D38/><U92/><E28/><V116/><F116/><W102/><G6/><T41/><D118/><U79/><E54/><V61/><F133/><N who="3" m="51275" /><G45/><T29/><D75/><U15/><E104/><N who="3" m="40010" /><G33/><T2/><D127/><U40/><E40/><V120/><F120/><W111/><G111/><T57/><D41/><U10/><E10/><V4/><F93/><W125/><G125/><T0/><D7/><N who="1" m="3455" /><E15/><V86/><F72/><W1/><G1/><T39/><D39/><U31/><E31/><V73/><F73/><W23/><G63/><T89/><REACH who="0" step="1"/><D34/><REACH who="0" ten="240,250,250,250" step="2"/><U56/><E56/><V62/><F71/><W5/><G5/><T52/><D52/><U36/><E36/><V16/><F4/><W50/><G50/><T98/><D98/><U12/><E78/><V66/><F48/><W32/><G32/><T24/><D24/><U128/><E79/><V49/><F49/><W84/><G84/><T20/><D20/><U95/><E96/><V130/><F21/><W37/><G37/><T51/><D51/><U106/><E106/><V47/><F86/><W18/><G68/><T129/><D129/><U134/><E128/><V124/><F130/><W113/><G113/><T85/><D85/><U44/><E134/><V3/><F124/><W101/><G60/><T117/><D117/><U30/><E44/><V53/><F47/><W76/><G76/><T103/><AGARI ba="0,1" hai="0,2,22,25,29,57,58,59,88,89,91,94,97,103" machi="103" ten="30,6000,0" yaku="1,1,0,1,54,1,53,0" doraHai="13" doraHaiUra="46" who="0" fromWho="0" sc="240,70,250,-20,250,-20,250,-20" />
</Scene>
<Scene>
<INIT seed="0,1,0,3,3,109" ten="310,230,230,230" oya="0" hai0="20,86,45,52,71,107,110,47,36,135,90,98,67" hai1="13,93,103,77,10,70,133,26,51,2,97,104,120" hai2="88,0,124,46,22,41,112,82,126,49,32,44,23" hai3="129,8,63,73,114,53,130,134,64,38,102,30,33"/><T76/><D76/><U9/><E120/><V50/><F32/><W66/><G38/><T4/><D36/><U25/><E70/><V56/><F0/><W58/><G73/><T31/><D135/><U127/><E133/><V118/><F56/><W21/><G33/><T7/><D110/><U43/><E104/><V94/><F82/><W14/><G102/><T122/><D122/><U89/><E127/><N who="2" m="48683" /><F118/><W96/><G96/><T27/><D67/><U55/><E43/><N who="2" m="24735" /><F112/><W40/><G40/><T115/><D71/><U35/><E35/><V59/><F59/><W121/><G121/><T11/><D115/><U42/><E42/><V12/><F12/><W57/><G134/><T54/><D47/><U84/><E2/><V24/><F24/><N who="3" m="16655" /><G114/><T6/><D45/><U61/><E61/><V117/><F117/><W108/><G108/><T5/><D107/><U95/><E77/><V18/><F18/><N who="3" m="8519" /><G58/><T3/><REACH who="0" step="1"/><D98/><AGARI ba="1,0" hai="22,23,41,46,50,88,94,98" m="24735,48683" machi="98" ten="30,2000,0" yaku="18,1,54,1" doraHai="109" who="2" fromWho="0" sc="310,-23,230,0,230,23,230,0" />
</Scene>
<Scene>
<INIT seed="1,0,0,5,4,68" ten="287,230,253,230" oya="1" hai0="87,95,78,103,75,14,21,34,82,70,111,81,76" hai1="133,36,32,29,101,2,124,7,104,113,120,19,77" hai2="83,41,121,102,39,66,30,11,132,51,12,116,48" hai3="98,74,44,20,105,0,56,131,63,6,93,85,97"/><U125/><E19/><V40/><F121/><W9/><G74/><T89/><D34/><U15/><E15/><V135/><F116/><W50/><G105/><T8/><D70/><U122/><E77/><V62/><F102/><W109/><G131/><T53/><D111/><U47/><E113/><V80/><F30/><W61/><G109/><T107/><D21/><U114/><E114/><V99/><F99/><W128/><G128/><T64/><D64/><U86/><E86/><V23/><F23/><W1/><G1/><T49/><D107/><U16/><E16/><N who="2" m="8223" /><F80/><W33/><G33/><T24/><D24/><N who="1" m="18471" /><E133/><N who="2" m="51275" /><F83/><W94/><G20/><T57/><D103/><U42/><E7/><V26/><F26/><W18/><G18/><T72/><D14/><U108/><E2/><V37/><F51/><W10/><G85/><T79/><REACH who="0" step="1"/><D78/><REACH who="0" ten="277,230,253,230" step="2"/><U106/><E106/><V73/><F73/><W134/><G134/><T127/><D127/><N who="1" m="48715" /><E108/><V22/><F22/><W96/><G0/><T27/><D27/><U130/><E130/><V5/><F5/><W60/><G6/><T90/><D90/><U17/><E17/><V31/><F31/><W91/><G91/><T67/><D67/><U25/><E25/><V38/><F48/><W129/><G129/><T43/><D43/><U126/><E126/><V4/><F4/><W52/><G10/><AGARI ba="0,1" hai="8,10,49,53,57,72,75,76,79,81,82,87,89,95" machi="10" ten="40,2600,0" yaku="1,1,9,1,53,0" doraHai="68" doraHaiUra="71" who="0" fromWho="3" sc="277,36,230,0,253,0,230,-26" />
</Scene>
<Scene>
<INIT seed="2,0,0,2,5,34" ten="313,230,253,204" oya="2" hai0="124,75,112,88,12,92,22,66,90,29,119,28,132" hai1="30,91,37,106,104,2,62,32,56,110,85,35,48" hai2="65,118,18,21,1,72,103,105,17,13,81,70,7" hai3="38,74,117,123,24,68,111,100,69,59,60,129,67"/><V36/><F118/><W130/><G74/><T116/><D112/><U0/><E37/><V99/><F36/><W23/><G117/><N who="0" m="45131" /><D75/><U125/><E48/><V115/><F115/><W40/><G123/><T3/><D132/><U33/><E30/><N who="0" m="11881" /><D124/><U63/><E125/><V95/><F105/><W50/><G24/><T131/><D131/><N who="3" m="50185" /><G100/><T87/><D66/><U73/><E73/><V54/><F65/><W80/><G80/><T5/><D90/><U10/><E10/><V39/><F72/><W89/><G23/><T43/><D43/><U16/><E110/><V61/><F21/><W93/><G93/><T46/><D46/><U121/><E121/><V107/><F95/><W53/><G89/><T47/><D47/><U122/><E122/><V97/><F103/><W41/><G111/><T4/><D3/><U135/><E135/><V78/><F81/><W133/><G133/><T64/><D64/><U44/><E44/><V83/><F83/><W51/><G38/><T71/><D71/><N who="3" m="27209" /><G51/><T20/><D20/><U108/><E108/><V58/><F39/><W98/><G98/><T26/><D12/><U94/><E35/><V120/><F13/><W76/><G76/><T86/><D86/><U101/><E101/><V84/><F78/><W25/><G25/><T14/><D14/><U96/><E85/><V19/><F84/><W55/><G55/><T79/><D79/><U114/><E114/><V45/><F120/><W102/><G102/><T15/><D15/><U8/><E96/><V6/><F97/><W134/><G134/><T52/><D52/><U128/><E128/><RYUUKYOKU ba="0,0" sc="313,15,230,-15,253,-15,204,15" hai0="4,5,22,26,87,88,92" hai3="40,41,50,53,59,60,67" />
</Scene>
<Scene>
<INIT seed="3,1,0,4,2,23" ten="328,215,238,219" oya="3" hai0="33,92,44,94,6,7,38,129,133,118,96,105,24" hai1="49,13,76,20,121,79,37,29,62,42,10,101,16" hai2="43,14,59,74,8,128,47,108,34,30,115,51,127" hai3="21,19,88,22,4,109,123,69,40,58,85,122,1"/><W11/><G69/><T117/><D129/><U107/><E121/><V55/><F74/><W75/><G75/><T93/><D133/><U73/><E37/><V68/><F128/><W66/><G22/><T113/><D113/><U25/><E73/><V126/><F115/><W84/><G84/><T36/><D36/><U46/><E107/><V67/><F108/><W57/><G40/><T72/><D72/><U99/><E62/><N who="2" m="40055" /><F34/><W65/><G109/><T15/><D38/><U41/><E41/><V17/><F30/><W134/><G134/><T61/><D44/><U28/><E28/><V116/><F116/><W95/><G65/><T82/><D82/><U26/><E26/><V119/><F119/><W100/><G100/><T110/><D110/><U98/><E101/><V71/><F71/><W0/><G0/><T12/><D33/><U48/><E48/><V77/><F77/><AGARI ba="1,0" hai="10,13,16,20,25,29,42,46,49,76,77,79,98,99" machi="77" ten="40,5200,0" yaku="8,1,52,1,54,1" doraHai="23" who="1" fromWho="2" sc="328,0,215,55,238,-55,219,0" />
</Scene>
<Scene>
<INIT seed="4,0,0,5,3,82" ten="328,270,183,219" oya="0" hai0="133,128,64,83,70,20,15,45,81,96,116,100,44" hai1="30,124,34,95,0,9,61,37,63,25,119,26,51" hai2="114,13,55,67,60,97,98,56,2,131,120,27,53" hai3="118,135,17,110,86,33,12,1,74,122,113,92,6"/><T58/><D116/><U121/><E37/><V41/><F2/><W38/><RYUUKYOKU type="yao9" ba="0,0" sc="328,0,270,0,183,0,219,0" hai3="1,6,12,17,33,38,74,86,92,110,113,118,122,135" />
</Scene>
<Scene>
<INIT seed="4,1,0,1,0,54" ten="328,270,183,219" oya="0" hai0="16,27,110,132,68,7,87,125,52,89,25,90,81" hai1="133,40,56,105,76,67,72,48,44,9,63,91,24" hai2="129,41,51,93,106,47,60,33,82,127,115,69,5" hai3="101,2,14,122,19,131,11,50,104,23,13,84,62"/><T83/><D68/><U79/><E105/><V97/><F106/><W92/><G2/><T108/><D132/><U43/><E133/><V116/><F33/><W57/><G131/><T32/><D7/><U80/><E79/><V34/><F34/><W8/><G104/><T53/><D125/><U21/><E9/><V114/><F127/><W36/><G36/><T39/><D32/><U58/><E91/><V35/><F35/><W46/><G122/><T61/><D39/><U0/><E0/><V135/><F129/><W1/><G1/><T17/><D61/><U134/><E134/><V102/><F135/><W117/><G117/><T6/><D6/><U49/><E49/><V3/><F116/><W109/><G109/><T38/><D38/><U18/><REACH who="1" step="1"/><E43/><REACH who="1" ten="328,260,183,219" step="2"/><V42/><F42/><W75/><G11/><T126/><D126/><U15/><E15/><V113/><F3/><W10/><G13/><T124/><D124/><U100/><E100/><V28/><F5/><W96/><G75/><T55/><D27/><U99/><E99/><V123/><F123/><W78/><G84/><N who="0" m="50319" /><D25/><U95/><E95/><V4/><F4/><W111/><G78/><T70/><D70/><AGARI ba="1,1" hai="18,21,24,40,44,48,56,58,63,67,70,72,76,80" machi="70" ten="30,7700,0" yaku="1,1,7,1,52,2,53,0" doraHai="54" doraHaiUra="85" who="1" fromWho="0" sc="328,-80,260,90,183,0,219,0" />
</Scene>
<Scene>
<INIT seed="5,0,0,5,1,67" ten="248,350,183,219" oya="1" hai0="80,36,65,53,98,93,12,35,3,21,130,115,13" hai1="14,44,78,77,119,114,8,94,84,91,60,19,124" hai2="32,61,29,74,101,16,112,50,71,108,49,102,106" hai3="6,133,52,81,45,109,38,70,110,118,64,10,57"/><U47/><E119/><V51/><F108/><W113/><G118/><T39/><D35/><U58/><E114/><V69/><F74/><W75/><G113/><T122/><D115/><U135/><E135/><V25/><F112/><W7/><G75/><T127/><D3/><U26/><E124/><V104/><F16/><W0/><G7/><T72/><D127/><U86/><E26/><V20/><F20/><W131/><G81/><T5/><D130/><U1/><E1/><V63/><F25/><W54/><G54/><T121/><D65/><N who="1" m="39063" /><E84/><V2/><F2/><W88/><G88/><N who="0" m="55591" /><D53/><U85/><E86/><V117/><F29/><W15/><G133/><T128/><D128/><U79/><AGARI ba="0,0" hai="8,14,19,44,47,77,78,79,85,91,94" m="39063" machi="79" ten="30,1500,0" yaku="8,1" doraHai="67" who="1" fromWho="1" sc="248,-5,350,15,183,-5,219,-5" />
</Scene>
<Scene>
<INIT seed="5,1,0,4,0,76" ten="243,365,178,214" oya="1" hai0="92,67,123,83,106,101,14,87,7,126,114,105,60" hai1="132,80,63,75,111,52,51,32,122,11,44,36,10" hai2="26,97,28,3,38,124,6,65,79,4,59,119,127" hai3="134,112,109,85,100,131,27,104,71,34,133,77,8"/><U12/><E122/><V33/><F38/><W43/><G71/><T25/><D123/><U16/><E32/><V117/><F97/><N who="3" m="61455" /><G43/><T58/><D126/><N who="2" m="48170" /><F79/><W22/><G34/><T108/><D114/><U37/><E132/><N who="3" m="50794" /><G8/><T91/><D108/><U9/><E111/><V66/><F66/><W129/><G27/><T98/><REACH who="0" step="1"/><D25/><REACH who="0" ten="233,365,178,214" step="2"/><U93/><E37/><V54/><F117/><W115/><G109/><T55/><D55/><U30/><E36/><V17/><F119/><W0/><G0/><T94/><D94/><U35/><E93/><V96/><F3/><W19/><G22/><T29/><D29/><U40/><E30/><V53/><F28/><W21/><G21/><T50/><D50/><U72/><E35/><V31/><F31/><W2/><G2/><T20/><D20/><U46/><E51/><V125/><N who="2" m="48178" /><V62/><DORA hai="45" /><F33/><W73/><G115/><T13/><D13/><U57/><E40/><V82/><F26/><W61/><G112/><T1/><D1/><U39/><E39/><V88/><F53/><W47/><G61/><T24/><D24/><U69/><E52/><V15/><F54/><W84/><G47/><T48/><D48/><U121/><E46/><V95/><F82/><N who="3" m="45359" /><G19/><T103/><D103/><U42/><E44/><V5/><F17/><W128/><AGARI ba="1,1" hai="84,85,128,129,131" m="45359,50794,61455" machi="128" ten="40,8000,1" yaku="19,1,20,1,34,2,52,1" doraHai="76,45" who="3" fromWho="3" sc="233,-21,365,-41,178,-21,214,93" />
</Scene>
<Scene>
<INIT seed="6,0,0,3,4,21" ten="212,324,157,307" oya="2" hai0="55,84,27,50,92,11,127,25,3,2,83,26,16" hai1="117,125,32,120,24,109,56,36,22,123,20,113,65" hai2="19,35,97,102,131,94,99,67,23,73,48,45,17" hai3="70,100,126,31,104,68,134,51,14,133,7,13,74"/><V116/><F35/><W93/><G74/><T107/><D107/><U130/><E36/><V64/><F73/><W60/><G104/><T37/><D37/><U28/><E117/><V86/><F116/><W95/><G51/><T63/><D127/><U76/><E109/><V96/><F131/><W90/><G31/><T52/><D92/><U108/><E108/><V119/><F119/><W69/><G60/><T62/><D2/><U54/><E125/><V72/><F72/><W15/><G7/><T38/><D38/><U59/><E76/><V75/><F75/><W103/><G126/><T30/><D30/><U46/><E46/><V80/><F102/><N who="3" m="38955" /><G90/><N who="0" m="51487" /><D3/><U115/><E65/><N who="2" m="25163" /><F94/><AGARI ba="0,0" hai="13,14,15,68,69,70,93,94,95,133,134" m="38955" machi="94" ten="40,2600,0" yaku="28,2" doraHai="21" who="3" fromWho="2" sc="212,0,324,0,157,-26,307,26" />
</Scene>
<Scene>
<INIT seed="7,0,0,5,1,97" ten="212,324,131,333" oya="3" hai0="134,72,118,70,34,69,8,110,120,43,128,4,42" hai1="71,105,64,18,112,52,10,44,14,125,79,63,102" hai2="57,40,73,90,83,55,9,45,126,135,84,17,53" hai3="3,123,29,87,54,133,0,82,27,15,132,51,116"/><W93/><G116/><T36/><RYUUKYOKU type="yao9" ba="0,0" sc="212,0,324,0,131,0,333,0" hai0="4,8,34,36,42,43,69,70,72,110,118,120,128,134" />
</Scene>
<Scene>
<INIT seed="7,1,0,3,0,103" ten="212,324,131,333" oya="3" hai0="104,14,68,105,60,1,16,119,23,36,32,17,52" hai1="131,35,93,43,76,57,70,77,24,130,94,116,47" hai2="0,4,30,40,106,91,109,121,101,89,34,99,20" hai3="98,66,126,38,45,58,122,8,97,71,59,118,11"/><W125/><G118/><T22/><D119/><U120/><E70/><V117/><F117/><W96/><G122/><T27/><D1/><U90/><E120/><V92/><F121/><W31/><G31/><T65/><D36/><N who="1" m="21991" /><E57/><N who="3" m="21514" /><G38/><T107/><D32/><U26/><E94/><V83/><F109/><W74/><G74/><T127/><REACH who="0" step="1"/><D52/><REACH who="0" ten="202,324,131,333" step="2"/><U67/><E35/><V73/><F34/><W100/><G100/><T12/><D12/><U84/><E116/><V37/><F0/><W62/><G45/><T112/><D112/><U42/><E42/><V82/><F4/><W21/><G21/><T49/><D49/><U115/><E115/><V33/><F33/><W85/><G85/><T75/><D75/><U7/><E7/><V69/><F73/><W50/><G50/><T3/><D3/><U79/><E67/><V129/><F129/><AGARI ba="1,1" hai="24,26,76,77,79,84,90,93,129,130,131" m="21991" machi="129" ten="30,1000,0" yaku="19,1" doraHai="103" who="1" fromWho="2" sc="202,0,324,23,131,-13,333,0" owari="202,-20.0,347,45.0,118,-38.0,333,13.0" />
</Scene>
</mjloggm>