<mjloggm ver="2.3"><GO type="169" lobby="0"/><UN n0="%41%53%41%50%49%4E" n1="%4E%69%65%6C" n2="%E3%81%98%E3%82%83%E3%82%80%E2%99%AD" n3="%E3%81%B5%E3%81%8B%E3%81%BF" dan="19,16,16,17" rate="2223,2067,2080,2157" sx="M,M,M,F"/><TAIKYOKU oya="0"/>

<Scene>
<INIT seed="0,0,0,0,1,8" ten="250,250,250,250" oya="0" hai0="99,51,17,59,67,25,37,130,10,33,4,40,5" hai1="7,69,131,72,76,66,118,57,13,84,11,68,50" hai2="64,15,92,128,119,27,89,82,21,45,75,88,22" hai3="16,127,71,102,48,120,87,32,44,125,3,60,6"/><T90/><D37/><U124/><E131/><V97/><F128/><W132/><G32/><T121/><D121/><U58/><E124/><N who="3" m="47690" /><G102/><T9/><D130/><U108/><E108/><V56/><F119/><W49/><G132/><T123/><D123/><U105/><E118/><V18/><F45/><W29/><G29/><T107/><D107/><U53/><E105/><V31/><F75/><W24/><G3/><T52/><D40/><U134/><E134/><V133/><F133/><W74/><G6/><N who="0" m="2667" /><D33/><U23/><E72/><V111/><F111/><W20/><G74/><T94/><D67/><U122/><E122/><V63/><F82/><W43/><G120/><T2/><D2/><U26/><E84/><V95/><F95/><W35/><G35/><T112/><D112/><U34/><E76/><V47/><F47/><W70/><G60/><T117/><D117/><U106/><E106/><V73/><F73/><W104/><G104/><T12/><D25/><U98/><E98/><V55/><F55/><N who="3" m="30087" /><G87/><T61/><D61/><U81/><E34/><V77/><F77/><W114/><G114/><T101/><D9/><U129/><E129/><V19/><F19/><W42/><G49/><T0/><D0/><U115/><E115/><V78/><F78/><W85/><G85/><T65/><D65/><U83/><E69/><AGARI ba="0,0" hai="16,20,24,42,43,69,70,71" m="30087,47690" machi="69" ten="30,2000,0" yaku="18,1,54,1" doraHai="8" who="3" fromWho="1" sc="250,0,250,-20,250,0,250,20" />
</Scene>
<Scene>
<INIT seed="1,0,0,1,4,90" ten="250,230,250,270" oya="1" hai0="12,51,77,26,122,119,97,54,25,28,76,60,118" hai1="100,18,108,68,32,27,130,64,43,81,105,103,30" hai2="86,79,19,62,21,131,57,101,109,89,116,9,2" hai3="16,124,80,96,72,67,115,78,134,29,92,13,11"/><U63/><E130/><V38/><F116/><W128/><G115/><T14/><D122/><U70/><E108/><V93/><F109/><W135/><G128/><T111/><D111/><U41/><E68/><V85/><F38/><W46/><G124/><T44/><D119/><U55/><E55/><V114/><F114/><W129/><G129/><T113/><D113/><U102/><E81/><N who="2" m="47295" /><F101/><N who="3" m="60551" /><G29/><T45/><D118/><U73/><E73/><V33/><F33/><W123/><G46/><T49/><D60/><U66/><E66/><V58/><F2/><W107/><G107/><T91/><D28/><U15/><REACH who="1" step="1"/><E105/><REACH who="1" ten="250,220,250,270" step="2"/><V23/><F131/><W106/><G106/><T4/><D54/><U42/><E42/><V65/><F65/><W36/><G67/><T17/><D76/><U74/><E74/><V1/><F1/><W39/><G123/><T132/><D77/><U7/><E7/><V84/><F62/><W75/><G72/><T104/><D4/><U88/><E88/><V35/><F89/><W10/><G134/><T47/><D91/><U82/><E82/><V69/><F69/><W5/><G135/><T34/><D104/><U48/><E48/><V87/><F93/><W121/><G121/><T83/><D83/><U71/><E71/><V3/><F3/><N who="3" m="319" /><G39/><T94/><D132/><U98/><E98/><V50/><F50/><N who="0" m="18954" /><D97/><U20/><AGARI ba="0,1" hai="15,18,20,27,30,32,41,43,63,64,70,100,102,103" machi="20" ten="30,3000,0" yaku="1,1,0,1,53,0" doraHai="90" doraHaiUra="112" who="1" fromWho="1" sc="250,-10,220,40,250,-10,270,-10" />
</Scene>
<Scene>
<INIT seed="1,1,0,1,3,67" ten="240,260,240,260" oya="1" hai0="120,82,47,76,45,20,99,92,103,12,37,2,124" hai1="30,9,39,83,74,89,50,80,110,21,56,71,104" hai2="34,126,48,8,113,79,62,29,118,0,7,93,25" hai3="4,64,42,53,133,131,68,114,87,96,26,3,6"/><U116/><E71/><V123/><F123/><W66/><G114/><T33/><D33/><U23/><E39/><V16/><F118/><W111/><G42/><T28/><D2/><U73/><E104/><V130/><F113/><W106/><G3/><T84/><D120/><U61/><E116/><V44/><F126/><W95/><G106/><T117/><D117/><U24/><E50/><V11/><F130/><W81/><G111/><T102/><D124/><U60/><E110/><V77/><F93/><W43/><G43/><T78/><D37/><U91/><E9/><V75/><F75/><W90/><G133/><T58/><D102/><U98/><E73/><V72/><F62/><N who="1" m="24169" /><E56/><V17/><F72/><W18/><G53/><T108/><D108/><U51/><E51/><V14/><REACH who="2" step="1"/><F17/><REACH who="2" ten="240,260,230,260" step="2"/><W107/><G107/><T5/><D92/><N who="1" m="56591" /><E74/><V101/><F101/><N who="3" m="60575" /><G131/><T112/><D103/><U119/><E119/><V132/><F132/><W100/><G100/><T105/><D105/><U63/><E63/><V135/><F135/><W115/><G115/><T55/><D112/><U15/><E91/><V125/><F125/><W40/><G90/><T19/><D78/><U31/><E31/><V128/><F128/><W32/><G64/><T127/><D28/><U86/><E86/><V13/><F13/><W1/><G66/><T46/><D127/><U41/><E41/><AGARI ba="1,1" hai="0,7,8,11,14,16,25,29,34,41,44,48,77,79" machi="41" ten="30,3900,0" yaku="1,1,7,1,54,1,53,0" doraHai="67" doraHaiUra="54" who="2" fromWho="1" sc="240,0,260,-42,230,52,260,0" />
</Scene>
<Scene>
<INIT seed="2,0,0,1,2,31" ten="240,218,282,260" oya="2" hai0="126,86,127,100,120,48,57,1,72,74,40,61,30" hai1="97,60,28,95,125,98,109,55,119,80,47,122,110" hai2="76,81,93,11,13,52,66,43,15,7,53,2,116" hai3="101,70,117,18,10,69,75,114,111,51,99,102,67"/><V130/><F116/><W85/><G75/><T112/><D120/><U46/><E119/><V24/><F130/><W64/><G117/><T104/><D1/><U121/><E125/><N who="0" m="47625" /><D112/><U77/><E28/><V41/><F66/><N who="3" m="25131" /><G69/><T8/><D8/><U88/><E98/><V78/><F93/><W89/><G70/><T39/><D39/><U45/><E60/><V84/><F76/><W65/><G65/><N who="0" m="39087" /><D30/><U27/><E27/><V118/><F24/><W29/><G29/><T135/><D135/><U35/><E55/><V105/><F105/><W32/><G111/><N who="1" m="42506" /><E35/><V113/><F113/><W62/><G32/><T34/><D34/><U50/><E50/><V107/><F107/><W26/><G62/><T0/><D0/><U33/><E33/><V49/><F118/><W106/><G51/><T54/><D40/><U36/><E36/><V5/><F53/><W82/><G114/><T123/><D123/><N who="1" m="47115" /><E45/><N who="2" m="27695" /><F2/><W63/><G63/><T4/><D54/><U131/><E131/><V25/><F25/><W22/><G26/><T91/><D48/><U37/><E37/><V59/><F59/><W23/><G106/><T12/><D104/><U134/><E134/><V96/><F96/><W38/><G38/><T20/><D100/><N who="3" m="38505" /><G99/><T56/><D56/><U90/><E46/><V79/><F41/><W94/><G94/><N who="0" m="54647" /><D72/><N who="1" m="43047" /><E47/><V19/><F43/><W115/><G115/><T9/><D74/><U3/><E3/><V108/><F108/><W124/><G124/><T129/><D129/><U83/><E83/><N who="2" m="47223" /><F15/><AGARI ba="0,0" hai="10,15,18,22,23,82,85,89" m="38505,25131" machi="15" ten="30,1000,0" yaku="8,1" doraHai="31" who="3" fromWho="2" sc="240,0,218,0,282,-10,260,10" />
</Scene>
<Scene>
<INIT seed="3,0,0,1,5,94" ten="240,218,272,270" oya="3" hai0="16,69,83,38,3,97,19,51,88,77,70,34,58" hai1="134,18,85,2,116,74,121,14,107,33,96,12,59" hai2="42,65,37,26,66,22,129,103,131,135,114,23,28" hai3="133,115,109,4,41,67,31,84,50,102,64,45,80"/><W36/><G115/><T81/><D34/><U61/><E2/><V120/><F114/><W118/><G118/><T78/><D3/><U15/><E74/><V92/><F135/><W60/><G133/><T1/><D1/><U6/><E121/><V21/><F120/><W55/><G109/><T24/><D38/><U104/><E134/><V128/><F42/><W117/><G117/><T10/><D69/><U86/><E6/><V72/><F72/><W111/><G111/><T9/><D70/><U125/><E125/><V29/><F37/><W89/><G4/><T113/><D113/><U63/><E33/><V75/><F75/><W105/><G31/><N who="2" m="11849" /><F26/><W5/><G5/><T32/><D32/><U44/><E116/><V76/><F76/><N who="0" m="29290" /><D51/><U82/><E44/><V122/><F122/><W99/><REACH who="3" step="1"/><G60/><REACH who="3" ten="240,218,272,260" step="2"/><T20/><D19/><U87/><E18/><V48/><F128/><W53/><G53/><T98/><D16/><U127/><E127/><V35/><F35/><W47/><AGARI ba="0,1" hai="36,41,45,47,50,55,64,67,80,84,89,99,102,105" machi="47" ten="20,7800,0" yaku="1,1,0,1,7,1,52,1,53,0" doraHai="94" doraHaiUra="56" who="3" fromWho="3" sc="240,-26,218,-26,272,-26,260,88" />
</Scene>
<Scene>
<INIT seed="3,1,0,5,0,10" ten="214,192,246,348" oya="3" hai0="37,67,91,79,45,84,5,20,77,16,85,108,58" hai1="34,75,4,47,69,125,65,74,126,2,31,66,123" hai2="135,130,15,92,24,72,117,52,23,54,70,63,32" hai3="14,27,35,105,3,90,93,116,101,48,51,83,102"/><W78/><G3/><T98/><D108/><U107/><E123/><V11/><F117/><W68/><G68/><T100/><D5/><U53/><E107/><V103/><F72/><N who="3" m="43463" /><G102/><T8/><D8/><N who="1" m="2071" /><E53/><V26/><F135/><W106/><G106/><T61/><D45/><U88/><E47/><V76/><F76/><W112/><G112/><T25/><D37/><U129/><E88/><V94/><F130/><W114/><G116/><T133/><D133/><U56/><E56/><V82/><F82/><W17/><G27/><T99/><D84/><U109/><E109/><V40/><F40/><W0/><G35/><T38/><D38/><U80/><E129/><V29/><F70/><W104/><G0/><T46/><D46/><U36/><E36/><V39/><F39/><W95/><G95/><N who="0" m="58495" /><D98/><U86/><E86/><V19/><F103/><W127/><G114/><T131/><D131/><U1/><E1/><V110/><F110/><W44/><G44/><T124/><D124/><N who="1" m="47723" /><E80/><AGARI ba="1,0" hai="16,20,25,58,61,67,77,79,80,85,91" m="58495" machi="80" ten="30,2000,0" yaku="8,1,54,1" doraHai="10" who="0" fromWho="1" sc="214,23,192,-23,246,0,348,0" />
</Scene>
<Scene>
<INIT seed="4,0,0,4,3,96" ten="237,169,246,348" oya="0" hai0="85,36,101,57,121,61,83,40,66,63,94,59,135" hai1="76,16,95,75,119,122,1,44,77,27,2,34,105" hai2="62,18,127,14,51,29,5,33,19,132,45,65,39" hai3="118,111,104,0,86,31,17,48,124,7,42,133,30"/><T125/><D121/><U110/><E110/><V3/><F132/><W38/><G104/><T64/><D135/><U108/><E108/><V81/><F39/><W67/><G38/><T79/><D125/><U26/><E119/><V134/><F127/><W129/><G0/><T98/><D36/><U56/><E105/><V37/><F37/><W72/><G72/><T126/><D126/><U43/><E122/><V20/><F134/><W74/><G74/><T8/><D8/><U21/><E56/><V90/><F3/><W113/><G7/><T99/><D99/><U54/><E54/><V70/><F5/><W102/><G67/><T13/><D13/><U9/><E95/><V53/><F33/><W60/><G60/><T58/><REACH who="0" step="1"/><D40/><REACH who="0" ten="227,169,246,348" step="2"/><U100/><E9/><V107/><F14/><W71/><G42/><T69/><AGARI ba="0,1" hai="57,58,59,61,63,64,66,69,79,83,85,94,98,101" machi="69" ten="20,12000,1" yaku="1,1,2,1,0,1,7,1,52,1,53,0" doraHai="96" doraHaiUra="112" who="0" fromWho="0" sc="227,130,169,-40,246,-40,348,-40" />
</Scene>
<Scene>
<INIT seed="4,1,0,0,4,58" ten="357,129,206,308" oya="0" hai0="59,24,111,70,81,15,27,65,130,79,88,60,61" hai1="67,56,66,102,26,109,114,127,25,95,69,131,43" hai2="48,0,29,133,46,20,84,23,134,9,62,75,47" hai3="1,52,77,108,22,13,129,2,30,128,34,45,97"/><T123/><D123/><U54/><E109/><V116/><F75/><W82/><G108/><T44/><D111/><U122/><E122/><V118/><F84/><W3/><G34/><T32/><D32/><U98/><E131/><N who="3" m="50250" /><G97/><T55/><D130/><U99/><E127/><V68/><F29/><W21/><G30/><T112/><D112/><U89/><E114/><V31/><F31/><W8/><G45/><N who="2" m="16905" /><F48/><W94/><G94/><T83/><D15/><U36/><E43/><V49/><F49/><W91/><G91/><T14/><D14/><U92/><E36/><V7/><F20/><W5/><G52/><T125/><D125/><U96/><E99/><V57/><F23/><W119/><G119/><N who="2" m="45609" /><F68/><W78/><G78/><T28/><D28/><U117/><E117/><V53/><AGARI ba="1,0" hai="0,7,9,53,57,62,133,134" m="45609,16905" machi="53" ten="30,2000,0" yaku="12,1,52,1" doraHai="58" who="2" fromWho="2" sc="357,-11,129,-6,206,23,308,-6" />
</Scene>
<Scene>
<INIT seed="5,0,0,1,0,85" ten="346,123,229,302" oya="1" hai0="29,95,66,16,37,89,67,98,84,60,39,73,92" hai1="65,78,114,104,101,12,51,8,41,54,99,1,80" hai2="111,134,100,40,5,105,45,9,34,68,31,17,56" hai3="62,19,64,96,115,133,130,82,127,14,110,117,118"/><U83/><E114/><V121/><F111/><W53/><G110/><T72/><D29/><U129/><E129/><V57/><F121/><W2/><G2/><T25/><D37/><U4/><E65/><V49/><F68/><W46/><G115/><T119/><D39/><U47/><E1/><V79/><F134/><W59/><G133/><T52/><D119/><N who="3" m="45577" /><G127/><T94/><D73/><U97/><E97/><V108/><F108/><W90/><G130/><T120/><D72/><U135/><E135/><V91/><F79/><W20/><G46/><T15/><D25/><U116/><E116/><V69/><F17/><W106/><G106/><T38/><D38/><U81/><REACH who="1" step="1"/><E54/><REACH who="1" ten="346,113,229,302" step="2"/><V109/><F109/><W93/><G53/><T87/><D67/><U50/><E50/><V44/><F49/><W36/><G36/><T107/><D66/><U70/><E70/><V103/><F69/><W28/><G96/><T58/><D120/><U33/><E33/><V23/><F34/><W131/><G131/><T0/><D0/><U32/><E32/><V77/><F40/><W26/><G64/><T27/><D98/><U61/><E61/><V6/><F105/><W30/><G62/><T124/><D107/><U63/><E63/><V55/><F55/><W86/><G30/><T3/><D3/><U35/><E35/><V123/><F31/><W22/><G59/><T112/><D52/><U113/><E113/><V122/><F56/><W102/><G102/><T43/><D58/><U132/><E132/><V18/><F100/><W24/><G28/><T71/><D112/><U42/><E42/><RYUUKYOKU ba="0,1" sc="346,-10,113,30,229,-10,302,-10" hai1="4,8,12,41,47,51,78,80,81,83,99,101,104" />
</Scene>
<Scene>
<INIT seed="5,1,1,4,5,57" ten="336,143,219,292" oya="1" hai0="11,123,107,47,46,90,86,74,122,3,9,19,89" hai1="76,120,2,77,110,7,32,48,97,113,6,50,85" hai2="40,105,51,41,15,12,132,28,111,91,45,52,96" hai3="131,121,69,82,117,88,33,42,106,26,23,24,84"/><U92/><E120/><N who="0" m="46121" /><D74/><U67/><E113/><V16/><F111/><W94/><G106/><T63/><D107/><U53/><E32/><V130/><F132/><W68/><G121/><T25/><D89/><N who="1" m="55439" /><E110/><V79/><F79/><N who="1" m="30281" /><E2/><V43/><F130/><W70/><G131/><T125/><D125/><U127/><E127/><V134/><F134/><W129/><G129/><T1/><D1/><U98/><E98/><V62/><F28/><W80/><G117/><T100/><D100/><U124/><E124/><V38/><F105/><W114/><G114/><T87/><D87/><U60/><E85/><V61/><F38/><W20/><G33/><T116/><D116/><U81/><E81/><V30/><F30/><W18/><REACH who="3" step="1"/><G42/><REACH who="3" ten="336,143,219,282" step="2"/><T31/><D3/><U34/><E34/><V21/><F12/><W126/><G126/><T39/><D25/><U54/><E54/><V44/><F44/><W10/><G10/><T133/><D46/><N who="1" m="27799" /><E50/><V59/><F45/><W56/><G56/><AGARI ba="1,2" hai="6,7,56,60,67" m="27799,30281,55439" machi="56" ten="30,2900,0" yaku="8,1,52,1" doraHai="57" who="1" fromWho="3" sc="336,0,143,52,219,0,282,-32" />
</Scene>
<Scene>
<INIT seed="5,2,0,2,4,70" ten="336,195,219,250" oya="1" hai0="75,79,35,2,59,72,114,123,130,7,68,10,88" hai1="60,15,12,112,27,50,51,74,101,1,65,128,14" hai2="46,117,43,9,21,80,67,91,53,32,103,16,95" hai3="82,34,109,116,23,49,81,66,86,4,113,45,13"/><U3/><E128/><V118/><F32/><W121/><G34/><T98/><D68/><U17/><E112/><V105/><F67/><W5/><G109/><T55/><D114/><U99/><E74/><V29/><F105/><W40/><G121/><T18/><D35/><U92/><E3/><V132/><F132/><W83/><G113/><T58/><D123/><U57/><REACH who="1" step="1"/><E1/><REACH who="1" ten="336,185,219,250" step="2"/><V87/><F117/><W129/><G116/><T61/><D130/><U64/><E64/><V38/><F118/><W93/><G66/><T78/><D75/><U36/><E36/><V102/><F38/><W41/><G129/><T100/><D72/><U94/><E94/><V77/><F95/><W62/><G93/><T25/><D2/><U56/><E56/><V127/><F127/><W122/><G122/><T76/><D58/><U133/><E133/><V54/><F80/><W124/><G124/><T120/><D59/><U39/><E39/><V20/><F77/><W30/><G82/><T37/><D78/><U131/><E131/><V104/><F104/><W110/><G81/><T19/><D76/><U22/><AGARI ba="2,1" hai="12,14,15,17,22,27,50,51,57,60,65,92,99,101" machi="22" ten="30,6000,0" yaku="1,1,0,1,8,1,53,0" doraHai="70" doraHaiUra="0" who="1" fromWho="1" sc="336,-22,185,76,219,-22,250,-22" />
</Scene>
<Scene>
<INIT seed="5,3,0,4,0,55" ten="314,261,197,228" oya="1" hai0="95,22,117,75,101,34,106,10,19,96,89,116,76" hai1="39,51,113,14,65,66,90,35,108,32,13,59,127" hai2="3,1,68,64,8,53,9,58,50,6,33,40,119" hai3="49,134,5,107,78,86,84,31,61,133,70,103,80"/><U23/><E113/><V17/><F119/><W102/><G5/><T7/><D34/><U122/><E122/><V79/><F33/><W73/><G31/><T83/><D22/><U121/><E39/><V4/><F79/><W57/><G70/><T77/><D19/><U99/><E121/><V30/><F30/><W81/><G49/><T72/><D77/><U42/><E127/><V38/><F17/><W85/><G81/><T118/><D72/><U36/><E36/><V114/><F114/><W126/><G126/><T29/><D29/><U128/><E128/><V15/><F38/><W82/><G82/><T130/><D130/><U93/><E108/><V87/><F87/><W129/><G129/><T131/><D131/><U94/><E35/><V0/><REACH who="2" step="1"/><F40/><REACH who="2" ten="314,261,187,228" step="2"/><W110/><G110/><T124/><D124/><U62/><E32/><V74/><F74/><W46/><G73/><T111/><D111/><U21/><E42/><V67/><F67/><N who="3" m="39343" /><G78/><T52/><D117/><U56/><E66/><V41/><F41/><W12/><G80/><T24/><D118/><U69/><E69/><V45/><F45/><W47/><G47/><T43/><D43/><U37/><E37/><V92/><F92/><W100/><G46/><T20/><D116/><U104/><E94/><V105/><F105/><W120/><G107/><T88/><D106/><U115/><E104/><V97/><F97/><W2/><G120/><T109/><D109/><U44/><E44/><V132/><F132/><W16/><G134/><T54/><D75/><U63/><E115/><V98/><F98/><W18/><G133/><RYUUKYOKU ba="3,1" sc="314,-10,261,-10,187,30,228,-10" hai2="0,1,3,4,6,8,9,15,50,53,58,64,68" />
</Scene>
<Scene>
<INIT seed="6,4,1,5,5,8" ten="304,251,217,218" oya="2" hai0="55,98,101,39,63,6,20,76,64,126,87,130,133" hai1="129,2,134,10,53,81,1,105,32,68,29,45,15" hai2="19,49,46,104,114,93,3,89,109,71,90,5,60" hai3="26,23,106,57,107,88,52,4,21,61,128,65,47"/><V92/><F104/><W84/><G128/><T95/><D39/><U18/><E68/><V0/><F114/><W58/><G4/><T102/><D130/><U12/><E129/><V108/><F5/><W38/><G38/><T25/><D133/><U43/><E134/><V116/><F116/><W13/><G47/><T97/><D126/><U96/><E53/><N who="2" m="29879" /><F19/><N who="3" m="10479" /><G107/><T24/><D55/><U11/><E29/><V127/><F127/><W99/><G106/><T75/><D75/><U73/><E32/><V30/><F30/><N who="3" m="17759" /><G99/><T14/><D97/><U50/><E96/><N who="2" m="57359" /><F60/><N who="3" m="35879" /><G88/><T56/><D101/><U59/><E105/><V69/><F69/><W28/><G28/><T77/><D6/><U100/><E100/><V70/><F70/><W16/><G84/><T27/><D87/><U120/><E120/><V86/><F71/><W62/><G62/><T117/><D117/><U72/><E59/><V123/><F123/><W22/><G22/><T78/><D20/><U110/><E110/><AGARI ba="4,1" hai="0,3,86,90,93,108,109,110" m="57359,29879" machi="110" ten="30,1500,0" yaku="10,1" doraHai="8" who="2" fromWho="1" sc="304,0,251,-27,217,37,218,0" />
</Scene>
<Scene>
<INIT seed="6,5,0,1,5,72" ten="304,224,254,218" oya="2" hai0="117,63,2,24,135,113,4,93,114,126,85,44,101" hai1="79,120,102,48,83,3,134,26,118,25,62,11,40" hai2="49,1,132,0,19,31,64,124,115,28,125,106,78" hai3="128,87,18,104,50,8,103,123,116,35,36,88,68"/><V20/><F115/><N who="0" m="44042" /><D135/><U97/><E118/><V129/><F132/><W76/><G36/><T70/><D117/><U130/><E130/><V59/><F106/><W54/><G116/><T96/><D126/><N who="2" m="48746" /><F129/><W22/><G35/><T27/><D44/><U45/><E134/><V67/><F49/><W38/><G38/><T39/><D39/><U6/><E62/><N who="2" m="37983" /><F67/><W10/><G68/><T92/><D63/><U51/><E51/><V111/><F78/><W133/><G133/><T30/><D70/><U41/><E41/><V90/><F90/><W5/><G128/><T16/><D30/><N who="2" m="11306" /><F111/><W94/><G76/><T15/><D85/><U17/><E120/><V110/><F110/><W127/><G127/><T122/><D93/><U105/><REACH who="1" step="1"/><E17/><REACH who="1" ten="304,214,254,218" step="2"/><V65/><F65/><W12/><G123/><T23/><D122/><U55/><E55/><V73/><F73/><AGARI ba="5,1" hai="3,6,11,25,26,40,45,48,73,79,83,97,102,105" machi="73" ten="30,3900,0" yaku="1,1,7,1,52,1,53,0" doraHai="72" doraHaiUra="53" who="1" fromWho="2" sc="304,0,214,64,254,-54,218,0" />
</Scene>
<Scene>
<INIT seed="7,0,0,2,2,130" ten="304,278,200,218" oya="3" hai0="6,45,112,94,54,19,126,88,49,124,123,30,58" hai1="110,2,5,34,71,74,107,66,116,77,96,132,127" hai2="98,120,42,119,40,62,134,117,93,129,7,61,0" hai3="79,44,99,48,103,3,101,109,10,118,65,100,17"/><W14/><G118/><T16/><D123/><U39/><RYUUKYOKU type="yao9" ba="0,0" sc="304,0,278,0,200,0,218,0" hai1="2,5,34,39,66,71,74,77,96,107,110,116,127,132" />
</Scene>
<Scene>
<INIT seed="7,1,0,4,0,74" ten="304,278,200,218" oya="3" hai0="81,19,64,85,41,39,69,92,102,71,62,42,98" hai1="107,72,50,21,111,120,114,108,130,122,90,22,67" hai2="84,95,38,76,132,35,34,128,131,17,105,26,36" hai3="91,79,100,88,25,37,31,28,97,7,112,87,4"/><W47/><G112/><T127/><D71/><U32/><E32/><V27/><F105/><W63/><G63/><T123/><D123/><U68/><E107/><V77/><F132/><W49/><G37/><N who="2" m="14441" /><F95/><N who="3" m="58431" /><G25/><N who="2" m="9225" /><F17/><W13/><G13/><T101/><D127/><U115/><E72/><V8/><F8/><W124/><G124/><T118/><D118/><U20/><E90/><N who="3" m="34346" /><G4/><T135/><D135/><U18/><E50/><V57/><F57/><W66/><G7/><T54/><D101/><U46/><E67/><V106/><F106/><W121/><G66/><T129/><D39/><U59/><E68/><V116/><F116/><W51/><G121/><N who="1" m="46698" /><E46/><V75/><F75/><W11/><G11/><T96/><D69/><U89/><E59/><V15/><F15/><W70/><G70/><T73/><D64/><U33/><E89/><V16/><F16/><W110/><G49/><T52/><D73/><U2/><E33/><N who="2" m="12299" /><F84/><W58/><G58/><T55/><D85/><U104/><E104/><V65/><F65/><W86/><G86/><T78/><D102/><U40/><E18/><V23/><F23/><W0/><G0/><T9/><D19/><U126/><E2/><V99/><F99/><W5/><G5/><T117/><D96/><U103/><E103/><V30/><F30/><W6/><G6/><T53/><D117/><U44/><E126/><V14/><F14/><W83/><G110/><N who="1" m="42026" /><E44/><V61/><F61/><W60/><G60/><T93/><D62/><U10/><E10/><V133/><F133/><W119/><G119/><T3/><D98/><U94/><E22/><V45/><F45/><RYUUKYOKU ba="1,0" sc="304,-15,278,-15,200,15,218,15" hai2="76,77,128,131" hai3="28,31,47,51,79,83,87" />
</Scene>
<Scene>
<INIT seed="7,2,0,5,3,81" ten="289,263,215,233" oya="3" hai0="8,90,61,10,76,68,11,21,111,43,96,22,131" hai1="40,83,52,55,1,82,93,102,18,65,84,129,4" hai2="51,31,25,62,78,60,103,98,64,53,91,87,16" hai3="95,119,101,86,99,105,94,2,48,132,66,97,117"/><W116/><G2/><T108/><D131/><U112/><E129/><V70/><F78/><W27/><G66/><T13/><D108/><U9/><E112/><V3/><F3/><W89/><G48/><T104/><D111/><U41/><E65/><V17/><F62/><W67/><G67/><T130/><D130/><U135/><E135/><V58/><F87/><W6/><G6/><T79/><D61/><U12/><E40/><V54/><F54/><W107/><G27/><T120/><D68/><U49/><E41/><V0/><F91/><N who="3" m="55551" /><G132/><T39/><D120/><U73/><E73/><V35/><F0/><W57/><G57/><T46/><D90/><N who="1" m="53447" /><E102/><V37/><F37/><W92/><AGARI ba="2,0" hai="86,89,92,94,99,101,105,107,116,117,119" m="55551" machi="92" ten="30,6000,0" yaku="34,2,52,1" doraHai="81" who="3" fromWho="3" sc="289,-22,263,-22,215,-22,233,66" />
</Scene>
<Scene>
<INIT seed="7,3,0,0,0,103" ten="267,241,193,299" oya="3" hai0="4,68,62,39,16,41,115,63,132,6,60,88,47" hai1="134,124,85,32,99,128,113,48,108,43,126,14,118" hai2="129,10,42,51,52,94,72,2,87,95,54,36,13" hai3="121,22,86,80,117,30,96,120,24,119,21,105,84"/><W91/><G21/><T112/><D132/><U58/><E108/><V110/><F110/><W35/><G35/><T123/><D123/><U93/><E134/><V46/><F72/><W69/><G69/><T104/><D68/><U26/><E128/><V74/><F74/><W49/><G49/><T3/><D3/><U31/><E113/><N who="0" m="43593" /><D104/><U107/><E14/><V18/><F129/><W38/><G38/><T76/><D76/><U59/><E118/><V56/><F2/><W44/><G44/><T27/><D88/><N who="1" m="53391" /><E48/><V100/><F100/><W92/><G105/><T19/><D27/><U106/><E43/><V101/><F101/><W61/><G61/><T79/><D79/><U125/><E99/><V45/><REACH who="2" step="1"/><F87/><REACH who="2" ten="267,241,183,299" step="2"/><W23/><G86/><T89/><D89/><U127/><E127/><V53/><F53/><W25/><G119/><T8/><D8/><U111/><E111/><V7/><F7/><AGARI ba="3,1" hai="4,6,7,16,19,39,41,47,60,62,63" m="43593" machi="7" ten="30,3900,0" yaku="15,1,11,1,54,1" doraHai="103" who="0" fromWho="2" sc="267,58,241,0,183,-48,299,0" owari="325,42.0,241,-16.0,135,-36.0,299,10.0" />
</Scene>
</mjloggm>