<mjloggm ver="2.3"><GO type="169" lobby="0"/><UN n0="%E3%81%A0%E3%81%84%E3%81%A0%E3%81%84" n1="%E3%83%99%E3%82%BF%E3%82%AA%E3%83%AA%E3%82%B9%E3%82%AF" n2="%41%53%41%50%49%4E" n3="%E3%81%82%E3%82%8A%E3%81%8A%E3%81%A8" dan="17,16,18,17" rate="2083,2052,2195,2137" sx="M,M,M,M"/><TAIKYOKU oya="0"/>

<Scene>
<INIT seed="0,0,0,4,0,131" ten="250,250,250,250" oya="0" hai0="105,34,75,69,28,19,62,117,5,79,57,112,64" hai1="80,108,15,66,100,93,40,85,59,49,99,24,45" hai2="22,16,29,86,10,78,92,109,11,71,12,106,90" hai3="83,127,18,77,50,38,110,9,39,81,7,4,130"/><T31/><D105/><U103/><E108/><V25/><F106/><W124/><G110/><T42/><D117/><U115/><E115/><V53/><F109/><W33/><G33/><T58/><D112/><U111/><E111/><V3/><F71/><W56/><G130/><T121/><D121/><U104/><E104/><V134/><F134/><W37/><G18/><T23/><D5/><N who="3" m="2121" /><G9/><T65/><D42/><U126/><E126/><N who="3" m="48170" /><G77/><T17/><D17/><U74/><E74/><V128/><F3/><W67/><G50/><T1/><D1/><U72/><E72/><V0/><F0/><W133/><G56/><T101/><D34/><U73/><E73/><V118/><F128/><W8/><G8/><T70/><D31/><U87/><E103/><V20/><F118/><W119/><G119/><T98/><D28/><U107/><E107/><V51/><REACH who="2" step="1"/><F78/><REACH who="2" ten="250,250,240,250" step="2"/><W48/><G133/><T47/><D70/><U21/><E15/><V44/><AGARI ba="0,1" hai="10,11,12,16,20,22,25,29,44,51,53,86,90,92" machi="44" ten="20,12000,2" yaku="1,1,2,1,0,1,7,1,8,1,54,1,53,0" doraHai="131" doraHaiUra="129" who="2" fromWho="2" sc="250,-60,250,-30,240,130,250,-30" />
</Scene>
<Scene>
<INIT seed="1,0,0,5,3,24" ten="190,220,370,220" oya="1" hai0="20,28,35,118,102,43,103,79,68,13,57,71,6" hai1="4,106,108,7,99,133,69,19,18,33,44,61,132" hai2="37,22,21,73,8,3,11,93,12,1,105,101,127" hai3="77,38,114,58,15,129,65,119,134,88,112,5,47"/><U67/><E33/><V87/><F37/><W116/><G77/><T89/><D118/><U76/><E76/><V100/><F73/><W94/><G129/><T53/><D43/><U125/><E125/><V0/><F127/><W70/><G70/><T128/><D128/><U27/><E108/><V52/><F105/><W80/><G80/><T56/><D35/><U45/><E7/><V117/><F117/><N who="3" m="45131" /><G134/><N who="1" m="51818" /><E4/><V62/><F100/><W46/><G65/><T17/><D79/><U64/><E67/><V109/><F109/><W26/><G58/><T31/><D68/><U126/><E126/><V131/><F131/><W104/><G104/><T110/><D71/><U123/><E123/><V66/><F66/><W95/><G95/><T111/><D111/><U121/><E121/><V78/><F78/><W98/><G26/><T63/><D110/><U50/><E27/><V41/><F93/><W130/><G130/><T25/><D6/><U14/><E14/><V30/><F12/><W90/><G90/><T23/><D89/><U86/><E86/><V74/><F87/><W96/><G96/><T83/><D83/><U84/><E84/><V29/><F1/><W75/><G75/><T81/><D81/><U92/><E106/><V122/><F74/><W40/><G46/><N who="1" m="18026" /><E50/><V124/><F124/><W51/><G51/><N who="0" m="30783" /><D103/><AGARI ba="0,0" hai="18,19,61,64,69,92,99,103" m="18026,51818" machi="103" ten="30,1500,0" yaku="20,1" doraHai="24" who="1" fromWho="0" sc="190,-15,220,15,370,0,220,0" />
</Scene>
<Scene>
<INIT seed="1,1,0,1,5,14" ten="175,235,370,220" oya="1" hai0="37,78,24,44,8,36,57,39,124,40,87,77,67" hai1="75,104,89,68,25,98,72,83,22,56,54,86,17" hai2="108,35,3,13,49,19,5,123,135,33,128,27,52" hai3="42,59,130,118,18,107,91,51,94,29,96,43,46"/><U58/><E68/><V50/><F123/><W99/><G130/><T119/><D124/><U1/><E1/><V88/><F128/><W115/><G115/><T47/><D119/><U80/><E80/><V93/><F108/><W120/><G120/><T114/><D114/><U92/><E104/><V41/><F135/><W133/><G133/><T105/><D105/><U122/><E122/><V2/><F49/><W15/><G29/><T132/><D132/><U16/><E17/><V74/><F41/><W76/><G118/><T101/><D101/><U125/><E125/><V71/><F71/><W66/><G76/><T113/><D8/><U81/><E81/><V10/><F74/><W4/><G4/><T55/><D67/><U6/><E6/><V116/><F116/><W7/><G7/><T31/><D113/><U109/><E109/><V12/><F27/><W129/><G129/><T45/><D87/><U21/><E21/><V63/><F2/><W110/><G110/><T100/><D100/><U65/><E65/><V62/><F35/><W23/><G107/><T82/><D82/><U26/><E25/><V9/><F33/><W126/><G126/><T111/><D111/><U103/><REACH who="1" step="1"/><E58/><REACH who="1" ten="175,225,370,220" step="2"/><N who="2" m="33047" /><F3/><W20/><G20/><T97/><D24/><U48/><AGARI ba="1,1" hai="16,22,26,48,54,56,72,75,83,86,89,92,98,103" machi="48" ten="20,18000,2" yaku="1,1,0,1,7,1,52,1,54,1,53,1" doraHai="14" doraHaiUra="84" who="1" fromWho="1" sc="175,-61,225,193,370,-61,220,-61" />
</Scene>
<Scene>
<INIT seed="1,2,0,1,4,41" ten="114,418,309,159" oya="1" hai0="128,86,5,67,114,73,10,15,119,124,63,79,50" hai1="123,93,16,106,34,83,35,1,23,84,14,76,71" hai2="118,117,122,65,39,6,131,8,68,33,102,32,125" hai3="29,100,88,24,3,66,98,13,36,99,91,126,31"/><U11/><E106/><V111/><F122/><W89/><G3/><T48/><D119/><U116/><E116/><V97/><F39/><W38/><G66/><T95/><D114/><U37/><E123/><V59/><F68/><W19/><G126/><T107/><D124/><U42/><E71/><V56/><F125/><W26/><G13/><T87/><D107/><U90/><E1/><V121/><F121/><W132/><G19/><T101/><D128/><U54/><E54/><V110/><F131/><W62/><G62/><T77/><D73/><U113/><E113/><V112/><F112/><W46/><G91/><T120/><D120/><U92/><E11/><V18/><F33/><W109/><G100/><T51/><D101/><U115/><E115/><V58/><F32/><W55/><G55/><T28/><D28/><U40/><E93/><N who="2" m="58671" /><F18/><W45/><REACH who="3" step="1"/><G109/><REACH who="3" ten="114,418,309,149" step="2"/><N who="2" m="41481" /><F65/><W0/><G0/><AGARI ba="2,1" hai="0,6,8,56,58,59,117,118" m="41481,58671" machi="0" ten="30,1000,0" yaku="14,1" doraHai="41" who="2" fromWho="3" sc="114,0,418,0,309,26,149,-16" />
</Scene>
<Scene>
<INIT seed="2,0,0,2,4,70" ten="114,418,335,133" oya="2" hai0="53,97,94,26,28,62,87,106,34,109,72,121,75" hai1="32,13,33,43,133,78,54,84,5,16,31,37,88" hai2="90,135,44,119,61,82,10,46,7,108,47,15,113" hai3="59,36,124,103,6,52,123,42,115,102,116,0,9"/><V130/><F113/><W51/><G116/><T2/><D121/><U27/><E133/><V55/><F119/><W107/><G123/><T22/><D2/><U96/><E5/><V99/><F135/><W79/><G115/><T14/><D109/><U71/><E71/><V122/><F122/><W66/><G124/><T80/><D106/><U63/><E33/><V89/><F108/><W64/><G107/><T104/><D104/><U114/><E114/><V111/><F111/><W69/><G79/><T60/><D14/><U29/><E29/><V81/><F130/><W101/><REACH who="3" step="1"/><G69/><REACH who="3" ten="114,418,335,123" step="2"/><T105/><D105/><U39/><E78/><V131/><F131/><W83/><G83/><T93/><D80/><U126/><E126/><V8/><F81/><W50/><G50/><T76/><D76/><U30/><E63/><V125/><F82/><W85/><G85/><T24/><D87/><U12/><E84/><V23/><F125/><W21/><G21/><T77/><D77/><U49/><E49/><V57/><F23/><W3/><G3/><T4/><D62/><U38/><E32/><V134/><F134/><W18/><G18/><T132/><D132/><U41/><E16/><N who="2" m="8295" /><F99/><W91/><G91/><N who="2" m="34825" /><F10/><W98/><G98/><T40/><D97/><U118/><E96/><V58/><F7/><W95/><G95/><T25/><D4/><U48/><E118/><V110/><F110/><W117/><G117/><T45/><D93/><U65/><E88/><V11/><F11/><W73/><G73/><T35/><D94/><U68/><E68/><V86/><F86/><W67/><G67/><RYUUKYOKU ba="0,1" sc="114,-15,418,-15,335,15,123,15" hai2="44,46,47,55,57,58,61" hai3="0,6,9,36,42,51,52,59,64,66,101,102,103" />
</Scene>
<Scene>
<INIT seed="2,1,1,1,4,114" ten="99,403,350,138" oya="2" hai0="130,50,119,36,25,34,132,87,95,27,126,49,106" hai1="74,61,10,9,117,127,28,60,77,98,56,24,47" hai2="52,85,55,104,11,123,112,68,19,133,79,135,124" hai3="94,83,134,105,129,118,1,100,107,5,0,8,75"/><V46/><F112/><W64/><G129/><T101/><D36/><U45/><E127/><V37/><F123/><W93/><G134/><N who="2" m="51209" /><F68/><W51/><G64/><T91/><D132/><U70/><E70/><V102/><F124/><W113/><G113/><T82/><D126/><U30/><E98/><N who="2" m="61527" /><F79/><W90/><G0/><T97/><D130/><U7/><E77/><V103/><F103/><W71/><G71/><T41/><D41/><U39/><E39/><V108/><F85/><W86/><G75/><T110/><D110/><U125/><E56/><V81/><F81/><W32/><G107/><T111/><D111/><U96/><E74/><V14/><F108/><W88/><G32/><T57/><D34/><U23/><E125/><V65/><F65/><W3/><G3/><T44/><D106/><U4/><E96/><V58/><F58/><W43/><G90/><T116/><D57/><U54/><E54/><V17/><F17/><W13/><G1/><T109/><D109/><U63/><E63/><V72/><F72/><W131/><G105/><T76/><D76/><U35/><E35/><V2/><F2/><W59/><G100/><T69/><D69/><U99/><E99/><V115/><F115/><W89/><G131/><T38/><D38/><U26/><E23/><V16/><F19/><W21/><G21/><T18/><D18/><U29/><E30/><V31/><F31/><W67/><G59/><T84/><D84/><U73/><E73/><V42/><AGARI ba="1,1" hai="11,14,16,37,42,46,52,55" m="61527,51209" machi="42" ten="30,6000,0" yaku="20,1,54,2" doraHai="114" who="2" fromWho="2" sc="99,-21,403,-21,350,73,138,-21" />
</Scene>
<Scene>
<INIT seed="2,2,0,0,1,81" ten="78,382,423,117" oya="2" hai0="103,50,80,118,12,37,123,110,45,53,104,28,33" hai1="117,29,124,76,88,119,20,100,40,74,64,84,8" hai2="86,68,99,113,9,131,77,102,60,16,135,134,130" hai3="93,78,98,11,132,92,71,63,41,67,108,115,61"/><V27/><F113/><W5/><G115/><T56/><D123/><U39/><E100/><V14/><F27/><W91/><G108/><T129/><D110/><U23/><E124/><V125/><F125/><W133/><G78/><T24/><D129/><N who="2" m="49162" /><F68/><W6/><G41/><T22/><D118/><U46/><E64/><V54/><F60/><W26/><G63/><T58/><D37/><U85/><E74/><V52/><F86/><N who="3" m="52343" /><G26/><T25/><D12/><U69/><E69/><V116/><F77/><W10/><G5/><T97/><REACH who="0" step="1"/><D80/><REACH who="0" ten="68,382,423,117" step="2"/><U83/><E83/><V73/><F116/><W66/><G66/><T7/><D7/><U36/><E36/><V114/><F114/><W2/><G6/><T126/><D126/><U1/><E39/><V94/><F73/><W17/><G2/><T15/><D15/><U79/><E1/><V31/><F31/><AGARI ba="2,1" hai="22,24,25,28,31,33,45,50,53,56,58,97,103,104" machi="31" ten="30,7700,0" yaku="1,1,7,1,53,2" doraHai="81" doraHaiUra="55" who="0" fromWho="2" sc="68,93,382,0,423,-83,117,0" />
</Scene>
<Scene>
<INIT seed="3,0,0,1,4,31" ten="161,382,340,117" oya="3" hai0="69,60,98,2,62,116,83,134,14,9,132,129,59" hai1="18,43,10,130,76,36,47,22,111,27,97,11,131" hai2="32,92,72,82,78,81,90,94,63,6,33,75,3" hai3="71,109,35,38,44,45,102,120,79,108,127,4,126"/><W54/><G79/><T7/><D116/><U41/><E111/><N who="3" m="42570" /><G4/><T135/><D129/><N who="1" m="49163" /><E76/><V88/><F78/><W40/><G102/><T46/><D69/><U124/><E124/><N who="3" m="47658" /><G71/><T25/><D83/><U103/><E43/><V70/><F70/><W12/><G12/><T49/><D2/><U100/><E100/><V113/><F6/><W112/><G120/><T101/><D25/><U55/><E55/><V39/><F3/><W28/><G28/><T91/><D91/><U122/><E122/><V24/><F24/><W104/><G104/><AGARI ba="0,0" hai="10,11,18,22,27,36,41,47,97,103,104" m="49163" machi="104" ten="30,1000,0" yaku="19,1" doraHai="31" who="1" fromWho="3" sc="161,0,382,10,340,0,117,-10" />
</Scene>
<Scene>
<INIT seed="4,0,0,0,1,102" ten="161,392,340,107" oya="0" hai0="124,42,129,60,106,132,57,24,56,123,52,14,21" hai1="54,66,41,30,15,61,67,2,94,37,115,58,50" hai2="78,48,82,118,80,19,32,49,5,28,127,104,77" hai3="93,73,7,72,65,97,4,29,88,111,130,108,34"/><T12/><D123/><U47/><E2/><V22/><F127/><W120/><G120/><T9/><D124/><U25/><E115/><V114/><F114/><W79/><G130/><T90/><D129/><U0/><E0/><V81/><F118/><W91/><G65/><T62/><D132/><U26/><E30/><V96/><F5/><W38/><G38/><T55/><D42/><U110/><E110/><V100/><F28/><W89/><G29/><T33/><D33/><U59/><E66/><V17/><F32/><W87/><G34/><T107/><D90/><N who="3" m="34921" /><G7/><T6/><D14/><U131/><E131/><V134/><F134/><W43/><G43/><T92/><D92/><U10/><E94/><V1/><F1/><W86/><G4/><AGARI ba="0,0" hai="4,10,15,25,26,37,41,47,50,54,58,59,61,67" machi="4" ten="30,1000,0" yaku="7,1" doraHai="102" who="1" fromWho="3" sc="161,0,392,10,340,0,107,-10" />
</Scene>
<Scene>
<INIT seed="5,0,0,3,2,128" ten="161,402,340,97" oya="1" hai0="78,58,13,31,68,126,73,131,47,46,60,61,108" hai1="117,92,1,83,19,26,25,45,110,80,8,6,72" hai2="120,51,59,71,64,65,67,93,29,99,23,11,132" hai3="107,98,79,14,87,66,116,85,37,89,54,130,95"/><U75/><E117/><V113/><F120/><W21/><G130/><T125/><D131/><U76/><E110/><V106/><F106/><W121/><G121/><T74/><D108/><U41/><E92/><V55/><F113/><W129/><G129/><T49/><D31/><U103/><E103/><V5/><F132/><W32/><G32/><T56/><D13/><U102/><E102/><V42/><F71/><W2/><G2/><T12/><D12/><U52/><E19/><V127/><F127/><W4/><G116/><T16/><D78/><N who="1" m="44103" /><E52/><V114/><F42/><W15/><G37/><AGARI ba="0,0" hai="1,6,8,25,26,37,41,45,75,76,83" m="44103" machi="37" ten="30,1500,0" yaku="25,1" doraHai="128" who="1" fromWho="3" sc="161,0,402,15,340,0,97,-15" />
</Scene>
<Scene>
<INIT seed="5,1,0,2,5,4" ten="161,417,340,82" oya="1" hai0="43,17,76,35,114,64,110,115,126,96,130,74,135" hai1="67,7,6,24,121,116,75,79,45,88,56,26,18" hai2="94,59,86,63,25,133,31,119,53,104,98,125,87" hai3="33,49,118,65,19,71,40,15,27,93,106,95,54"/><U132/><E116/><V3/><F119/><W89/><G118/><T69/><D43/><U58/><E121/><V107/><F133/><W90/><G106/><T62/><D96/><U66/><E132/><V38/><F38/><W111/><G111/><T20/><D35/><U57/><E75/><V5/><F125/><W39/><G33/><T36/><D36/><U91/><E79/><V108/><F108/><W82/><G27/><N who="1" m="10282" /><E18/><V103/><F107/><W10/><G40/><T29/><D29/><U100/><E45/><V30/><F104/><W117/><G39/><T23/><D135/><U78/><E78/><V97/><F97/><W81/><G117/><T99/><D76/><U2/><E100/><V124/><F124/><W32/><G32/><T34/><D74/><U21/><E21/><V55/><F55/><W112/><G112/><T16/><D34/><U131/><E2/><V101/><F101/><W113/><G113/><N who="0" m="43019" /><D126/><U1/><E1/><V47/><F31/><W46/><G71/><T134/><D99/><U72/><E72/><V42/><F30/><W128/><G128/><T9/><D130/><U77/><E77/><V83/><F3/><W22/><G22/><N who="0" m="8235" /><D110/><U122/><E131/><V11/><F25/><W70/><G70/><T127/><D127/><U61/><E122/><V8/><F98/><N who="3" m="57647" /><G65/><N who="1" m="24586" /><E61/><V85/><F103/><W73/><G73/><T60/><D60/><U41/><E41/><V14/><F42/><W13/><G13/><N who="0" m="7215" /><D134/><U120/><E120/><V68/><F63/><W48/><G48/><T80/><D17/><U105/><E105/><V12/><F68/><RYUUKYOKU ba="1,0" sc="161,10,417,10,340,-30,82,10" hai0="62,64,69,80" hai1="6,7,56,57,58,88,91" hai3="10,15,19,46,49,54,81,82,90,95" />
</Scene>
<Scene>
<INIT seed="5,2,0,5,0,46" ten="171,427,310,92" oya="1" hai0="21,11,67,8,1,106,19,61,77,133,76,48,99" hai1="17,94,128,26,32,18,43,93,114,45,84,2,53" hai2="16,101,83,71,129,44,112,104,65,3,108,54,132" hai3="88,51,22,125,58,73,20,120,4,15,63,80,115"/><U24/><E2/><V118/><F108/><W38/><G120/><T121/><D121/><U74/><E74/><V60/><F118/><W68/><G38/><T123/><D123/><U31/><E114/><V36/><F3/><W81/><G115/><T30/><D30/><U95/><E128/><V42/><F112/><W130/><G130/><T27/><D133/><U41/><E84/><V56/><F129/><W13/><G73/><T57/><D11/><U52/><E41/><V34/><F34/><W91/><G68/><T6/><D106/><U14/><E26/><V66/><F132/><W28/><G125/><T23/><D99/><U70/><E70/><V39/><F66/><W86/><G28/><T89/><D23/><U102/><E102/><V116/><F116/><W9/><G15/><T12/><D89/><U90/><E90/><V113/><F113/><W75/><G75/><T82/><D1/><U127/><E127/><V117/><F117/><W37/><G37/><T35/><D35/><U10/><REACH who="1" step="1"/><E18/><REACH who="1" ten="171,417,310,92" step="2"/><V62/><F16/><W109/><G109/><T85/><D76/><U0/><E0/><V111/><F111/><W72/><G72/><T7/><D7/><U47/><E47/><V119/><F119/><W97/><G97/><T69/><D69/><U5/><E5/><V105/><F101/><W103/><G103/><T124/><D124/><U25/><E25/><V126/><F126/><W87/><REACH who="3" step="1"/><G51/><AGARI ba="2,1" hai="6,8,12,19,21,27,48,51,57,61,67,77,82,85" machi="51" ten="40,5200,0" yaku="8,1,52,2" doraHai="46" who="0" fromWho="3" sc="171,68,417,0,310,0,92,-58" /><AGARI ba="2,0" hai="10,14,17,24,31,32,43,45,51,52,53,93,94,95" machi="51" ten="40,7700,0" yaku="1,1,52,1,54,1,53,0" doraHai="46" doraHaiUra="79" who="1" fromWho="3" sc="239,0,417,77,310,0,34,-77" owari="239,-16.0,494,59.0,310,11.0,-43,-54.0" />
</Scene>
</mjloggm>