<mjloggm ver="2.3"><GO type="169" lobby="0"/><UN n0="%41%53%41%50%49%4E" n1="%55%4E%73%61%6E" n2="%4D%61%52%63%48" n3="%E3%83%9D%E3%83%81%E3%83%A7%E3%83%A0%E3%82%AD%E3%83%B3%E2%98%85" dan="18,16,16,17" rate="2201,2051,2057,2158" sx="M,F,M,M"/><TAIKYOKU oya="0"/>

<Scene>
<INIT seed="0,0,0,0,0,65" ten="250,250,250,250" oya="0" hai0="61,57,75,117,18,96,133,9,60,15,99,22,78" hai1="31,4,125,69,118,38,88,54,24,12,73,21,72" hai2="48,3,135,42,68,45,66,112,26,80,111,5,122" hai3="108,85,58,104,123,74,29,130,33,83,59,92,30"/><T116/><D133/><U93/><E118/><V17/><F122/><W77/><G123/><T76/><D117/><U132/><E132/><V46/><F112/><W8/><G108/><T98/><D116/><U82/><E38/><V62/><F111/><W50/><G130/><T19/><D75/><U81/><E125/><V121/><F121/><W41/><G104/><T102/><D102/><U127/><E127/><V2/><F135/><W47/><G8/><T27/><REACH who="0" step="1"/><D61/><REACH who="0" ten="240,250,250,250" step="2"/><U101/><E73/><V71/><F62/><W131/><G131/><T106/><D106/><U103/><E72/><V52/><F66/><AGARI ba="0,1" hai="9,15,18,19,22,27,57,60,66,76,78,96,98,99" machi="66" ten="40,3900,0" yaku="1,1,8,1,53,0" doraHai="65" doraHaiUra="109" who="0" fromWho="2" sc="240,49,250,0,250,-39,250,0" />
</Scene>
<Scene>
<INIT seed="0,1,0,5,2,75" ten="289,250,211,250" oya="0" hai0="68,34,7,96,130,53,54,51,120,27,78,113,47" hai1="8,3,84,15,38,39,94,129,46,13,67,77,62" hai2="69,95,28,80,97,100,99,118,71,119,126,85,107" hai3="115,29,36,49,61,12,88,101,5,98,81,90,111"/><T19/><D113/><U41/><E129/><V32/><F32/><W104/><G115/><T42/><D120/><U10/><E39/><V16/><F28/><W122/><G122/><T40/><D68/><U73/><E10/><V83/><F126/><W66/><G36/><T25/><D130/><U55/><E55/><V58/><F58/><W56/><G111/><T52/><D7/><U6/><E84/><V20/><F71/><W22/><G49/><T18/><D40/><U4/><E94/><V37/><F37/><W124/><G124/><T89/><D78/><U35/><E35/><V117/><F69/><W93/><G104/><T64/><D64/><U125/><E6/><V74/><F74/><W31/><G81/><T70/><D70/><N who="1" m="42359" /><E125/><V59/><F59/><W24/><G31/><T87/><D96/><U82/><AGARI ba="1,0" hai="3,4,8,13,15,38,41,46,73,77,82" m="42359" machi="82" ten="30,2000,0" yaku="25,1,52,1" doraHai="75" who="1" fromWho="1" sc="289,-11,250,23,211,-6,250,-6" />
</Scene>
<Scene>
<INIT seed="1,0,0,1,5,13" ten="278,273,205,244" oya="1" hai0="89,16,134,132,72,86,83,69,30,21,63,93,106" hai1="14,85,121,52,114,70,133,39,42,84,11,75,28" hai2="29,87,17,25,0,74,57,88,73,79,27,41,53" hai3="82,40,128,115,103,45,19,90,99,18,108,126,109"/><U59/><E114/><V105/><F0/><W125/><G115/><T112/><D112/><U81/><E121/><V96/><F105/><N who="3" m="63743" /><G128/><T80/><D106/><U60/><E133/><N who="0" m="51305" /><D30/><U97/><E70/><V50/><F96/><W64/><G64/><N who="0" m="41119" /><D72/><U24/><E97/><V56/><F41/><W111/><G90/><T44/><D44/><U15/><E42/><V104/><F104/><W124/><G82/><T48/><D48/><AGARI ba="0,0" hai="18,19,40,45,48,108,109,111,124,125,126" m="63743" machi="48" ten="40,8000,1" yaku="14,1,18,1,52,2" doraHai="13" who="3" fromWho="0" sc="278,-80,273,0,205,0,244,80" />
</Scene>
<Scene>
<INIT seed="2,0,0,3,5,15" ten="198,273,205,324" oya="2" hai0="128,107,18,2,84,9,134,72,44,98,43,75,5" hai1="93,91,59,68,96,55,81,87,49,19,127,29,51" hai2="89,132,73,112,56,82,116,129,20,125,8,41,45" hai3="61,88,1,74,95,119,27,135,62,130,63,114,52"/><V83/><F116/><W122/><G122/><T12/><D128/><U66/><E127/><V22/><F112/><W34/><G119/><T85/><D134/><U17/><E29/><V100/><F132/><W0/><G130/><T106/><D84/><U121/><E121/><V37/><F129/><W69/><G135/><T24/><D24/><U21/><E51/><V31/><F125/><W39/><G74/><T71/><D71/><U53/><E53/><V46/><F100/><W3/><G114/><T90/><D107/><U105/><E105/><V110/><F110/><W40/><G69/><T133/><D133/><U118/><E118/><V80/><F73/><W57/><G39/><T79/><D79/><U36/><E36/><V123/><F123/><W54/><G40/><T86/><D86/><U124/><E124/><V10/><F46/><W11/><G11/><T38/><D98/><U115/><E115/><V6/><F89/><W4/><G4/><T30/><D30/><U26/><E66/><V48/><F31/><W109/><G109/><T77/><D77/><N who="1" m="46511" /><E68/><V47/><F56/><W7/><G7/><T120/><D106/><U104/><E104/><V126/><F126/><W50/><G34/><T60/><D60/><U99/><E19/><V117/><F117/><W25/><REACH who="3" step="1"/><G54/><REACH who="3" ten="198,273,205,314" step="2"/><T131/><D120/><U42/><E42/><V76/><F76/><W67/><G67/><T103/><D131/><U94/><E99/><AGARI ba="0,1" hai="0,1,3,25,27,50,52,57,61,62,63,88,95,99" machi="99" ten="50,12000,2" yaku="1,1,54,2,53,3" doraHai="15" doraHaiUra="33" who="3" fromWho="1" sc="198,0,273,-120,205,0,314,130" />
</Scene>
<Scene>
<INIT seed="3,0,0,1,1,113" ten="198,153,205,444" oya="3" hai0="99,78,46,45,102,93,62,105,71,77,118,90,16" hai1="84,76,59,54,63,129,82,110,29,94,6,21,14" hai2="111,55,107,120,32,70,9,79,101,41,4,75,34" hai3="57,37,7,106,109,1,98,92,36,72,50,133,89"/><W64/><G72/><T47/><D118/><U108/><E129/><V40/><F111/><W23/><G133/><T61/><D71/><U127/><E127/><V117/><F120/><W53/><G109/><T0/><D0/><U44/><E94/><V35/><F55/><W125/><G125/><T68/><D68/><U115/><E115/><V104/><F70/><W69/><G106/><T128/><D128/><U74/><E74/><V39/><F117/><W30/><G69/><T131/><D131/><U43/><E29/><V97/><F104/><W67/><G37/><T130/><D130/><U18/><REACH who="1" step="1"/><E6/><REACH who="1" ten="198,143,205,444" step="2"/><V31/><F31/><W112/><G112/><T26/><D105/><U22/><E22/><V49/><F75/><W25/><G7/><T42/><D102/><U86/><E86/><V38/><F79/><N who="0" m="30218" /><D42/><U58/><E58/><V81/><F81/><W80/><G80/><T27/><D16/><U66/><E66/><V19/><F40/><W88/><G67/><T85/><D85/><U51/><AGARI ba="0,1" hai="14,18,21,43,44,51,54,59,63,76,82,84,108,110" machi="51" ten="30,2000,0" yaku="1,1,0,1,53,0" doraHai="113" doraHaiUra="96" who="1" fromWho="1" sc="198,-5,143,30,205,-5,444,-10" />
</Scene>
<Scene>
<INIT seed="4,0,0,5,4,70" ten="193,173,200,434" oya="0" hai0="131,15,26,86,112,106,71,38,22,103,35,53,12" hai1="123,40,87,66,17,23,111,56,24,72,73,44,52" hai2="117,125,92,9,20,115,127,108,107,39,11,57,109" hai3="121,8,97,10,82,81,33,85,96,67,32,110,27"/><T76/><D71/><U63/><E123/><V100/><F107/><W90/><G110/><N who="2" m="42601" /><F20/><W128/><G128/><T25/><D131/><U120/><E111/><V104/><F57/><W75/><G121/><T60/><D112/><U55/><E120/><V102/><F104/><W119/><G119/><T36/><D35/><U78/><E73/><V105/><F105/><W79/><G67/><T122/><D122/><U21/><E72/><V77/><F77/><W51/><G51/><T41/><D41/><U113/><E113/><V61/><F61/><W68/><G68/><T48/><D60/><U93/><E21/><V5/><F115/><W133/><G133/><T54/><D76/><U98/><E87/><V46/><F92/><W64/><G64/><T58/><D86/><U59/><E59/><V16/><F117/><W130/><G130/><T124/><D58/><U91/><REACH who="1" step="1"/><E78/><REACH who="1" ten="193,163,200,434" step="2"/><V62/><F62/><W4/><G33/><T0/><D22/><U129/><E129/><V19/><F9/><W7/><G8/><T6/><D26/><U132/><E132/><V135/><F11/><W34/><G34/><T50/><D25/><U69/><E69/><V13/><F135/><W18/><G32/><T95/><D0/><U43/><E43/><N who="2" m="22911" /><F5/><W118/><G118/><T134/><D6/><U30/><E30/><V116/><F116/><W2/><G7/><T49/><D134/><U37/><AGARI ba="0,1" hai="17,23,24,37,40,44,52,55,56,63,66,91,93,98" machi="37" ten="20,8000,1" yaku="1,1,0,1,7,1,52,1,54,1,53,0" doraHai="70" doraHaiUra="83" who="1" fromWho="1" sc="193,-40,163,90,200,-20,434,-20" />
</Scene>
<Scene>
<INIT seed="5,0,0,1,2,67" ten="153,253,180,414" oya="1" hai0="70,74,52,56,94,60,96,117,58,102,120,125,53" hai1="42,89,62,68,21,27,103,59,26,12,126,15,71" hai2="11,121,49,36,23,22,131,99,50,47,110,93,43" hai3="134,19,88,73,133,4,65,61,127,76,115,82,44"/><U92/><E126/><V37/><F121/><W87/><G127/><T105/><D125/><U101/><E42/><V116/><F116/><W20/><G115/><T24/><D117/><U106/><E106/><V109/><F131/><W35/><G35/><T97/><D120/><U85/><E15/><V48/><F11/><W5/><G44/><T77/><D74/><U13/><E12/><V16/><F36/><W113/><G113/><T33/><D77/><U10/><E103/><V112/><F112/><W91/><G91/><T64/><D56/><U111/><E111/><V63/><F63/><W135/><G19/><T104/><D58/><U0/><E0/><V28/><F28/><W118/><G20/><T80/><D80/><U17/><E101/><V6/><F6/><W84/><G118/><T69/><D69/><U18/><REACH who="1" step="1"/><E27/><REACH who="1" ten="153,243,180,414" step="2"/><V119/><F119/><W57/><G73/><T40/><D40/><U34/><E34/><V78/><F110/><W14/><G14/><T3/><D3/><U1/><E1/><V55/><F109/><W75/><G75/><T129/><D105/><U122/><E122/><V107/><F107/><W123/><G123/><T32/><D32/><U29/><E29/><V132/><F43/><W25/><G25/><T72/><D72/><U90/><E90/><V66/><F37/><W30/><G30/><N who="0" m="19655" /><D129/><U46/><E46/><V83/><F47/><W54/><G5/><T45/><D45/><U108/><E108/><V9/><F78/><W114/><G4/><T51/><D51/><U38/><E38/><V31/><F50/><W7/><G7/><RYUUKYOKU ba="0,1" sc="153,15,243,15,180,-15,414,-15" hai0="52,53,60,64,70,94,96,97,102,104" hai1="10,13,17,18,21,26,59,62,68,71,85,89,92" />
</Scene>
<Scene>
<INIT seed="5,1,1,0,1,110" ten="168,258,165,399" oya="1" hai0="52,131,49,56,123,15,34,98,23,16,24,32,42" hai1="38,13,83,118,48,112,114,92,116,107,89,18,25" hai2="50,96,117,55,111,75,57,91,76,35,62,45,63" hai3="41,21,74,6,99,94,59,64,133,31,126,113,30"/><U40/><E107/><V14/><F111/><W3/><G74/><T10/><D131/><U130/><E38/><V104/><F117/><W90/><G133/><T105/><D123/><U73/><E25/><V44/><F35/><W37/><G126/><T0/><D0/><U43/><E130/><V124/><F124/><W11/><G113/><N who="1" m="43626" /><E83/><V81/><F45/><W125/><G125/><T1/><D1/><U33/><E33/><V106/><F62/><W97/><G97/><T46/><D98/><N who="1" m="57615" /><E73/><V9/><F91/><W20/><G37/><T51/><REACH who="0" step="1"/><D105/><REACH who="0" ten="158,258,165,399" step="2"/><U17/><E17/><AGARI ba="1,2" hai="10,15,16,17,23,24,32,34,42,46,49,51,52,56" machi="17" ten="30,8000,1" yaku="1,1,2,1,7,1,54,2,53,0" doraHai="110" doraHaiUra="27" who="0" fromWho="1" sc="158,103,258,-83,165,0,399,0" />
</Scene>
<Scene>
<INIT seed="6,0,0,0,5,132" ten="261,175,165,399" oya="2" hai0="13,42,113,131,118,125,103,17,79,97,99,110,35" hai1="133,55,75,78,20,9,104,92,68,106,2,91,52" hai2="51,50,49,77,102,58,74,62,21,135,84,81,24" hai3="7,11,26,54,5,69,43,29,130,61,14,124,41"/><V60/><F135/><W82/><G124/><T89/><D110/><U34/><E133/><V59/><F74/><W96/><G130/><T85/><D35/><U27/><E34/><V80/><F102/><W101/><G82/><T30/><D30/><U64/><E64/><V32/><F32/><W16/><G43/><T66/><D79/><U76/><E68/><V105/><F105/><W109/><G41/><T87/><D131/><U114/><E114/><V57/><REACH who="2" step="1"/><F81/><REACH who="2" ten="261,175,155,399" step="2"/><W116/><G109/><T39/><D103/><U95/><E75/><V31/><AGARI ba="0,1" hai="21,24,31,49,50,51,57,58,59,60,62,77,80,84" machi="31" ten="30,12000,1" yaku="1,1,2,1,0,1,8,1,53,1" doraHai="132" doraHaiUra="18" who="2" fromWho="2" sc="261,-40,175,-40,155,130,399,-40" />
</Scene>
<Scene>
<INIT seed="6,1,0,0,0,34" ten="221,135,285,359" oya="2" hai0="81,121,23,42,59,99,114,90,63,88,56,93,80" hai1="16,127,20,24,102,109,108,82,135,46,111,96,47" hai2="62,31,22,116,118,75,26,83,73,43,107,4,1" hai3="9,57,89,66,2,27,77,21,30,95,105,72,54"/><V65/><F107/><W125/><G105/><T6/><D121/><U122/><E122/><V10/><F43/><W133/><G133/><T25/><D114/><U117/><E117/><V11/><F11/><W7/><G66/><T48/><D6/><U44/><E135/><V79/><REACH who="2" step="1"/><F75/><REACH who="2" ten="221,135,275,359" step="2"/><W98/><G125/><T60/><D42/><U19/><E127/><V106/><F106/><W104/><G104/><T74/><D74/><U115/><E115/><V50/><F50/><W78/><G72/><T134/><D134/><U45/><N who="1" m="11264" /><DORA hai="91" /><U64/><E64/><V41/><F41/><W132/><G132/><T68/><D48/><AGARI ba="1,1" hai="2,7,9,21,27,30,48,54,57,77,78,89,95,98" machi="48" ten="30,3900,0" yaku="7,1,52,2" doraHai="34,91" who="3" fromWho="0" sc="221,-42,135,0,275,0,359,52" />
</Scene>
<Scene>
<INIT seed="7,0,0,3,5,46" ten="179,135,275,411" oya="3" hai0="4,29,49,33,108,9,58,1,121,31,77,125,6" hai1="90,50,129,107,79,14,40,64,71,102,65,45,76" hai2="72,42,128,18,118,8,17,56,22,110,23,69,74" hai3="38,32,44,39,81,87,2,83,85,84,11,59,86"/><W26/><G59/><T82/><D108/><U47/><E129/><V63/><F56/><W73/><G85/><T88/><D121/><U7/><E71/><V13/><F63/><W57/><G57/><T78/><D125/><U36/><E107/><V93/><F42/><W10/><G86/><N who="0" m="50263" /><D1/><U52/><E102/><V101/><F93/><W130/><G130/><T112/><D33/><U115/><E115/><V119/><F101/><W37/><G44/><T104/><D104/><U12/><E90/><V117/><F69/><W131/><G131/><T24/><D112/><U34/><E34/><V35/><F128/><W97/><G97/><T53/><D24/><U135/><E135/><V3/><F74/><W105/><G105/><T96/><D96/><U113/><E113/><V16/><F72/><W55/><G55/><T100/><D100/><U92/><E92/><V21/><F110/><W94/><G94/><T75/><D75/><U28/><E28/><N who="0" m="10825" /><D9/><U127/><E127/><V120/><F120/><W103/><G103/><T62/><D62/><U89/><E89/><V19/><F3/><W114/><G114/><T67/><D67/><U123/><E123/><V5/><N who="2" m="4096" /><DORA hai="106" /><V133/><F133/><W51/><G73/><T70/><D70/><U122/><E122/><V124/><F124/><W134/><G134/><T116/><D116/><U43/><E43/><V91/><F91/><W66/><G2/><T80/><D80/><U48/><E36/><V15/><F15/><N who="1" m="5673" /><E7/><AGARI ba="0,0" hai="4,6,7,49,53,58,77,78" m="10825,50263" machi="7" ten="30,3900,0" yaku="8,1,52,1,54,1" doraHai="46,106" who="0" fromWho="1" sc="179,39,135,-39,275,0,411,0" owari="218,-18.0,96,-40.0,275,8.0,411,50.0" />
</Scene>
</mjloggm>