<mjloggm ver="2.3"><GO type="169" lobby="0"/><UN n0="%41%53%41%50%49%4E" n1="%73%65%61%2D%6D%61%6E%32" n2="%E3%81%98%E3%81%9A%E3%83%BC" n3="%E3%81%99%E3%81%9F%E3%83%BC%E3%82%89%E3%81%84%E3%81%A8%E3%81%B3%E3%83%BC" dan="19,16,16,18" rate="2278.55,2030.02,2148.35,2178.84" sx="M,M,M,F"/><TAIKYOKU oya="0"/>

<Scene>
<INIT seed="0,0,0,1,0,109" ten="250,250,250,250" oya="0" hai0="39,73,75,91,37,105,74,72,80,108,57,92,62" hai1="48,69,70,36,60,77,24,111,123,124,45,63,19" hai2="83,114,7,100,22,38,89,53,122,25,30,93,43" hai3="78,15,59,86,120,12,41,17,79,85,2,18,102"/><T133/><D105/><U14/><E123/><V129/><F122/><W130/><G120/><T113/><D113/><U103/><E111/><V4/><F129/><W64/><G2/><T65/><D108/><U90/><E124/><V87/><F38/><W50/><G102/><T68/><D133/><U126/><E103/><V127/><F43/><W5/><G130/><T10/><D68/><U95/><E126/><V56/><F114/><W110/><G110/><T84/><N who="0" m="18432" /><DORA hai="44" /><T61/><D61/><U132/><E77/><V51/><F127/><W0/><G0/><T112/><D112/><U76/><E76/><V121/><F121/><W3/><G3/><T94/><REACH who="0" step="1"/><D10/><REACH who="0" ten="240,250,250,250" step="2"/><U118/><E63/><V46/><F56/><W71/><G59/><T29/><D29/><U117/><E60/><V116/><F30/><W11/><G71/><T33/><D33/><U27/><E132/><V47/><F22/><W88/><G5/><T34/><D34/><U52/><E70/><V128/><F7/><W28/><G28/><T16/><D16/><U6/><E69/><V119/><F4/><W42/><G11/><T96/><D96/><N who="1" m="57463" /><E6/><V23/><F128/><W107/><G107/><T21/><D21/><U81/><E118/><V67/><F23/><W20/><G20/><T32/><D32/><U8/><E117/><V131/><F131/><W125/><G125/><T1/><D1/><U101/><E19/><V104/><F104/><W58/><G58/><T66/><D66/><U115/><E8/><V54/><F67/><W135/><G64/><T9/><D9/><U13/><E115/><RYUUKYOKU ba="0,1" sc="240,30,250,-10,250,-10,250,-10" hai0="37,39,57,62,65,80,84,91,92,94" />
</Scene>
<Scene>
<INIT seed="0,1,1,5,1,114" ten="270,240,240,240" oya="0" hai0="21,88,48,99,4,130,42,83,24,64,20,2,39" hai1="62,32,69,90,6,104,73,17,22,120,103,111,14" hai2="15,112,71,1,70,58,122,52,41,72,7,3,40" hai3="105,65,13,110,95,74,5,85,35,91,63,53,50"/><T67/><D39/><U113/><E120/><V134/><F112/><W16/><G35/><T127/><D130/><U11/><E113/><V75/><F122/><W27/><G110/><T86/><D127/><U18/><E111/><V49/><F134/><W43/><G105/><T135/><D135/><U81/><E32/><V108/><F108/><W128/><G74/><T102/><D21/><U78/><E104/><V97/><F97/><W133/><G43/><T46/><D4/><U51/><E103/><V76/><F15/><W118/><G128/><T44/><D44/><U54/><E90/><V126/><F126/><W87/><G5/><T12/><D12/><U93/><E93/><V92/><F92/><W109/><G27/><T84/><D84/><U8/><E62/><V30/><F30/><W45/><G133/><T26/><D2/><U80/><E80/><V96/><F96/><W132/><G109/><T121/><D121/><U25/><E69/><V34/><F34/><W100/><G132/><T66/><REACH who="0" step="1"/><D20/><REACH who="0" ten="260,240,240,240" step="2"/><U47/><E11/><V55/><F7/><W79/><G87/><T0/><D0/><U101/><REACH who="1" step="1"/><E101/><REACH who="1" ten="260,230,240,240" step="2"/><V117/><F3/><W28/><G100/><T57/><D57/><U123/><E123/><V31/><F58/><W10/><G10/><T119/><D119/><U125/><E125/><V115/><F117/><W36/><G118/><T61/><D61/><U38/><E38/><V124/><F124/><W23/><G36/><T59/><D59/><U129/><E129/><V131/><F131/><W116/><G116/><T68/><D68/><N who="2" m="26154" /><F115/><W106/><G63/><RYUUKYOKU ba="1,3" sc="260,15,230,15,240,-15,240,-15" hai0="24,26,42,46,48,64,66,67,83,86,88,99,102" hai1="6,8,14,17,18,22,25,47,51,54,73,78,81" />
</Scene>
<Scene>
<INIT seed="0,2,3,0,2,134" ten="275,245,225,225" oya="0" hai0="99,114,132,2,108,123,45,44,56,75,35,92,50" hai1="82,54,21,27,15,88,105,89,77,117,51,6,135" hai2="125,65,39,106,111,20,24,18,100,31,97,94,10" hai3="8,34,53,74,7,19,30,71,12,47,121,120,102"/><T48/><D114/><U131/><E117/><V124/><F111/><W60/><G74/><T41/><D123/><U59/><E135/><V103/><F39/><W84/><G102/><T11/><D75/><U129/><E105/><V113/><F113/><W28/><G34/><T17/><D35/><U64/><E64/><V46/><F46/><W3/><G84/><T36/><D132/><U63/><E63/><V42/><F42/><W109/><G109/><T130/><D108/><U110/><E110/><V118/><F118/><W13/><G3/><T23/><D130/><N who="1" m="49675" /><E15/><V90/><F65/><W95/><G95/><T49/><D56/><U29/><E6/><V101/><F106/><W96/><G96/><T126/><D11/><U43/><E43/><V38/><F38/><W91/><G91/><T79/><D79/><U122/><E122/><N who="3" m="47210" /><G71/><T61/><D2/><U37/><E37/><V107/><F107/><W70/><G70/><T73/><D36/><U40/><E40/><V0/><F0/><W68/><G68/><T14/><D41/><U86/><AGARI ba="2,3" hai="21,27,29,51,54,59,77,82,86,88,89" m="49675" machi="86" ten="30,2000,0" yaku="19,1,54,1" doraHai="134" who="1" fromWho="1" sc="275,-12,245,56,225,-7,225,-7" />
</Scene>
<Scene>
<INIT seed="1,0,0,4,2,81" ten="263,301,218,218" oya="1" hai0="98,11,3,114,21,44,38,36,19,94,2,68,86" hai1="0,129,51,134,99,53,28,27,40,10,100,7,85" hai2="23,67,73,124,24,119,108,131,62,47,12,32,65" hai3="72,22,83,43,101,64,88,17,121,122,75,29,135"/><U125/><E134/><V6/><F119/><W1/><G1/><T46/><D114/><U107/><E129/><V76/><F131/><W59/><G43/><T33/><D33/><U41/><E125/><V102/><F32/><W61/><G29/><T58/><D68/><U39/><E39/><V95/><F108/><W4/><G4/><T69/><D69/><U130/><E130/><V14/><F73/><W77/><G135/><T116/><D116/><U54/><E85/><V84/><F47/><W63/><G101/><T103/><D44/><U8/><E10/><V89/><F6/><W37/><G72/><T57/><D11/><U92/><E107/><V112/><F112/><W74/><G74/><T91/><D3/><U79/><E79/><V70/><F67/><W128/><G37/><T126/><D2/><U15/><E0/><V90/><F76/><W18/><G128/><T55/><D58/><N who="1" m="33087" /><E54/><V48/><F124/><W35/><G35/><T49/><D46/><U31/><E27/><V118/><F118/><W13/><G63/><T93/><REACH who="0" step="1"/><D126/><REACH who="0" ten="253,301,218,218" step="2"/><U111/><E111/><V78/><F70/><W34/><G34/><T26/><AGARI ba="0,1" hai="19,21,26,36,38,49,55,57,86,91,93,94,98,103" machi="26" ten="20,12000,2" yaku="1,1,2,1,0,1,7,1,52,1,53,1" doraHai="81" doraHaiUra="96" who="0" fromWho="0" sc="253,130,301,-60,218,-30,218,-30" />
</Scene>
<Scene>
<INIT seed="2,0,0,3,1,75" ten="383,241,188,188" oya="2" hai0="74,40,80,47,128,1,123,26,97,66,21,68,96" hai1="61,25,57,10,113,95,105,122,87,48,114,89,54" hai2="118,69,71,37,127,18,130,11,112,4,125,5,79" hai3="116,14,23,20,7,102,111,45,124,62,126,8,64"/><V77/><F37/><W93/><G116/><T9/><D123/><U106/><E122/><V51/><F118/><W15/><G111/><T58/><D68/><U82/><E106/><V36/><F36/><W119/><G119/><T100/><D128/><U53/><E105/><V92/><F112/><W120/><G120/><T50/><D100/><U83/><E113/><V115/><F115/><W134/><G134/><T101/><D101/><U94/><E114/><V43/><F92/><W132/><G132/><T60/><D1/><U52/><E94/><V30/><F30/><W2/><G45/><T44/><D9/><U33/><E10/><V103/><F103/><W90/><G102/><T84/><D47/><U107/><E107/><V104/><F104/><W16/><G23/><T27/><D74/><U49/><E33/><V39/><F39/><W63/><G2/><T88/><REACH who="0" step="1"/><D27/><REACH who="0" ten="373,241,188,188" step="2"/><U59/><E25/><V110/><F130/><W65/><G126/><N who="2" m="48137" /><F71/><W109/><G124/><T12/><D12/><U38/><E38/><V98/><F69/><W67/><REACH who="3" step="1"/><G109/><REACH who="3" ten="373,241,188,178" step="2"/><T24/><D24/><U78/><E59/><V117/><F117/><W29/><G29/><AGARI ba="0,2" hai="21,26,29,40,44,50,58,60,66,80,84,88,96,97" machi="29" ten="30,7700,0" yaku="1,1,7,1,8,1,54,1,53,0" doraHai="75" doraHaiUra="35" who="0" fromWho="3" sc="373,97,241,0,188,0,178,-77" />
</Scene>
<Scene>
<INIT seed="3,0,0,1,0,127" ten="470,241,188,101" oya="3" hai0="61,134,45,70,75,33,18,118,76,132,69,24,3" hai1="59,58,38,21,17,51,113,30,128,126,86,102,29" hai2="40,67,131,124,41,16,110,98,6,94,105,47,89" hai3="117,15,92,81,37,73,93,10,82,11,31,103,62"/><W1/><G117/><T22/><D118/><U106/><E126/><V9/><F124/><W46/><G31/><T49/><D3/><U119/><E38/><V36/><F105/><W95/><G103/><T125/><D125/><U13/><E113/><V12/><F110/><W32/><G32/><T88/><D33/><U19/><E119/><V78/><F78/><W26/><G26/><T84/><D76/><U7/><E106/><V90/><F41/><W133/><G133/><N who="0" m="51307" /><D61/><U54/><E102/><V121/><F121/><W130/><G73/><T109/><D75/><U114/><E7/><V101/><F131/><W8/><G130/><T100/><D100/><U111/><E128/><V99/><F98/><W44/><G1/><T108/><D70/><U107/><E107/><V115/><F115/><W71/><G37/><T120/><D69/><U87/><E111/><V48/><F36/><W50/><G15/><T65/><D65/><U14/><E114/><V55/><F67/><W60/><G71/><T68/><D68/><U77/><E77/><V2/><REACH who="2" step="1"/><F40/><REACH who="2" ten="470,241,178,101" step="2"/><W97/><G97/><T0/><D120/><U28/><REACH who="1" step="1"/><E59/><REACH who="1" ten="470,231,178,101" step="2"/><V104/><F104/><W56/><G56/><T57/><D57/><U43/><E43/><V74/><F74/><W72/><G72/><T25/><D108/><U96/><E96/><V112/><F112/><W80/><G46/><T4/><D109/><U122/><E122/><V116/><F116/><W23/><G23/><AGARI ba="0,2" hai="13,14,17,19,21,23,28,29,30,51,54,58,86,87" machi="23" ten="40,8000,1" yaku="1,1,9,1,8,1,53,1" doraHai="127" doraHaiUra="52" who="1" fromWho="3" sc="470,0,231,100,178,0,101,-80" /><AGARI ba="0,0" hai="2,6,9,12,16,23,47,48,55,89,90,94,99,101" machi="23" ten="30,3900,0" yaku="1,1,7,1,54,1,53,0" doraHai="127" doraHaiUra="52" who="2" fromWho="3" sc="470,0,331,0,178,39,21,-39" owari="470,57.0,331,13.0,217,-18.0,-18,-52.0" />
</Scene>
</mjloggm>