<mjloggm ver="2.3"><GO type="169" lobby="0"/><UN n0="%6B%65%72%6F%62%6F%75" n1="%E6%B0%97%E6%A5%BD%E3%81%AB%E6%89%93%E3%81%A4" n2="%41%53%41%50%49%4E" n3="%E6%AD%A6%E5%A3%AB%E6%B2%A2%E7%A7%80%E8%A1%8C" dan="16,16,19,16" rate="2152.35,2157.98,2250.98,2122.19" sx="M,M,M,M"/><TAIKYOKU oya="0"/>

<Scene>
<INIT seed="0,0,0,0,5,82" ten="250,250,250,250" oya="0" hai0="3,80,65,35,14,86,93,71,10,132,11,105,66" hai1="29,25,19,52,68,40,34,104,129,92,73,54,85" hai2="101,1,76,23,91,124,121,118,95,45,2,125,62" hai3="28,0,32,33,94,108,112,110,72,61,102,78,59"/><T55/><D105/><U117/><E117/><V4/><F121/><W43/><G112/><T24/><D132/><U74/><E129/><V13/><F118/><W130/><G0/><T9/><D3/><U99/><E68/><V126/><F101/><W109/><G130/><T44/><D71/><U123/><E123/><V39/><F76/><W58/><G43/><T12/><D35/><N who="3" m="13385" /><G28/><T90/><D24/><U128/><E128/><V41/><F62/><W49/><G49/><N who="0" m="29095" /><D93/><U26/><E40/><V111/><F2/><W51/><G51/><T37/><D37/><U27/><E34/><V77/><F1/><W56/><G78/><T106/><D106/><U7/><E29/><V84/><F77/><W18/><G72/><T113/><D113/><U5/><E73/><V120/><F120/><W97/><G18/><N who="0" m="8463" /><D11/><U42/><E74/><V79/><F79/><W30/><G30/><T122/><D122/><U75/><E75/><V17/><F4/><AGARI ba="0,0" hai="4,10,14,65,66,80,86,90" m="8463,29095" machi="4" ten="30,5800,0" yaku="25,1,8,1,52,1" doraHai="82" who="0" fromWho="2" sc="250,58,250,0,250,-58,250,0" />
</Scene>
<Scene>
<INIT seed="0,1,0,0,2,10" ten="308,250,192,250" oya="0" hai0="59,99,41,68,93,116,60,43,85,19,39,47,56" hai1="77,129,50,21,92,12,1,24,11,96,6,95,113" hai2="17,101,13,18,132,58,53,127,45,79,48,100,30" hai3="54,98,90,108,40,52,84,94,88,128,55,51,23"/><T75/><D75/><U9/><E129/><V73/><F132/><W117/><G128/><T126/><D116/><U80/><E113/><V123/><F123/><W133/><G117/><T76/><D126/><U74/><E50/><V33/><F127/><W34/><G34/><T89/><D43/><U27/><E21/><V106/><F106/><W122/><G122/><T3/><D3/><U64/><E64/><V71/><F71/><W124/><G124/><T49/><D39/><U114/><E114/><V36/><F18/><W57/><G133/><T69/><D59/><U91/><REACH who="1" step="1"/><E95/><REACH who="1" ten="308,240,192,250" step="2"/><V83/><F33/><W32/><G32/><T16/><D69/><U61/><E61/><V107/><F107/><W14/><G108/><T31/><D68/><U109/><E109/><V82/><F30/><W8/><G40/><T130/><D130/><U35/><E35/><V44/><F36/><W103/><G23/><T37/><D31/><U72/><E72/><V111/><F111/><W29/><G29/><T112/><D112/><U0/><E0/><V15/><F58/><W87/><G57/><T118/><D118/><U104/><E104/><V70/><F70/><W81/><G51/><T62/><D37/><U120/><E120/><V119/><F119/><W121/><G121/><T46/><D62/><U102/><E102/><V86/><F45/><W20/><G20/><T67/><D47/><U131/><E131/><V115/><F115/><W134/><G134/><T4/><D4/><AGARI ba="1,1" hai="1,4,6,9,11,12,24,27,74,77,80,91,92,96" machi="4" ten="30,7700,0" yaku="1,1,7,1,52,1,53,1" doraHai="10" doraHaiUra="105" who="1" fromWho="0" sc="308,-80,240,90,192,0,250,0" />
</Scene>
<Scene>
<INIT seed="1,0,0,3,5,83" ten="228,330,192,250" oya="1" hai0="14,100,0,41,49,29,27,53,132,84,69,120,98" hai1="11,102,37,112,129,52,124,110,99,119,80,7,6" hai2="81,96,109,56,97,66,94,47,93,62,28,57,33" hai3="5,122,2,67,68,30,48,65,40,135,71,51,21"/><U121/><E119/><V128/><F109/><W134/><G5/><T13/><D0/><U117/><E117/><V43/><F128/><W26/><G2/><T130/><D69/><N who="3" m="26697" /><G122/><T74/><D74/><U36/><E121/><V35/><F57/><W8/><G8/><T127/><D130/><U60/><E129/><V70/><F70/><W131/><G131/><T24/><D120/><U9/><E110/><V17/><F28/><W4/><G4/><T20/><D132/><N who="3" m="50729" /><G40/><T87/><D127/><U79/><E124/><V19/><F33/><W58/><G67/><T10/><D41/><U101/><E9/><V54/><F35/><W92/><G92/><N who="0" m="58439" /><D27/><U116/><E116/><V3/><F3/><W55/><G65/><T108/><D108/><U85/><E112/><V38/><F66/><W133/><N who="3" m="50737" /><W126/><DORA hai="16" /><G126/><T39/><D39/><U1/><E6/><V44/><F43/><W12/><G12/><N who="0" m="4715" /><D10/><U91/><E36/><V90/><F38/><W78/><G78/><T34/><D34/><U59/><REACH who="1" step="1"/><E37/><REACH who="1" ten="228,320,192,250" step="2"/><V64/><F96/><W114/><G114/><T115/><D115/><U77/><E77/><V106/><F97/><W104/><G104/><T111/><D111/><U42/><E42/><V76/><F106/><W89/><G89/><T86/><D49/><AGARI ba="0,1" hai="21,26,30,48,49,51,55,58" m="50737,26697" machi="49" ten="50,3200,0" yaku="20,1,52,1" doraHai="83,16" who="3" fromWho="0" sc="228,-32,320,0,192,0,250,42" />
</Scene>
<Scene>
<INIT seed="2,0,0,2,5,129" ten="196,320,192,292" oya="2" hai0="128,17,119,71,130,6,18,13,80,114,56,65,104" hai1="0,94,32,35,95,93,111,135,31,47,27,101,118" hai2="103,89,62,44,90,102,88,52,39,4,113,64,36" hai3="124,91,66,116,5,11,15,92,115,57,120,127,81"/><V53/><F113/><W74/><G120/><T29/><D119/><U107/><E118/><V28/><F28/><W26/><G116/><T106/><D114/><U96/><E111/><V67/><F4/><W76/><G115/><T131/><D71/><U33/><E0/><V99/><F99/><W54/><G26/><T42/><D29/><U45/><REACH who="1" step="1"/><E135/><REACH who="1" ten="196,310,192,292" step="2"/><V63/><F89/><W112/><G112/><T86/><D131/><U20/><AGARI ba="0,1" hai="20,27,31,32,33,35,45,47,93,94,95,96,101,107" machi="20" ten="40,5200,0" yaku="1,1,2,1,0,1,53,0" doraHai="129" doraHaiUra="122" who="1" fromWho="1" sc="196,-13,310,62,192,-26,292,-13" />
</Scene>
<Scene>
<INIT seed="3,0,0,1,3,70" ten="183,372,166,279" oya="3" hai0="9,81,52,127,74,126,50,96,21,105,37,106,93" hai1="48,102,40,34,6,57,19,68,99,3,111,41,27" hai2="108,28,30,119,20,134,16,61,49,31,1,82,55" hai3="29,10,95,17,110,133,124,25,84,5,91,114,90"/><W63/><G114/><T14/><D21/><U123/><E123/><V120/><F119/><W42/><G110/><T88/><D74/><U15/><E111/><V18/><F108/><W62/><G133/><T13/><D81/><U101/><E68/><V58/><F1/><W103/><G124/><N who="0" m="47659" /><D37/><U87/><E34/><V46/><F134/><W85/><G103/><T89/><D89/><U79/><E102/><V66/><F120/><W4/><G42/><T53/><D53/><U26/><E41/><V2/><F2/><W38/><G38/><T132/><D132/><U86/><E40/><V33/><F33/><W100/><G100/><T59/><D13/><U24/><E15/><V75/><F20/><N who="3" m="13455" /><G29/><T128/><D128/><U117/><E101/><V121/><F121/><W73/><G73/><T125/><N who="0" m="47667" /><T131/><DORA hai="135" /><D131/><U72/><E72/><V47/><F75/><W39/><G39/><T44/><D44/><U98/><E117/><V77/><F82/><N who="3" m="49431" /><G4/><AGARI ba="0,0" hai="4,9,14,50,52,59,88,93,96,105,106" m="47667" machi="4" ten="40,12000,2" yaku="18,1,52,4,54,2" doraHai="70,135" who="0" fromWho="3" sc="183,120,372,0,166,0,279,-120" />
</Scene>
<Scene>
<INIT seed="4,0,0,2,2,6" ten="303,372,166,159" oya="0" hai0="69,104,76,18,40,4,124,82,36,117,79,94,11" hai1="55,81,73,115,133,51,49,90,80,84,26,63,72" hai2="7,38,28,19,62,95,118,103,53,109,122,99,5" hai3="96,128,3,134,45,91,92,12,20,83,31,120,39"/><T10/><D117/><U30/><E133/><V89/><F109/><W126/><G134/><T27/><D69/><U108/><E108/><V14/><F38/><W41/><G128/><T112/><D104/><U135/><E135/><V70/><F122/><W114/><G120/><T58/><D58/><U23/><E115/><V127/><F118/><W17/><G114/><T57/><D112/><U61/><E49/><V64/><F127/><W32/><G126/><T131/><D124/><U132/><E132/><V35/><F53/><W44/><G3/><T123/><D123/><U125/><E125/><V116/><F116/><W71/><G71/><T52/><D131/><U129/><E129/><V2/><F2/><W48/><G32/><T65/><D65/><U130/><E130/><V110/><F110/><W8/><G83/><N who="1" m="31818" /><E72/><V21/><F28/><W97/><G31/><T113/><D36/><U9/><E9/><N who="0" m="3081" /><D4/><U78/><E78/><N who="0" m="29737" /><D40/><U98/><E73/><V50/><F35/><W46/><G39/><T0/><D0/><U102/><E61/><V37/><F50/><W93/><G20/><N who="0" m="13719" /><D82/><N who="1" m="49431" /><E63/><V74/><F37/><W105/><G105/><T87/><D113/><U75/><E75/><V88/><F74/><W85/><G93/><T56/><D52/><U66/><E66/><V77/><F77/><W47/><AGARI ba="0,0" hai="8,12,17,41,44,45,46,47,48,85,91,92,96,97" machi="47" ten="30,4000,0" yaku="0,1,8,1,52,1" doraHai="6" who="3" fromWho="3" sc="303,-20,372,-10,166,-10,159,40" />
</Scene>
<Scene>
<INIT seed="5,0,0,5,3,0" ten="283,362,156,199" oya="1" hai0="48,44,99,79,69,2,135,96,129,131,13,63,42" hai1="5,106,37,10,80,25,119,90,127,28,89,53,59" hai2="17,87,121,95,54,134,72,12,78,82,65,76,30" hai3="123,114,40,105,73,118,67,130,7,75,103,98,83"/><U51/><E119/><V26/><F121/><W6/><G123/><T126/><D2/><U45/><E127/><V62/><F134/><W115/><G118/><T112/><D135/><U111/><E111/><V125/><F125/><W108/><G108/><T86/><D126/><U64/><E106/><V122/><F122/><W1/><G130/><N who="0" m="49675" /><D112/><N who="3" m="43049" /><G67/><N who="0" m="41215" /><D13/><U3/><E80/><AGARI ba="0,0" hai="42,44,48,79,80,86,96,99" m="41215,49675" machi="80" ten="30,1000,0" yaku="19,1" doraHai="0" who="0" fromWho="1" sc="283,10,362,-10,156,0,199,0" />
</Scene>
<Scene>
<INIT seed="6,0,0,3,1,47" ten="293,352,156,199" oya="2" hai0="30,40,60,42,95,18,90,67,73,26,87,59,32" hai1="15,65,81,2,8,16,48,23,72,130,53,45,105" hai2="35,103,108,58,112,1,88,101,61,7,86,10,78" hai3="63,96,14,39,13,80,68,28,34,20,119,22,100"/><V56/><F35/><W91/><G39/><T129/><D73/><U43/><E130/><V135/><F112/><W5/><G119/><T27/><D129/><U134/><E134/><V62/><F135/><W97/><G34/><T4/><REACH who="0" step="1"/><D4/><REACH who="0" ten="283,352,156,199" step="2"/><U122/><E122/><V17/><F108/><W83/><G5/><T89/><D89/><U85/><E72/><V110/><F110/><W38/><G91/><T77/><D77/><N who="1" m="46255" /><E2/><V50/><F78/><W123/><G123/><T69/><D69/><U9/><E105/><V128/><F128/><W132/><G68/><T74/><D74/><U24/><E65/><V6/><F6/><W41/><G132/><T94/><D94/><U111/><E111/><V64/><F17/><W12/><G80/><T109/><D109/><U46/><E24/><V33/><F33/><W116/><G83/><T113/><D113/><U29/><E29/><V31/><F31/><W0/><G28/><T75/><D75/><U117/><E117/><V131/><F131/><W3/><G116/><T52/><D52/><U55/><E53/><V37/><F7/><W79/><G79/><T71/><D71/><U51/><AGARI ba="0,1" hai="8,9,15,16,23,43,45,46,48,51,55" m="46255" machi="51" ten="30,7900,0" yaku="8,1,52,2,54,1" doraHai="47" who="1" fromWho="1" sc="283,-20,352,89,156,-39,199,-20" />
</Scene>
<Scene>
<INIT seed="7,0,0,5,0,133" ten="263,441,117,179" oya="3" hai0="39,82,6,92,16,12,49,15,50,76,29,43,17" hai1="132,40,34,38,42,23,47,21,10,85,123,79,60" hai2="103,127,57,2,1,112,86,13,28,100,69,31,114" hai3="3,14,45,107,22,0,55,106,30,131,120,20,54"/><W119/><G120/><T130/><D130/><U83/><E123/><V111/><F57/><W52/><G131/><T124/><D124/><U126/><E126/><V61/><F13/><W115/><G14/><T81/><D39/><U26/><E132/><V41/><F86/><W27/><G119/><T113/><D113/><N who="2" m="43626" /><F61/><W128/><G128/><T19/><D29/><N who="2" m="11338" /><F41/><W4/><G115/><T32/><D32/><U97/><E40/><V9/><F9/><W125/><G125/><T77/><D92/><U65/><E10/><V63/><F63/><W70/><G70/><T96/><D96/><U36/><E36/><V94/><F127/><W104/><G22/><T8/><D15/><U122/><E122/><V117/><F94/><W11/><REACH who="3" step="1"/><G3/><REACH who="3" ten="263,441,117,169" step="2"/><N who="2" m="1033" /><F69/><W56/><G56/><T72/><D43/><U59/><E21/><V7/><F7/><W102/><G102/><N who="2" m="38953" /><F111/><W98/><G98/><T68/><D68/><U129/><E129/><V25/><F25/><W44/><AGARI ba="0,1" hai="0,4,11,20,27,30,44,45,52,54,55,104,106,107" machi="44" ten="40,12000,1" yaku="1,1,0,1,54,1,53,1" doraHai="133" doraHaiUra="24" who="3" fromWho="3" sc="263,-40,441,-40,117,-40,169,130" />
</Scene>
<Scene>
<INIT seed="7,1,0,4,3,42" ten="223,401,77,299" oya="3" hai0="39,72,111,117,2,87,130,48,44,108,75,80,68" hai1="14,129,110,121,31,41,77,10,43,8,109,106,32" hai2="15,62,55,49,46,54,83,89,66,29,37,36,135" hai3="115,16,57,78,22,79,60,107,24,119,1,53,131"/><W82/><G119/><T0/><D117/><U59/><E121/><V20/><F15/><W96/><G131/><T128/><D68/><U23/><E129/><N who="0" m="49769" /><D39/><N who="2" m="14922" /><F20/><W34/><G115/><T56/><D56/><U4/><E106/><V116/><F89/><W47/><G34/><T28/><D28/><U85/><E32/><V120/><F83/><W95/><G1/><N who="0" m="619" /><D80/><N who="1" m="47247" /><E109/><N who="0" m="42057" /><D87/><U9/><E110/><V58/><F29/><W19/><G107/><T105/><D105/><U61/><E41/><AGARI ba="1,0" hai="41,44,48,72,75" m="42057,619,49769" machi="41" ten="40,2600,0" yaku="19,1,52,1" doraHai="42" who="0" fromWho="1" sc="223,29,401,-29,77,0,299,0" owari="252,-15.0,372,47.0,77,-42.0,299,10.0" />
</Scene>
</mjloggm>