<mjloggm ver="2.3"><GO type="169" lobby="0"/><UN n0="%41%53%41%50%49%4E" n1="%7A%6B%75%72%74" n2="%EF%BC%BC%28%EF%BC%BE%6F%EF%BC%BE%29%EF%BC%8F%E2%98%85" n3="%E6%9C%88%E9%95%B7%E7%9F%B3" dan="19,16,17,16" rate="2261.87,2090.41,2144.98,2103.24" sx="M,M,M,M"/><TAIKYOKU oya="0"/>

<Scene>
<INIT seed="0,0,0,2,0,111" ten="250,250,250,250" oya="0" hai0="66,117,18,126,101,102,64,10,110,11,22,32,104" hai1="13,17,78,134,96,27,121,5,7,94,98,46,131" hai2="132,113,2,24,43,51,48,82,106,38,12,86,129" hai3="44,130,33,116,75,54,103,52,99,47,135,93,108"/><T37/><D117/><U59/><E121/><V8/><F12/><W45/><G108/><T34/><D110/><U41/><E131/><V76/><F106/><W90/><G116/><T70/><D37/><U88/><E134/><V92/><F132/><W125/><G75/><T60/><D126/><U20/><E78/><V57/><F129/><W84/><G135/><T105/><D60/><U128/><E128/><V71/><F71/><W0/><G33/><T95/><D95/><U4/><E59/><V25/><F38/><W87/><G125/><T85/><D85/><U122/><E122/><V58/><F92/><W36/><G0/><T133/><D133/><U74/><E74/><V16/><F2/><W14/><G36/><T6/><D18/><U115/><E115/><V118/><F113/><W50/><G130/><T109/><D109/><U40/><E46/><N who="2" m="25695" /><F118/><W119/><G119/><T81/><D22/><N who="1" m="11567" /><E96/><V77/><F76/><W80/><G84/><T3/><D3/><U23/><E23/><N who="2" m="13415" /><F8/><W30/><G30/><AGARI ba="0,0" hai="4,5,7,20,27,30,40,41,88,94,98" m="11567" machi="30" ten="30,2000,0" yaku="8,1,54,1" doraHai="111" who="1" fromWho="3" sc="250,0,250,20,250,0,250,-20" />
</Scene>
<Scene>
<INIT seed="1,0,0,5,4,25" ten="250,270,250,230" oya="1" hai0="36,123,30,104,4,97,5,114,84,29,73,44,121" hai1="17,38,52,0,131,60,65,2,80,112,16,43,55" hai2="62,53,35,109,48,77,129,57,118,128,33,74,31" hai3="94,32,7,89,22,70,50,125,54,26,75,96,100"/><U51/><E112/><V107/><F118/><W28/><G75/><T86/><D114/><U1/><E131/><V116/><F116/><W66/><G125/><T92/><D73/><U133/><E133/><V90/><F107/><W134/><G134/><T19/><D104/><U18/><E80/><V23/><F109/><W11/><G32/><T76/><D19/><U103/><E103/><V85/><F77/><W56/><G70/><T9/><D44/><U130/><E130/><N who="2" m="50283" /><F74/><W122/><G122/><N who="0" m="46603" /><D36/><U69/><REACH who="1" step="1"/><E51/><REACH who="1" ten="250,260,250,230" step="2"/><V120/><F48/><W64/><REACH who="3" step="1"/><G100/><REACH who="3" ten="250,260,250,220" step="2"/><N who="0" m="60455" /><D76/><U47/><AGARI ba="0,2" hai="0,1,2,16,17,18,38,43,47,52,55,60,65,69" machi="47" ten="40,12000,1" yaku="1,1,0,1,54,2,53,0" doraHai="25" doraHaiUra="110" who="1" fromWho="1" sc="250,-40,260,140,250,-40,220,-40" />
</Scene>
<Scene>
<INIT seed="1,1,0,1,3,108" ten="210,400,210,180" oya="1" hai0="31,36,113,106,74,3,34,37,124,7,64,133,128" hai1="94,117,89,111,93,66,134,54,6,112,130,91,125" hai2="23,109,85,10,99,123,19,30,12,15,44,81,132" hai3="41,58,116,45,79,105,119,65,17,27,67,50,118"/><U114/><E117/><V11/><F109/><W110/><G105/><T68/><D64/><U55/><E111/><V48/><F132/><W77/><G110/><T4/><D31/><U42/><E66/><N who="3" m="25098" /><G58/><T63/><D63/><U22/><E42/><V70/><F70/><W95/><G95/><T122/><D68/><U56/><E134/><V14/><F123/><W52/><G41/><T97/><D3/><U25/><E6/><V61/><F61/><W86/><G86/><T107/><D97/><U115/><E130/><V90/><F99/><W24/><G24/><T26/><D26/><U39/><E39/><V75/><F75/><W35/><G35/><T84/><D74/><U103/><E103/><V33/><F33/><W87/><G87/><T96/><D84/><U100/><E100/><V5/><F30/><W129/><G129/><T9/><D96/><U46/><E46/><V72/><F72/><W53/><G53/><T127/><D34/><U80/><E80/><V104/><F104/><W13/><G27/><T38/><D38/><U43/><E43/><V29/><F29/><W78/><G78/><T57/><D133/><U101/><E101/><V73/><F73/><W0/><G0/><T2/><D2/><U126/><E115/><V16/><F44/><W88/><G88/><T120/><D128/><U121/><E56/><V60/><F60/><W131/><G131/><T69/><D57/><U28/><E28/><V18/><F48/><W40/><G40/><T20/><D69/><U102/><E102/><V51/><F51/><W8/><AGARI ba="1,0" hai="8,13,17,45,50,52,77,79,116,118,119" m="25098" machi="8" ten="40,2700,0" yaku="12,1,54,1" doraHai="108" who="3" fromWho="3" sc="210,-8,400,-14,210,-8,180,30" />
</Scene>
<Scene>
<INIT seed="2,0,0,5,4,5" ten="202,386,202,210" oya="2" hai0="66,48,57,97,65,94,120,61,69,63,128,117,98" hai1="135,67,80,132,19,64,133,30,82,72,131,71,49" hai2="34,73,74,109,40,115,127,9,17,68,24,81,36" hai3="91,56,78,134,114,90,16,77,46,14,1,121,85"/><V118/><F115/><W86/><G1/><T119/><D120/><U27/><E131/><V130/><F118/><N who="0" m="45066" /><D128/><U21/><E71/><V110/><F68/><W53/><G134/><T39/><D39/><U13/><E49/><V79/><F130/><W92/><G121/><T6/><D94/><U55/><E55/><V89/><F127/><W88/><G46/><T8/><D48/><U125/><E125/><V100/><F74/><W26/><G26/><T59/><D59/><U37/><E37/><V106/><F89/><N who="3" m="34411" /><G86/><T45/><D45/><U23/><E72/><V112/><F112/><W104/><G104/><T87/><D87/><U76/><E76/><V58/><F58/><W7/><G7/><T11/><D6/><U123/><E123/><V105/><F36/><W10/><G114/><T108/><D108/><N who="2" m="41578" /><F40/><W47/><G47/><T44/><D44/><U4/><E4/><V31/><F100/><W84/><G84/><T107/><D98/><U54/><E54/><V25/><F25/><W41/><G41/><T0/><D0/><U12/><E13/><AGARI ba="0,0" hai="9,13,17,24,31,34,73,79,81,105,106" m="41578" machi="13" ten="30,5800,0" yaku="14,1,10,1,52,1" doraHai="5" who="2" fromWho="1" sc="202,0,386,-58,202,58,210,0" />
</Scene>
<Scene>
<INIT seed="2,1,0,1,2,60" ten="202,328,260,210" oya="2" hai0="42,107,108,51,35,19,131,54,6,41,98,130,25" hai1="75,106,13,88,1,81,24,30,132,45,78,93,122" hai2="18,23,68,134,79,61,0,7,8,87,16,14,128" hai3="102,133,85,65,72,76,64,2,48,80,43,111,3"/><V110/><F134/><W33/><G33/><T29/><D108/><U5/><E1/><V95/><F110/><W67/><G111/><T104/><D6/><U12/><E106/><N who="0" m="40489" /><D19/><U103/><E103/><V71/><F128/><N who="0" m="49194" /><D98/><U116/><E132/><V101/><F18/><W135/><G102/><T92/><D92/><U69/><E5/><V40/><F40/><W53/><G43/><T97/><D97/><U56/><E122/><V9/><F9/><W28/><G28/><T91/><D91/><U118/><E93/><V52/><F101/><W46/><G135/><T63/><D63/><U11/><E11/><V99/><F99/><W55/><G133/><T77/><D77/><U123/><E78/><V37/><F37/><W66/><N who="3" m="16384" /><DORA hai="84" /><W94/><REACH who="3" step="1"/><G53/><REACH who="3" ten="202,328,260,200" step="2"/><T38/><D38/><U120/><E30/><V27/><F52/><W90/><AGARI ba="1,1" hai="2,3,46,48,55,72,76,80,85,90,94" m="16384" machi="90" ten="40,16000,3" yaku="1,1,2,1,0,1,52,5,53,0" doraHai="60,84" doraHaiUra="112,20" who="3" fromWho="3" sc="202,-41,328,-41,260,-81,200,173" />
</Scene>
<Scene>
<INIT seed="3,0,0,2,5,125" ten="161,287,179,373" oya="3" hai0="39,60,66,108,17,31,15,8,113,117,106,41,92" hai1="132,119,133,4,44,56,109,90,95,30,73,19,86" hai2="79,85,110,99,27,77,83,121,24,62,68,81,118" hai3="16,33,67,59,98,101,13,42,94,14,12,103,129"/><W105/><G33/><T45/><D108/><U69/><E69/><V75/><F118/><W89/><G42/><T74/><D113/><U96/><E73/><V26/><F110/><W131/><G16/><T43/><D117/><U72/><E72/><V0/><F0/><W104/><G101/><T5/><D74/><U29/><E109/><V6/><F6/><W51/><G51/><T126/><D126/><U1/><E119/><V18/><F121/><W20/><G20/><T58/><D106/><U87/><E44/><V135/><F135/><N who="1" m="51785" /><E19/><V82/><F82/><W78/><G78/><T65/><D41/><U111/><E111/><V93/><F18/><W71/><G71/><T38/><D31/><N who="1" m="11787" /><E56/><V116/><F116/><W134/><G134/><T22/><D92/><U9/><AGARI ba="0,0" hai="1,4,9,86,87,90,95,96" m="11787,51785" machi="9" ten="30,1100,0" yaku="20,1" doraHai="125" who="1" fromWho="1" sc="161,-3,287,11,179,-3,373,-5" />
</Scene>
<Scene>
<INIT seed="4,0,0,1,3,73" ten="158,298,176,368" oya="0" hai0="9,82,11,26,99,36,18,12,127,90,115,80,75" hai1="53,119,128,83,15,43,64,86,66,49,52,124,30" hai2="79,61,55,20,37,76,25,28,71,63,60,62,19" hai3="0,106,4,88,57,108,44,131,126,7,5,84,27"/><T101/><D36/><U41/><E119/><V48/><F37/><W70/><G106/><T134/><D115/><U45/><E124/><V123/><F123/><W105/><G70/><T35/><D127/><U32/><E128/><V14/><N who="2" m="15360" /><DORA hai="13" /><V42/><F42/><N who="1" m="15881" /><E32/><V74/><F74/><W112/><G57/><T110/><D134/><U121/><E30/><V72/><F72/><W17/><G105/><T130/><D130/><U122/><E122/><V81/><F81/><W133/><G112/><T56/><D110/><U100/><E100/><V68/><F68/><W77/><G108/><T98/><D56/><U40/><E121/><V24/><F71/><W51/><G126/><T2/><D75/><U21/><E15/><V10/><F25/><W39/><G39/><T120/><D120/><U38/><E21/><V65/><F65/><N who="1" m="25193" /><E38/><V3/><F3/><W97/><G77/><AGARI ba="0,0" hai="40,45,49,52,53,77,83,86" m="25193,15881" machi="77" ten="30,3900,0" yaku="8,1,52,1,54,1" doraHai="73,13" who="1" fromWho="3" sc="158,0,298,39,176,0,368,-39" />
</Scene>
<Scene>
<INIT seed="5,0,0,3,2,57" ten="158,337,176,329" oya="1" hai0="118,8,119,56,74,17,88,87,128,64,7,102,5" hai1="107,10,92,55,32,33,105,84,61,79,69,97,132" hai2="67,29,38,25,36,2,116,41,46,20,0,28,113" hai3="76,133,99,125,86,85,65,6,58,49,51,44,134"/><U13/><E132/><N who="3" m="50794" /><G125/><T103/><D74/><U9/><E9/><V4/><F116/><W120/><G120/><T62/><D128/><U82/><E107/><V21/><F113/><W63/><G6/><N who="0" m="2059" /><D119/><U22/><E105/><V70/><F4/><W23/><G23/><T115/><D115/><U81/><E81/><V126/><F126/><W127/><G127/><T93/><D118/><U30/><E10/><V104/><F104/><W101/><G76/><T77/><D77/><U89/><E13/><AGARI ba="0,0" hai="8,13,17,56,62,64,87,88,93,102,103" m="2059" machi="13" ten="30,3900,0" yaku="8,1,52,1,54,1" doraHai="57" who="0" fromWho="1" sc="158,39,337,-39,176,0,329,0" />
</Scene>
<Scene>
<INIT seed="6,0,0,3,5,90" ten="197,298,176,329" oya="2" hai0="83,112,69,135,32,51,102,84,50,105,63,25,41" hai1="85,67,93,101,110,120,60,108,58,99,57,115,31" hai2="76,42,3,103,59,89,126,91,111,131,8,95,117" hai3="4,36,2,106,125,33,15,49,23,77,71,26,130"/><V0/><F117/><W128/><G106/><T45/><D112/><U65/><E115/><V118/><F118/><W28/><G71/><T13/><D135/><U35/><E120/><V30/><F111/><W1/><G36/><T17/><D105/><U119/><E119/><V127/><F131/><N who="3" m="50219" /><G77/><T92/><D32/><U62/><E85/><V104/><F76/><W14/><G125/><N who="2" m="47625" /><F104/><W134/><G134/><T12/><D69/><U7/><E7/><N who="2" m="1127" /><F3/><N who="3" m="1035" /><G49/><T70/><D51/><U52/><E52/><V80/><F80/><W86/><G86/><T5/><D70/><U121/><E121/><V123/><F123/><W27/><G4/><T43/><D5/><U39/><E39/><V19/><F30/><AGARI ba="0,0" hai="14,15,23,26,27,28,30,33" m="1035,50219" machi="30" ten="30,3900,0" yaku="19,1,34,2" doraHai="90" who="3" fromWho="2" sc="197,0,298,0,176,-39,329,39" />
</Scene>
<Scene>
<INIT seed="7,0,0,2,0,38" ten="197,298,137,368" oya="3" hai0="109,40,6,63,64,119,18,4,20,30,81,3,42" hai1="27,68,67,121,15,87,57,31,112,45,35,124,11" hai2="76,56,26,115,95,49,102,9,52,47,130,97,21" hai3="10,44,72,46,98,22,117,78,127,73,43,24,25"/><W132/><G117/><T77/><D109/><U114/><E121/><V41/><F115/><N who="1" m="44073" /><E124/><V37/><F130/><W55/><G132/><T108/><D108/><U107/><E107/><V29/><F9/><W39/><G127/><T54/><D119/><U65/><E68/><V85/><F85/><W19/><G98/><T86/><D30/><U84/><E45/><V5/><F76/><W8/><G25/><T51/><D3/><U16/><E57/><V129/><F129/><W120/><G120/><T0/><D0/><U111/><E111/><V2/><F2/><W34/><G34/><T101/><D101/><U71/><E71/><V69/><F69/><W128/><G128/><T12/><D63/><U106/><E106/><V23/><REACH who="2" step="1"/><F5/><REACH who="2" ten="197,298,127,368" step="2"/><N who="0" m="2154" /><D64/><AGARI ba="0,1" hai="11,15,16,27,31,35,64,65,67,84,87" m="44073" machi="64" ten="30,2000,0" yaku="15,1,54,1" doraHai="38" who="1" fromWho="0" sc="197,-20,298,30,127,0,368,0" owari="177,-22.0,328,13.0,127,-37.0,368,46.0" />
</Scene>
</mjloggm>