<mjloggm ver="2.3"><GO type="169"/><UN n0="%E7%A5%AD%E4%BA%BA" n1="%E3%81%A0%E3%83%BC%E3%81%8F%E3%81%88%E3%82%8B%E3%81%B5" n2="%67%69%6A%79%75%74%75" n3="%41%53%41%50%49%4E" dan="17,16,16,19" rate="2162,2038,2084,2231" sx="M,F,M,M"/><TAIKYOKU oya="0"/>

<Scene>
<INIT seed="0,0,0,1,3,104" ten="250,250,250,250" oya="0" hai0="115,98,109,42,41,96,21,15,10,71,51,22,47" hai1="77,43,82,56,100,101,16,110,49,75,78,40,72" hai2="76,28,13,1,66,48,79,128,116,62,67,19,0" hai3="30,133,6,93,122,73,84,46,87,59,36,17,53"/><T4/><D115/><U80/><E110/><V90/><F28/><W52/><G133/><T120/><D120/><U74/><E56/><V86/><F116/><W26/><G122/><T130/><D71/><U68/><E68/><V58/><F67/><W54/><G73/><T60/><D130/><U83/><E16/><V27/><F27/><W50/><G36/><T63/><D109/><U125/><E125/><V12/><F128/><W69/><G69/><T131/><D131/><U45/><E43/><V114/><F114/><W123/><G123/><T24/><D42/><U107/><E107/><V34/><F34/><W127/><G127/><T132/><D132/><U92/><E92/><V35/><F35/><W111/><G111/><T108/><D108/><U55/><E40/><V5/><F48/><W102/><G6/><T106/><D106/><U118/><E118/><V29/><F29/><W95/><G17/><N who="0" m="12367" /><D21/><U31/><E31/><V99/><F0/><W129/><G129/><T97/><AGARI ba="0,0" hai="4,10,15,41,47,51,60,63,96,97,98" m="12367" machi="97" ten="30,1500,0" yaku="8,1" doraHai="104" who="0" fromWho="0" sc="250,15,250,-5,250,-5,250,-5" />
</Scene>
<Scene>
<INIT seed="0,1,0,3,0,14" ten="265,245,245,245" oya="0" hai0="104,129,111,68,3,34,63,24,23,52,130,65,84" hai1="128,90,9,8,22,71,80,73,7,83,59,57,91" hai2="47,44,96,1,74,95,123,101,114,67,6,36,100" hai3="18,107,12,4,0,77,51,134,48,49,132,40,89"/><T113/><D113/><U30/><E71/><V35/><F114/><W27/><G107/><T115/><D115/><U11/><E128/><N who="0" m="49257" /><D111/><U121/><E121/><V32/><F123/><W2/><G77/><T110/><D110/><U93/><E73/><V25/><F74/><W46/><G89/><N who="1" m="33802" /><E93/><V10/><F67/><W28/><G4/><T118/><D118/><U19/><E30/><V54/><F36/><W37/><G27/><T92/><D104/><U33/><E33/><V66/><F66/><W109/><G28/><T103/><D3/><U72/><E72/><V50/><F44/><W20/><REACH who="3" step="1"/><G109/><REACH who="3" ten="265,245,245,235" step="2"/><T88/><D34/><U105/><E105/><V38/><F101/><W58/><G58/><N who="1" m="22026" /><E7/><V60/><F6/><W94/><G94/><T119/><D103/><U41/><E41/><V97/><F95/><W29/><G29/><N who="0" m="17567" /><D119/><U76/><E76/><V125/><F35/><W13/><G13/><AGARI ba="1,1" hai="8,9,11,13,19,22,80,83" m="22026,33802" machi="13" ten="30,2000,0" yaku="8,1,52,1" doraHai="14" who="1" fromWho="3" sc="265,0,245,33,245,0,235,-23" />
</Scene>
<Scene>
<INIT seed="1,0,0,4,0,122" ten="265,278,245,212" oya="1" hai0="64,18,36,31,78,3,87,106,84,109,114,10,111" hai1="108,130,135,43,39,116,50,30,4,42,102,52,56" hai2="112,101,94,68,32,100,85,115,83,129,19,113,14" hai3="104,55,46,13,11,133,20,72,127,60,22,124,5"/><U76/><E76/><V53/><F68/><W33/><G72/><T8/><D114/><U6/><E102/><V7/><F32/><W21/><G33/><T95/><D106/><U123/><E30/><V67/><F67/><W38/><G104/><T59/><D36/><U1/><E123/><V75/><F75/><W28/><G133/><T49/><D31/><U99/><E99/><V29/><F29/><W54/><G28/><T69/><D69/><U37/><E135/><V132/><F132/><W2/><G2/><T9/><D3/><U58/><E1/><V62/><F7/><W79/><G79/><T35/><D35/><U131/><E116/><V103/><F129/><N who="1" m="49161" /><E4/><V96/><F62/><W48/><G38/><N who="1" m="14346" /><E6/><V90/><REACH who="2" step="1"/><F53/><REACH who="2" ten="265,278,235,212" step="2"/><W88/><G54/><T57/><D64/><U119/><E119/><V98/><F98/><W24/><G60/><T41/><D84/><U82/><E42/><V12/><F12/><W93/><REACH who="3" step="1"/><G24/><REACH who="3" ten="265,278,235,202" step="2"/><T134/><D134/><U44/><E43/><V107/><F107/><W51/><G51/><T125/><D49/><U71/><E50/><V105/><F105/><W27/><G27/><T81/><D41/><U118/><E52/><V86/><F86/><AGARI ba="0,2" hai="5,11,13,20,21,22,46,48,55,86,88,93,124,127" machi="86" ten="40,5200,0" yaku="1,1,54,1,53,1" doraHai="122" doraHaiUra="40" who="3" fromWho="2" sc="265,0,278,0,235,-52,202,72" />
</Scene>
<Scene>
<INIT seed="2,0,0,0,3,125" ten="265,278,183,274" oya="2" hai0="82,91,28,100,46,39,20,22,49,88,34,0,111" hai1="73,33,70,63,90,112,9,95,1,122,58,105,45" hai2="109,72,113,127,119,47,128,43,87,107,27,71,26" hai3="8,32,35,21,41,56,98,14,97,66,67,23,121"/><V117/><F113/><W10/><G121/><T65/><D39/><U40/><E112/><V38/><F72/><W3/><G14/><T19/><D0/><U2/><E105/><V42/><F107/><W124/><G56/><T131/><D34/><U79/><E70/><V94/><F71/><W68/><G68/><T36/><D36/><U69/><E69/><V89/><F127/><W16/><G124/><T101/><D111/><U116/><E116/><V102/><F102/><N who="0" m="39530" /><D65/><U78/><E122/><V104/><F104/><W132/><G41/><T108/><D108/><U86/><E2/><V61/><F61/><W5/><G3/><T24/><D131/><U120/><E120/><V59/><F59/><W118/><G5/><T81/><D81/><U55/><E33/><V62/><F62/><W11/><G11/><T123/><D82/><U18/><E73/><V50/><F109/><W92/><G92/><T93/><D93/><U83/><E83/><V64/><F64/><W84/><G84/><T75/><D75/><U54/><E1/><V6/><F6/><W99/><G99/><T12/><D123/><U60/><E60/><V134/><F134/><W48/><G132/><T126/><D126/><U52/><E78/><V85/><F38/><W7/><G7/><T129/><D129/><U135/><E79/><V25/><F128/><W4/><G4/><T74/><D74/><U76/><E135/><V114/><F114/><W130/><G130/><T57/><D57/><U110/><E76/><V80/><F42/><AGARI ba="0,0" hai="12,19,20,22,24,28,42,46,49,88,91" m="39530" machi="42" ten="30,2000,0" yaku="8,1,54,1" doraHai="125" who="0" fromWho="2" sc="265,20,278,0,183,-20,274,0" />
</Scene>
<Scene>
<INIT seed="3,0,0,1,1,67" ten="285,278,163,274" oya="3" hai0="95,118,100,27,32,105,87,30,23,51,57,58,8" hai1="74,10,25,12,92,133,9,31,126,73,56,2,48" hai2="16,28,71,65,14,22,15,115,108,1,97,134,29" hai3="34,20,101,106,49,79,3,21,0,88,64,110,104"/><W36/><G36/><T41/><D118/><U89/><E133/><V125/><F115/><W35/><G79/><T66/><D105/><U75/><E126/><V19/><F134/><W39/><G39/><T42/><D32/><U103/><E103/><V94/><F1/><W6/><G64/><T53/><D8/><U121/><E121/><V91/><F125/><W5/><G101/><T55/><D66/><U60/><E2/><V38/><F38/><W119/><G49/><N who="0" m="30895" /><D87/><U114/><E114/><V86/><F108/><W107/><G107/><T76/><D76/><U63/><E48/><V72/><F72/><W46/><G46/><T96/><AGARI ba="0,0" hai="23,27,30,41,42,51,55,58,95,96,100" m="30895" machi="96" ten="30,1100,0" yaku="8,1" doraHai="67" who="0" fromWho="0" sc="285,11,278,-3,163,-3,274,-5" />
</Scene>
<Scene>
<INIT seed="4,0,0,5,2,84" ten="296,275,160,269" oya="0" hai0="23,0,125,44,123,127,77,26,63,91,67,121,6" hai1="12,93,86,99,29,57,66,55,60,114,117,74,41" hai2="89,78,105,70,5,90,71,124,85,116,50,46,24" hai3="51,126,28,64,13,130,47,76,53,82,61,36,10"/><T80/><D44/><U37/><E117/><V97/><F116/><W128/><G126/><N who="0" m="48139" /><D77/><U32/><E74/><V11/><F124/><W119/><G119/><T56/><D6/><U20/><E32/><V49/><F78/><W3/><G28/><N who="0" m="17503" /><D0/><U25/><E86/><AGARI ba="0,0" hai="56,63,67,80,86,91,121,123" m="17503,48139" machi="86" ten="30,2900,0" yaku="18,1,52,1" doraHai="84" who="0" fromWho="1" sc="296,29,275,-29,160,0,269,0" />
</Scene>
<Scene>
<INIT seed="4,1,0,2,0,88" ten="325,246,160,269" oya="0" hai0="49,64,36,69,113,85,11,44,32,53,30,26,63" hai1="92,7,108,82,5,2,97,67,41,80,95,114,16" hai2="42,89,68,54,50,109,78,98,84,20,106,39,58" hai3="90,18,52,111,73,135,99,74,23,13,14,60,34"/><T29/><D113/><U105/><E108/><V46/><F109/><W87/><G111/><T17/><D30/><U119/><E119/><V71/><F78/><W35/><G135/><T104/><D104/><U124/><E114/><V91/><F20/><W117/><G117/><T59/><D85/><U96/><E105/><V55/><F55/><W28/><G99/><N who="1" m="37962" /><E41/><V47/><F47/><W126/><G126/><T103/><D103/><U81/><E124/><V3/><F3/><W83/><G13/><T125/><D125/><U51/><E2/><V70/><REACH who="2" step="1"/><F84/><REACH who="2" ten="325,246,150,269" step="2"/><W93/><G52/><T12/><REACH who="0" step="1"/><D36/><REACH who="0" ten="315,246,150,269" step="2"/><U76/><E76/><V112/><F112/><W132/><G87/><T40/><D40/><U6/><E67/><V9/><F9/><W66/><G66/><T116/><D116/><U27/><E51/><V110/><F110/><W45/><G74/><T31/><D31/><U123/><E123/><V79/><F79/><W102/><G73/><T127/><D127/><U1/><E1/><V130/><F130/><W4/><G28/><T134/><D134/><U10/><E10/><V94/><F94/><W65/><G93/><T43/><D43/><U129/><E129/><V75/><F75/><W128/><G132/><T25/><D25/><U121/><E121/><V24/><F24/><W118/><G128/><T37/><D37/><U86/><E86/><V100/><AGARI ba="1,2" hai="39,42,46,50,54,58,68,70,71,89,91,98,100,106" machi="100" ten="40,2700,0" yaku="1,1,0,1,53,0" doraHai="88" doraHaiUra="131" who="2" fromWho="2" sc="315,-14,246,-8,150,50,269,-8" />
</Scene>
<Scene>
<INIT seed="5,0,0,0,1,42" ten="301,238,200,261" oya="1" hai0="3,99,6,131,23,28,49,114,91,48,37,115,134" hai1="121,56,26,69,68,18,120,59,100,65,66,118,20" hai2="45,76,87,125,39,97,101,25,105,133,31,98,82" hai3="128,29,46,15,112,14,57,22,123,81,50,38,122"/><U58/><E118/><V77/><F133/><W30/><G112/><N who="0" m="43051" /><D131/><U43/><E100/><V27/><F125/><W94/><G128/><T130/><D130/><U64/><REACH who="1" step="1"/><E43/><REACH who="1" ten="301,228,200,261" step="2"/><V13/><F101/><W116/><G116/><T54/><D134/><U106/><E106/><V108/><F105/><W12/><G123/><AGARI ba="0,1" hai="18,20,26,56,58,59,64,65,66,68,69,120,121,123" machi="123" ten="50,2400,0" yaku="1,1,53,0" doraHai="42" doraHaiUra="111" who="1" fromWho="3" sc="301,0,228,34,200,0,261,-24" />
</Scene>
<Scene>
<INIT seed="5,1,0,4,2,23" ten="301,262,200,237" oya="1" hai0="40,134,36,2,19,102,18,34,100,132,32,68,4" hai1="66,55,13,85,17,52,49,29,37,54,90,110,128" hai2="131,27,106,116,46,45,14,10,6,89,59,119,130" hai3="70,30,62,107,5,71,57,11,0,26,99,61,73"/><U101/><E37/><V87/><F106/><W9/><G73/><T41/><D68/><U12/><E101/><V72/><F72/><W133/><G133/><T28/><D28/><U111/><E128/><N who="2" m="49195" /><F59/><W31/><G31/><T65/><D4/><U92/><E29/><V50/><F27/><W123/><G123/><T47/><D47/><N who="2" m="17930" /><F50/><W67/><G11/><T1/><REACH who="0" step="1"/><D65/><REACH who="0" ten="291,262,200,237" step="2"/><U64/><E66/><V58/><F58/><W114/><G70/><T79/><D79/><U63/><E64/><V56/><F56/><W98/><G71/><T48/><D48/><U25/><E49/><V120/><F120/><W124/><G57/><T35/><D35/><U86/><E63/><V91/><F91/><W115/><G67/><T127/><D127/><U126/><E126/><V60/><F60/><W39/><G124/><T97/><D97/><U7/><E7/><V109/><F109/><N who="1" m="41481" /><E86/><V24/><F24/><W108/><G108/><T117/><D117/><U77/><E77/><V112/><F112/><N who="3" m="43051" /><G62/><T135/><D135/><U42/><E42/><V80/><AGARI ba="1,1" hai="6,10,14,80,87,89,116,119" m="17930,49195" machi="80" ten="30,1100,0" yaku="19,1" doraHai="23" who="2" fromWho="2" sc="291,-4,262,-6,200,24,237,-4" />
</Scene>
<Scene>
<INIT seed="6,0,0,4,2,48" ten="287,256,224,233" oya="2" hai0="78,51,13,66,65,46,40,58,103,18,54,12,134" hai1="25,36,3,131,125,84,127,27,62,8,95,67,24" hai2="97,130,135,88,16,82,70,105,116,71,23,133,57" hai3="6,98,104,76,128,132,68,94,120,2,37,81,106"/><V102/><F116/><W30/><G120/><T26/><D134/><N who="2" m="51210" /><F130/><W121/><G121/><T129/><D129/><U109/><E131/><V114/><F114/><W86/><G132/><T38/><D103/><U5/><E109/><V50/><F50/><W122/><G128/><T85/><D26/><U52/><E36/><V39/><F39/><W28/><G122/><T99/><D99/><U1/><E84/><N who="2" m="50199" /><F57/><W90/><G37/><T17/><D78/><U14/><E95/><V124/><F124/><N who="1" m="47689" /><E67/><V75/><F75/><W9/><REACH who="3" step="1"/><G68/><REACH who="3" ten="287,256,224,223" step="2"/><T41/><D38/><U56/><AGARI ba="0,1" hai="1,3,5,8,14,24,25,27,52,56,62" m="47689" machi="56" ten="40,5200,0" yaku="18,1,52,1,54,1" doraHai="48" who="1" fromWho="1" sc="287,-13,256,62,224,-26,223,-13" />
</Scene>
<Scene>
<INIT seed="7,0,0,0,3,134" ten="274,318,198,210" oya="3" hai0="18,70,131,92,14,36,80,33,115,96,126,62,119" hai1="38,67,5,53,133,42,72,86,77,4,74,60,9" hai2="111,48,11,100,104,97,17,15,55,34,110,135,31" hai3="113,79,59,51,83,94,112,98,106,26,87,117,120"/><W40/><G117/><T1/><D1/><U121/><E121/><V123/><F135/><W129/><G120/><T7/><D7/><U78/><E133/><V99/><F123/><W43/><G106/><T41/><D33/><U118/><E118/><V90/><F31/><W91/><G129/><T116/><D131/><U21/><E53/><V85/><F97/><W2/><G2/><T10/><D115/><N who="3" m="44105" /><G26/><T125/><D80/><U66/><E21/><V6/><F6/><W0/><G0/><T3/><D3/><U8/><E86/><V23/><F34/><W29/><G29/><T103/><D41/><U22/><E22/><V35/><F35/><W101/><G101/><T20/><D20/><U54/><E42/><V102/><F102/><W19/><G19/><T56/><D70/><U75/><E75/><V68/><F68/><W108/><G108/><T25/><D36/><U28/><E38/><V24/><F24/><W58/><G40/><T132/><D25/><U69/><E69/><V52/><F23/><W57/><G43/><T84/><D84/><U122/><E28/><V12/><F12/><W81/><G81/><T13/><D13/><U127/><E122/><V114/><F114/><W30/><G30/><T49/><D132/><U16/><E16/><V82/><F55/><AGARI ba="0,0" hai="51,55,57,58,59,79,83,87,91,94,98" m="44105" machi="55" ten="30,1500,0" yaku="15,1" doraHai="134" who="3" fromWho="2" sc="274,0,318,0,198,-15,210,15" />
</Scene>
<Scene>
<INIT seed="7,1,0,5,3,98" ten="274,318,183,225" oya="3" hai0="72,24,1,70,10,97,28,45,56,8,14,130,93" hai1="17,126,114,66,60,121,40,119,91,128,82,76,108" hai2="11,65,135,6,77,134,57,80,21,122,59,118,81" hai3="5,38,48,90,61,50,88,25,22,86,13,102,89"/><W62/><G38/><T109/><D109/><U9/><E121/><V63/><F118/><W131/><G131/><T51/><D70/><U101/><E108/><V113/><F122/><W78/><G102/><T129/><D72/><U99/><E128/><N who="0" m="49257" /><D1/><U71/><E119/><V95/><F113/><W125/><G125/><T84/><D56/><U69/><E126/><V0/><F21/><W124/><G124/><T46/><D84/><U16/><E114/><V104/><F104/><W43/><G13/><T123/><D123/><U107/><E91/><N who="3" m="34890" /><G5/><N who="0" m="3343" /><D51/><N who="3" m="19497" /><G43/><T7/><D10/><U96/><E69/><V36/><F36/><W79/><G62/><T19/><D7/><U58/><E9/><V30/><F30/><N who="3" m="17719" /><G61/><T29/><D19/><U37/><E71/><V34/><F34/><W120/><G120/><T117/><D117/><U4/><E4/><V3/><F3/><W100/><G100/><N who="0" m="60463" /><D28/><U92/><E37/><V94/><F57/><W74/><G74/><T20/><AGARI ba="1,0" hai="20,24,29,45,46" m="60463,3343,49257" machi="20" ten="30,2000,0" yaku="19,1,52,1" doraHai="98" who="0" fromWho="0" sc="274,23,318,-6,183,-6,225,-11" owari="297,10.0,312,41.0,177,-32.0,214,-19.0" />
</Scene>
</mjloggm>