<mjloggm ver="2.3"><GO type="169"/><UN n0="%E6%AD%A6%E5%A3%AB%E6%B2%A2%E7%A7%80%E8%A1%8C" n1="%41%53%41%50%49%4E" n2="%6B%65%72%6F%62%6F%75" n3="%76%65%74%6F%6F" dan="16,18,16,16" rate="2171,2229,2116,2080" sx="M,M,M,M"/><TAIKYOKU oya="0"/>

<Scene>
<INIT seed="0,0,0,1,1,111" ten="250,250,250,250" oya="0" hai0="50,6,30,9,49,87,81,51,70,3,76,130,57" hai1="58,71,79,52,44,98,78,97,75,86,101,54,93" hai2="113,38,133,21,43,53,68,74,0,119,36,42,46" hai3="112,129,72,14,66,40,63,18,114,121,69,120,135"/><T62/><D130/><U45/><E71/><V105/><F0/><W108/><G72/><T10/><D30/><U116/><E75/><V90/><F119/><W61/><G108/><T7/><D70/><U123/><E116/><V55/><F68/><W11/><G129/><T92/><D92/><N who="1" m="58535" /><E123/><N who="3" m="47178" /><G135/><T124/><D124/><U127/><E127/><V131/><F133/><W4/><G40/><T80/><D80/><N who="1" m="47383" /><E79/><V91/><F131/><W64/><G4/><T99/><D99/><U132/><E132/><V47/><F21/><W60/><G69/><T77/><D77/><U110/><E110/><V118/><F74/><W19/><G19/><T102/><D102/><N who="1" m="60751" /><E54/><V59/><F118/><W122/><G122/><T73/><D73/><U2/><E2/><V82/><F59/><W103/><G103/><T17/><D17/><U88/><E88/><V85/><F91/><W84/><G84/><T126/><D126/><U41/><E41/><V128/><F128/><W20/><G11/><T109/><D109/><U16/><E16/><V56/><F55/><W22/><G22/><T15/><D51/><AGARI ba="0,0" hai="44,45,51,52,58" m="60751,47383,58535" machi="51" ten="30,2000,0" yaku="8,1,54,1" doraHai="111" who="1" fromWho="0" sc="250,-20,250,20,250,0,250,0" />
</Scene>
<Scene>
<INIT seed="1,0,0,0,0,58" ten="230,270,250,250" oya="1" hai0="69,74,65,103,14,132,59,109,117,36,102,89,135" hai1="17,124,119,52,18,79,130,72,61,48,35,20,12" hai2="134,31,62,126,91,33,49,9,44,42,92,112,99" hai3="45,128,93,86,121,40,5,43,114,13,26,53,24"/><U88/><E119/><V115/><F134/><W95/><G121/><T56/><D117/><U11/><E35/><V110/><F126/><W23/><G114/><N who="2" m="43561" /><F110/><W90/><G128/><T51/><D109/><U3/><E130/><V60/><F9/><W34/><G34/><T30/><D74/><U41/><E124/><V67/><F67/><W87/><G53/><T73/><D73/><U28/><E72/><V68/><F68/><W55/><G55/><T108/><D36/><U8/><E79/><V123/><F123/><W122/><G122/><T0/><D0/><U71/><E3/><V54/><F42/><W80/><G5/><T22/><D108/><U47/><E28/><V21/><F33/><W133/><G133/><T96/><D69/><U70/><E70/><V101/><F101/><W15/><G45/><T97/><D135/><U66/><E18/><V107/><F107/><W6/><G6/><T85/><D103/><U82/><REACH who="1" step="1"/><E41/><REACH who="1" ten="230,260,250,250" step="2"/><V120/><F120/><W116/><G116/><T16/><D132/><U81/><E81/><V104/><F104/><W37/><G80/><N who="0" m="49319" /><D30/><U113/><E113/><V106/><F106/><W1/><G1/><T105/><D105/><U50/><E50/><V83/><F83/><W98/><G37/><T75/><D75/><U84/><AGARI ba="0,1" hai="8,11,12,17,20,47,48,52,61,66,71,82,84,88" machi="84" ten="30,12000,1" yaku="1,1,0,1,52,1,54,2,53,0" doraHai="58" doraHaiUra="118" who="1" fromWho="1" sc="230,-40,260,130,250,-40,250,-40" />
</Scene>
<Scene>
<INIT seed="1,1,0,4,3,129" ten="190,390,210,210" oya="1" hai0="22,105,92,130,45,90,112,84,103,7,32,6,24" hai1="2,27,97,3,46,109,104,128,135,94,87,110,19" hai2="62,34,49,131,99,0,26,77,86,21,63,15,81" hai3="132,42,133,125,134,100,58,20,61,17,106,8,76"/><U57/><E128/><V53/><F0/><W101/><G76/><T43/><D130/><U78/><E104/><V113/><F113/><W1/><G125/><T119/><D119/><U5/><E5/><V29/><F131/><W60/><G42/><T121/><D112/><U85/><E46/><V65/><F99/><N who="3" m="61727" /><G101/><T118/><D121/><U71/><E71/><V83/><F34/><W59/><G1/><N who="1" m="10" /><E57/><N who="3" m="21514" /><G8/><T117/><D32/><U64/><E64/><V68/><F15/><AGARI ba="1,0" hai="15,17,20,60,61,132,133,134" m="21514,61727" machi="15" ten="30,7700,0" yaku="20,1,52,3" doraHai="129" who="3" fromWho="2" sc="190,0,390,0,210,-80,210,80" />
</Scene>
<Scene>
<INIT seed="2,0,0,2,5,59" ten="190,390,130,290" oya="2" hai0="89,13,5,74,14,99,114,30,37,90,119,56,52" hai1="8,94,112,53,76,116,72,36,71,127,64,118,80" hai2="28,1,55,135,47,22,42,103,115,88,130,33,73" hai3="3,58,93,23,66,6,4,46,63,84,126,21,24"/><V131/><F33/><W44/><G126/><T32/><D119/><U87/><E112/><V10/><F115/><W49/><G3/><T67/><D114/><U11/><E36/><V78/><F103/><W20/><G24/><T122/><D74/><U113/><E113/><V50/><F135/><W69/><G69/><T39/><D122/><U106/><E106/><V111/><F111/><W9/><G9/><T34/><D67/><U70/><E127/><V38/><F28/><W35/><G35/><T133/><D133/><U25/><E53/><V68/><F68/><W83/><G93/><T134/><D134/><U121/><E121/><V17/><F73/><W41/><REACH who="3" step="1"/><G46/><REACH who="3" ten="190,390,130,280" step="2"/><T2/><D2/><U82/><E94/><V97/><F1/><W110/><G110/><T45/><D45/><U96/><E8/><V65/><F10/><W12/><G12/><T101/><D14/><U31/><E11/><V129/><F131/><W123/><G123/><T117/><D13/><U107/><E71/><V104/><F130/><W27/><G27/><T62/><D34/><U98/><E116/><V95/><F129/><W105/><G105/><T128/><D32/><N who="1" m="20591" /><E107/><V108/><F104/><W125/><G125/><T91/><D128/><U43/><E118/><V40/><F108/><W102/><G102/><T77/><D117/><U15/><E15/><V61/><F38/><W51/><G51/><T16/><D39/><U100/><E100/><V81/><F95/><W109/><G109/><T18/><D37/><U132/><E70/><V57/><F47/><W0/><G0/><T75/><D101/><RYUUKYOKU ba="0,1" sc="190,-10,390,-10,130,-10,280,30" hai3="4,6,20,21,23,41,44,49,58,63,66,83,84" />
</Scene>
<Scene>
<INIT seed="3,1,1,5,3,7" ten="180,380,120,310" oya="3" hai0="110,126,33,120,85,20,59,39,79,68,69,121,98" hai1="131,4,122,10,40,22,58,130,21,63,0,104,107" hai2="127,75,12,86,101,38,60,15,24,26,129,36,29" hai3="134,13,48,96,83,115,91,51,73,71,32,55,125"/><W133/><G115/><T74/><D20/><N who="1" m="7787" /><E40/><V57/><F75/><W49/><G32/><T62/><D85/><U92/><E92/><V65/><F127/><W52/><G71/><T41/><D98/><U116/><E122/><N who="0" m="47209" /><D79/><U23/><E23/><V1/><F129/><N who="1" m="49161" /><E116/><V45/><F1/><W124/><G73/><T132/><D74/><U90/><E90/><V67/><F101/><W135/><G13/><T88/><D33/><U103/><E103/><V95/><F38/><W30/><G30/><T93/><D88/><U18/><E18/><V117/><F117/><W5/><G5/><T128/><D93/><U112/><E112/><V9/><F95/><N who="3" m="56447" /><G83/><T89/><D89/><U3/><E3/><V17/><F86/><W114/><G114/><T61/><D128/><U19/><E19/><V35/><F24/><W8/><G8/><T11/><D11/><U66/><AGARI ba="1,1" hai="0,4,10,58,63,66,104,107" m="49161,7787" machi="66" ten="30,2000,0" yaku="19,1,52,1" doraHai="7" who="1" fromWho="1" sc="180,-6,380,33,120,-6,310,-11" />
</Scene>
<Scene>
<INIT seed="4,0,0,3,2,10" ten="174,413,114,299" oya="0" hai0="123,51,106,2,11,3,121,32,120,66,49,28,108" hai1="126,113,38,18,101,128,75,83,115,5,122,133,127" hai2="111,14,54,69,24,20,70,48,40,62,98,74,35" hai3="26,116,96,65,13,104,27,85,39,25,7,15,29"/><T130/><D106/><U87/><E38/><V117/><F74/><W89/><G39/><T131/><D66/><U52/><E75/><V12/><F117/><W36/><G36/><T16/><D51/><U56/><E122/><V118/><F118/><W68/><G116/><T37/><D37/><U58/><E58/><N who="2" m="35159" /><F69/><W82/><G7/><T34/><D49/><N who="1" m="30735" /><E5/><V63/><F70/><W107/><G29/><T114/><D114/><N who="1" m="43531" /><E101/><V97/><F35/><N who="0" m="13354" /><D28/><U41/><E41/><V79/><F79/><W4/><G4/><T80/><D80/><U67/><E128/><N who="0" m="49193" /><D108/><U94/><E133/><V57/><F111/><W9/><G9/><T45/><D45/><U134/><E134/><V53/><F40/><W31/><G31/><T90/><D90/><N who="1" m="51583" /><E67/><V59/><F63/><W112/><G112/><T33/><N who="0" m="13362" /><T100/><DORA hai="60" /><D100/><U1/><E1/><V76/><F76/><W86/><G65/><T72/><D72/><U92/><E18/><N who="2" m="12311" /><F57/><W61/><G68/><T88/><D88/><U50/><E50/><V64/><F64/><W47/><G61/><T105/><D105/><U0/><E0/><V73/><F73/><W55/><G107/><T42/><D42/><U8/><E92/><V46/><F46/><W129/><G47/><T22/><D11/><U43/><E8/><V44/><F44/><W95/><G104/><T19/><D19/><U77/><E43/><V81/><F81/><W109/><G129/><T6/><D6/><U125/><E94/><V124/><F124/><W78/><G109/><T119/><D119/><U102/><E102/><V103/><F103/><RYUUKYOKU ba="0,0" sc="174,10,413,10,114,10,299,-30" hai0="2,3,16,22,120,121,123" hai1="77,125,126,127" hai2="12,14,48,53,59,97,98" />
</Scene>
<Scene>
<INIT seed="4,1,0,2,4,134" ten="184,423,124,269" oya="0" hai0="32,113,78,25,135,125,122,30,116,37,63,41,119" hai1="82,127,67,40,1,58,23,86,61,0,51,121,7" hai2="124,14,96,131,99,126,10,24,44,109,93,38,88" hai3="107,101,45,59,62,80,52,105,130,120,31,54,48"/><T77/><D122/><U112/><E121/><V133/><F109/><W69/><G31/><T118/><D113/><U5/><E112/><V79/><F79/><W56/><G80/><T76/><D135/><U114/><E114/><V57/><F133/><W111/><G120/><T60/><REACH who="0" step="1"/><D125/><REACH who="0" ten="174,423,124,269" step="2"/><N who="2" m="48234" /><F131/><W91/><G130/><T115/><D115/><U104/><E127/><V108/><F108/><W106/><G111/><T102/><D102/><U129/><E129/><V123/><F123/><W22/><G101/><T87/><D87/><U90/><E86/><N who="2" m="52375" /><F24/><W68/><G91/><T53/><D53/><U132/><E90/><V95/><F95/><W55/><REACH who="3" step="1"/><G22/><REACH who="3" ten="174,423,124,259" step="2"/><T34/><D34/><U92/><E23/><V72/><F72/><W20/><G20/><T81/><D81/><U28/><E82/><V9/><F9/><W49/><AGARI ba="1,2" hai="45,48,49,52,54,55,56,59,62,68,69,105,106,107" machi="49" ten="40,5200,0" yaku="1,1,0,1,54,1,53,0" doraHai="134" doraHaiUra="33" who="3" fromWho="3" sc="174,-27,423,-14,124,-14,259,75" />
</Scene>
<Scene>
<INIT seed="5,0,0,5,3,39" ten="147,409,110,334" oya="1" hai0="54,75,74,63,89,77,131,47,64,24,62,101,44" hai1="41,48,98,68,26,28,21,83,60,20,135,17,56" hai2="3,0,12,120,85,129,87,126,69,84,70,42,90" hai3="53,30,115,79,55,37,125,116,16,119,107,113,100"/><U122/><E122/><V124/><F120/><W45/><G30/><T118/><D118/><N who="3" m="45097" /><G79/><T29/><D131/><U86/><E135/><V15/><F129/><W33/><G33/><T117/><D117/><U35/><E68/><N who="2" m="26219" /><F90/><W78/><G78/><T110/><D110/><U80/><E35/><V102/><F102/><W61/><G100/><T5/><D101/><U104/><E104/><V97/><F97/><W43/><G107/><T51/><D5/><U27/><E98/><V1/><F42/><W112/><G125/><AGARI ba="0,0" hai="0,1,3,12,15,84,85,87,124,125,126" m="26219" machi="125" ten="40,5200,0" yaku="28,2,18,1" doraHai="39" who="2" fromWho="3" sc="147,0,409,0,110,52,334,-52" />
</Scene>
<Scene>
<INIT seed="6,0,0,1,1,119" ten="147,409,162,282" oya="2" hai0="3,70,85,105,54,8,93,79,83,122,48,40,109" hai1="52,74,114,100,81,78,125,101,38,126,94,7,23" hai2="71,115,68,84,53,62,55,108,113,121,37,44,18" hai3="41,42,69,30,116,10,24,11,60,51,98,25,120"/><V97/><F97/><W118/><G69/><N who="2" m="26697" /><F18/><W73/><G60/><T99/><D109/><U86/><E38/><V36/><F84/><W92/><G73/><T89/><D70/><U128/><E114/><N who="2" m="43531" /><F108/><W127/><G51/><T59/><D40/><U134/><E128/><V29/><F29/><W31/><G98/><T112/><D112/><U56/><E134/><V39/><F121/><W129/><G92/><T133/><D133/><U5/><E23/><V22/><F22/><W20/><G20/><T124/><D124/><N who="1" m="47723" /><E86/><V4/><F4/><N who="1" m="1609" /><E94/><V46/><F62/><AGARI ba="0,0" hai="52,56,62,74,78,81,100,101" m="1609,47723" machi="62" ten="30,2000,0" yaku="18,1,54,1" doraHai="119" who="1" fromWho="2" sc="147,0,409,20,162,-20,282,0" />
</Scene>
<Scene>
<INIT seed="7,0,0,4,2,118" ten="147,429,142,282" oya="3" hai0="6,92,38,55,47,57,50,82,49,135,21,100,120" hai1="42,101,70,95,43,109,103,121,8,16,9,73,86" hai2="74,0,41,24,3,61,29,58,56,128,39,52,40" hai3="67,26,27,131,102,116,36,89,93,125,99,127,111"/><W87/><G116/><T63/><D135/><U45/><E121/><V7/><F74/><W15/><G36/><T23/><D120/><U96/><E109/><V46/><F128/><W94/><G67/><N who="0" m="39407" /><D38/><U130/><E70/><V104/><F104/><W114/><G111/><T53/><D6/><U20/><E73/><V126/><F126/><N who="3" m="48139" /><G131/><T117/><D117/><U133/><E133/><V129/><F129/><W105/><G114/><T34/><D34/><U13/><E130/><V64/><F7/><W10/><G105/><T76/><D76/><U14/><E86/><V31/><F41/><N who="1" m="15369" /><E45/><V35/><F29/><W79/><G79/><T51/><D82/><U28/><E28/><V60/><AGARI ba="0,0" hai="0,3,24,31,35,39,40,46,52,56,58,60,61,64" machi="60" ten="20,2700,0" yaku="0,1,7,1,54,1" doraHai="118" who="2" fromWho="2" sc="147,-7,429,-7,142,27,282,-13" owari="140,-36.0,422,52.0,169,-23.0,269,7.0" />
</Scene>
</mjloggm>