<mjloggm ver="2.3"><GO type="169" lobby="0"/><UN n0="%E3%81%B9%E3%81%A3%E3%81%93%E3%83%BC%E2%99%AA" n1="%E9%9D%9E%E5%8A%B9%E7%8E%87%E6%89%93%E6%B3%95" n2="%41%53%41%50%49%4E" n3="%E3%81%B4%E3%81%83%E3%81%B4%E3%81%83" dan="17,16,19,17" rate="2160,2052,2239,2141" sx="F,M,M,M"/><TAIKYOKU oya="0"/>

<Scene>
<INIT seed="0,0,0,1,4,117" ten="250,250,250,250" oya="0" hai0="2,43,76,123,61,14,56,131,70,38,100,96,53" hai1="1,30,93,83,8,75,40,45,9,107,86,114,71" hai2="98,99,134,111,62,51,60,35,15,50,73,0,17" hai3="128,69,135,80,39,27,5,105,125,11,127,126,24"/><T16/><BYE who="2" /><D123/><UN n2="%41%53%41%50%49%4E" /><U112/><E107/><V132/><F73/><W33/><G105/><T23/><D131/><U130/><E130/><V133/><F35/><W68/><G39/><T118/><D118/><U124/><E71/><N who="3" m="27210" /><G128/><T108/><D2/><U20/><E93/><V10/><F111/><W91/><G33/><T106/><D70/><U67/><E67/><V103/><F0/><N who="3" m="423" /><G135/><T63/><D108/><U41/><E75/><V81/><F81/><W34/><G34/><T48/><REACH who="0" step="1"/><D76/><REACH who="0" ten="240,250,250,250" step="2"/><U28/><E1/><V89/><F132/><W122/><G122/><T4/><D4/><U12/><E114/><V64/><F133/><W66/><G66/><T113/><D113/><U13/><E112/><V36/><F64/><W26/><G26/><T85/><D85/><AGARI ba="0,1" hai="24,27,80,85,91,125,126,127" m="423,27210" machi="85" ten="40,1300,0" yaku="18,1" doraHai="117" who="3" fromWho="0" sc="240,-13,250,0,250,0,250,23" />
</Scene>
<Scene>
<INIT seed="1,0,0,3,2,27" ten="227,250,250,273" oya="1" hai0="37,131,86,106,83,67,100,128,97,44,72,75,92" hai1="43,3,57,30,31,123,110,2,129,49,50,11,101" hai2="0,48,104,109,74,73,36,95,113,90,102,108,18" hai3="25,99,4,117,69,93,22,135,68,10,71,116,42"/><U103/><E123/><V14/><F36/><W40/><G135/><T89/><D67/><U46/><E129/><N who="0" m="49737" /><D44/><U133/><E133/><V66/><F0/><W64/><G64/><T105/><D37/><U98/><E110/><V70/><F113/><W94/><G10/><T114/><D114/><U21/><E3/><V28/><F102/><N who="1" m="38921" /><E2/><V76/><F104/><AGARI ba="0,0" hai="72,75,83,86,89,92,97,100,104,105,106" m="49737" machi="104" ten="30,3900,0" yaku="19,1,34,2" doraHai="27" who="0" fromWho="2" sc="227,39,250,0,250,-39,273,0" />
</Scene>
<Scene>
<INIT seed="2,0,0,1,2,1" ten="266,250,211,273" oya="2" hai0="24,2,109,19,74,34,112,57,110,127,27,72,0" hai1="4,108,132,52,40,117,97,90,18,64,28,51,33" hai2="70,95,69,133,85,29,16,66,79,81,118,84,43" hai3="101,60,9,3,26,6,47,128,91,119,8,56,129"/><V68/><F118/><W32/><G119/><T59/><D127/><U38/><E117/><V10/><F133/><W36/><G101/><T80/><D80/><U116/><E116/><V98/><F29/><N who="3" m="19511" /><G91/><T123/><D112/><U126/><E64/><V102/><F43/><N who="3" m="23015" /><G3/><T45/><D45/><N who="1" m="23703" /><E18/><V25/><F84/><W55/><G6/><T65/><D19/><U76/><E4/><V39/><F39/><W82/><G82/><T78/><D78/><U20/><E76/><V31/><F66/><W77/><G77/><T61/><D34/><U12/><E33/><V30/><REACH who="2" step="1"/><F10/><REACH who="2" ten="266,250,201,273" step="2"/><W86/><G86/><T115/><D65/><U67/><E67/><V92/><F92/><W88/><G9/><T15/><D115/><U106/><E28/><V94/><F94/><W83/><G8/><T17/><D123/><U71/><E132/><V46/><F46/><W58/><G128/><T48/><D72/><U62/><E106/><V103/><F103/><W54/><G129/><T100/><D74/><U14/><E71/><V131/><F131/><W35/><G58/><T21/><D100/><U105/><E105/><V5/><F5/><W13/><G56/><T120/><D120/><U113/><E113/><V22/><AGARI ba="0,1" hai="16,22,25,30,31,68,69,70,79,81,85,95,98,102" machi="22" ten="40,7800,0" yaku="1,1,0,1,54,1,53,0" doraHai="1" doraHaiUra="125" who="2" fromWho="2" sc="266,-26,250,-26,201,88,273,-26" />
</Scene>
<Scene>
<INIT seed="2,1,0,1,4,99" ten="240,224,289,247" oya="2" hai0="65,87,69,70,40,0,123,64,132,47,127,17,129" hai1="31,135,116,115,73,105,128,16,95,83,5,58,24" hai2="33,46,35,100,36,90,98,53,78,84,1,101,76" hai3="94,111,108,20,125,2,12,86,26,109,13,25,48"/><V38/><F1/><W77/><G125/><T81/><D127/><U9/><E105/><V21/><F98/><W22/><G2/><T7/><D123/><U117/><E115/><V4/><F4/><W43/><G43/><T82/><D0/><U110/><E5/><V68/><F68/><W54/><G77/><T39/><D7/><U6/><E6/><V74/><F74/><W66/><G66/><T55/><D132/><U32/><E135/><V75/><F75/><W134/><G134/><T52/><D129/><U93/><E128/><V121/><F121/><W106/><G106/><T92/><D17/><U114/><E114/><V130/><F130/><W60/><G60/><T27/><D27/><N who="3" m="10249" /><G86/><T10/><D10/><U41/><E41/><V71/><F71/><W85/><G85/><T96/><D70/><U91/><E110/><V118/><F84/><W45/><G94/><T8/><D8/><U61/><E93/><V28/><F53/><N who="0" m="20554" /><D81/><U97/><E83/><V107/><F107/><W14/><AGARI ba="1,0" hai="12,13,14,20,22,45,48,54,108,109,111" m="10249" machi="14" ten="40,1500,0" yaku="14,1" doraHai="99" who="3" fromWho="3" sc="240,-5,224,-5,289,-8,247,18" />
</Scene>
<Scene>
<INIT seed="3,0,0,4,5,4" ten="235,219,281,265" oya="3" hai0="86,124,133,40,68,91,21,75,13,105,51,53,16" hai1="131,42,19,78,116,45,111,104,90,135,31,79,87" hai2="59,99,117,101,118,66,129,25,121,20,22,10,49" hai3="14,64,5,60,67,132,123,72,55,24,46,92,112"/><W81/><G112/><T95/><D124/><U103/><E31/><V48/><F129/><W77/><G123/><T34/><D34/><U37/><E131/><V74/><F74/><W100/><G132/><T94/><D133/><U108/><E135/><V15/><F121/><W70/><G24/><T76/><D68/><U85/><E116/><V9/><F118/><W73/><G67/><T130/><D130/><U107/><E19/><N who="2" m="10367" /><F117/><W12/><G73/><T50/><D105/><N who="1" m="40523" /><E103/><V134/><F134/><W3/><G3/><T102/><D75/><U89/><E45/><V125/><F125/><W57/><G46/><N who="0" m="25927" /><D102/><U35/><E42/><V11/><F99/><W28/><G28/><T0/><D0/><U120/><E35/><V119/><F101/><W82/><G82/><N who="0" m="49623" /><D76/><N who="1" m="29227" /><E37/><V126/><F126/><W69/><G69/><T58/><AGARI ba="0,0" hai="13,16,21,51,53,58,94,95" m="49623,25927" machi="58" ten="30,2000,0" yaku="8,1,54,1" doraHai="4" who="0" fromWho="0" sc="235,20,219,-5,281,-5,265,-10" />
</Scene>
<Scene>
<INIT seed="4,0,0,5,5,43" ten="255,214,276,255" oya="0" hai0="91,103,77,36,122,23,88,47,64,56,41,7,37" hai1="65,38,110,32,28,114,10,130,20,108,17,109,131" hai2="97,67,27,8,116,69,54,90,92,133,82,113,76" hai3="85,107,132,98,61,118,104,63,46,95,70,83,9"/><T19/><D122/><U87/><E38/><V100/><F113/><W112/><G118/><T115/><D115/><U79/><E114/><V80/><F116/><W66/><G112/><T31/><D37/><U99/><E65/><V96/><F133/><W111/><G111/><T78/><D103/><U58/><E58/><V135/><F135/><W126/><G126/><T93/><D7/><U12/><E99/><V16/><F67/><W1/><G63/><T55/><D64/><U33/><E87/><V125/><F69/><W18/><G46/><T89/><D31/><U134/><E79/><V53/><F125/><W84/><G84/><T124/><D124/><U81/><E81/><V51/><F76/><W22/><G9/><T94/><D78/><U21/><E134/><V86/><F96/><W0/><G104/><T128/><D77/><U48/><E48/><V106/><F53/><W25/><G107/><T72/><D72/><U119/><E119/><V4/><F4/><W26/><G26/><T44/><D128/><N who="1" m="49195" /><E28/><V6/><F6/><W11/><G132/><T39/><D39/><U105/><E105/><V68/><F68/><W42/><G83/><T71/><D71/><U127/><E127/><V2/><F80/><W73/><G73/><T15/><REACH who="0" step="1"/><D47/><REACH who="0" ten="245,214,276,255" step="2"/><U129/><E129/><V60/><F100/><W45/><G70/><T49/><AGARI ba="0,1" hai="15,19,23,36,41,44,49,55,56,88,89,91,93,94" machi="49" ten="30,12000,1" yaku="1,1,2,1,0,1,52,1,54,1,53,0" doraHai="43" doraHaiUra="24" who="0" fromWho="0" sc="245,130,214,-40,276,-40,255,-40" />
</Scene>
<Scene>
<INIT seed="4,1,0,2,1,82" ten="375,174,236,215" oya="0" hai0="79,120,25,31,83,55,10,102,100,126,70,46,41" hai1="33,48,19,32,56,90,35,76,94,72,103,43,119" hai2="3,99,63,110,85,4,65,69,113,92,97,6,49" hai3="14,107,108,13,84,64,125,2,81,131,77,129,18"/><T62/><D120/><U37/><E119/><V89/><F110/><W80/><G108/><T28/><D126/><U27/><E103/><V109/><F109/><W132/><G2/><T96/><D10/><U22/><E37/><V106/><F113/><W47/><G107/><T50/><D96/><U112/><E112/><V61/><F61/><W123/><G125/><T8/><D8/><U127/><E127/><V87/><F3/><W117/><G117/><T30/><D25/><U116/><E116/><V73/><F73/><W124/><G124/><T130/><D130/><N who="3" m="49673" /><G123/><T0/><D0/><U133/><E133/><V39/><F39/><W88/><G132/><T66/><REACH who="0" step="1"/><D41/><REACH who="0" ten="365,174,236,215" step="2"/><U121/><E43/><V71/><F99/><W7/><G7/><T16/><D16/><U93/><E121/><V12/><F6/><W54/><G18/><T57/><D57/><U59/><E59/><V9/><F106/><W128/><G128/><T105/><D105/><U75/><E56/><V67/><F9/><W23/><G64/><T53/><D53/><U40/><E40/><V104/><F4/><W68/><G68/><T101/><D101/><U95/><E19/><V26/><F104/><W42/><G54/><T58/><D58/><U15/><E27/><V74/><F26/><W114/><G114/><T91/><D91/><U38/><E90/><V134/><F69/><W118/><G118/><T44/><D44/><U111/><E111/><V5/><F71/><W45/><G45/><T11/><D11/><U29/><E29/><V1/><F67/><W17/><G47/><T36/><D36/><RYUUKYOKU ba="1,1" sc="365,30,174,-10,236,-10,215,-10" hai0="28,30,31,46,50,55,62,66,70,79,83,100,102" />
</Scene>
<Scene>
<INIT seed="4,2,1,2,0,108" ten="395,164,226,205" oya="0" hai0="22,49,27,14,5,81,24,129,131,98,110,61,37" hai1="66,104,48,130,79,123,13,82,43,64,90,28,16" hai2="112,12,96,93,26,106,134,47,68,32,11,103,62" hai3="45,69,71,33,46,63,56,44,133,95,4,38,31"/><T74/><D37/><U29/><E123/><V126/><F112/><W75/><G75/><T50/><D110/><U23/><E104/><V73/><F73/><W77/><G77/><T60/><D98/><U83/><E130/><N who="0" m="49673" /><D5/><U124/><E124/><V99/><F126/><W116/><G4/><T55/><D14/><U132/><E132/><V15/><F134/><W111/><G111/><T2/><D2/><U92/><E48/><N who="0" m="18537" /><D55/><U40/><E40/><V97/><F47/><W118/><G133/><T102/><D102/><U39/><E43/><V54/><F99/><W18/><G38/><T21/><D81/><U25/><E39/><V57/><F11/><W117/><G95/><T122/><D122/><U51/><E51/><V85/><F15/><W109/><G109/><T100/><D100/><U65/><E79/><V78/><F12/><W91/><G91/><T35/><D35/><U114/><E114/><V3/><F3/><W36/><G36/><T128/><D74/><U115/><E115/><V76/><F85/><W88/><G88/><T80/><D80/><N who="1" m="30763" /><E13/><V53/><F76/><W6/><G6/><T89/><D89/><U94/><E94/><V135/><F78/><W120/><G120/><T42/><D42/><U87/><AGARI ba="2,1" hai="16,23,25,28,29,64,65,66,87,90,92" m="30763" machi="87" ten="30,2000,0" yaku="8,1,54,1" doraHai="108" who="1" fromWho="1" sc="395,-12,164,36,226,-7,205,-7" />
</Scene>
<Scene>
<INIT seed="5,0,0,3,5,40" ten="383,200,219,198" oya="1" hai0="27,36,43,2,108,102,1,80,106,92,121,100,60" hai1="93,101,134,120,94,37,56,75,127,53,98,113,61" hai2="33,131,11,50,87,88,125,12,22,41,86,64,13" hai3="63,73,32,4,49,21,38,84,111,48,135,44,132"/><U5/><E75/><V26/><F33/><W0/><G73/><T6/><D106/><U91/><E37/><V99/><F131/><W8/><G111/><T14/><D27/><U62/><E120/><V115/><F125/><W83/><G32/><T51/><D36/><U15/><E127/><V17/><F115/><W123/><G123/><T116/><D116/><U47/><E113/><V110/><F110/><W128/><G128/><T118/><D118/><U16/><E5/><V103/><F64/><W66/><G21/><T25/><D25/><U79/><E79/><V126/><F126/><W71/><G38/><T72/><D60/><U70/><E134/><N who="3" m="51242" /><G44/><T77/><D1/><U129/><E129/><V122/><F122/><W7/><G7/><T42/><D2/><U23/><E70/><V114/><F114/><W39/><G39/><T107/><D107/><U74/><E74/><V30/><F103/><W112/><G112/><T96/><D102/><U124/><E124/><V104/><F104/><W89/><AGARI ba="0,0" hai="0,4,8,48,49,63,66,71,83,84,89" m="51242" machi="89" ten="30,1100,0" yaku="20,1" doraHai="40" who="3" fromWho="3" sc="383,-3,200,-5,219,-3,198,11" />
</Scene>
<Scene>
<INIT seed="6,0,0,3,2,0" ten="380,195,216,209" oya="2" hai0="103,91,60,78,107,118,71,116,59,85,100,110,134" hai1="68,46,64,15,62,44,16,81,128,70,99,104,21" hai2="7,45,19,96,120,83,50,88,112,65,67,121,124" hai3="98,18,76,114,54,97,72,102,48,82,69,61,117"/><V17/><F112/><W135/><G117/><N who="0" m="45163" /><D110/><U63/><E128/><V29/><F124/><W42/><G135/><T123/><D123/><U109/><E109/><V24/><F121/><W56/><G114/><T131/><D131/><U30/><E30/><V92/><F120/><W73/><G73/><T94/><D107/><U4/><E81/><V5/><F83/><W86/><G72/><T33/><D33/><U53/><E4/><N who="2" m="1611" /><F29/><W115/><G115/><T3/><D3/><U66/><REACH who="1" step="1"/><E53/><REACH who="1" ten="380,185,216,209" step="2"/><N who="2" m="29903" /><F24/><W39/><G82/><T26/><D134/><U22/><E22/><V90/><F90/><W6/><G54/><T89/><D89/><U87/><E87/><V119/><F119/><W13/><G86/><T111/><D111/><U32/><E32/><V51/><F51/><W23/><G48/><T41/><D91/><U79/><E79/><V129/><F129/><W40/><G76/><T28/><D78/><U113/><E113/><V55/><F55/><W130/><G130/><T25/><D28/><U108/><E108/><V106/><F106/><W127/><G39/><T34/><D34/><U95/><E95/><V80/><F80/><W105/><G105/><T2/><D26/><U14/><E14/><V35/><F35/><W9/><G13/><T8/><D25/><U49/><E49/><V58/><F58/><W77/><G56/><T101/><D59/><U43/><E43/><V52/><F52/><W75/><G42/><T93/><D41/><U37/><E37/><V74/><F74/><W38/><G40/><T122/><D122/><U31/><E31/><V47/><F47/><RYUUKYOKU ba="0,1" sc="380,-15,185,15,216,15,209,-15" hai1="15,16,21,44,46,62,63,64,66,68,70,99,104" hai2="17,19,65,67,88,92,96" />
</Scene>
<Scene>
<INIT seed="6,1,1,4,3,115" ten="365,200,231,194" oya="2" hai0="45,90,134,86,126,53,15,21,36,58,26,102,108" hai1="41,71,52,106,29,70,39,9,62,82,113,125,4" hai2="96,11,60,32,48,25,3,135,104,0,33,63,103" hai3="69,107,56,92,24,55,43,123,101,98,133,7,131"/><V17/><F135/><W16/><G123/><T110/><D134/><U114/><E106/><V12/><F48/><W54/><G69/><T117/><D117/><U83/><E29/><V35/><REACH who="2" step="1"/><F25/><REACH who="2" ten="365,200,221,194" step="2"/><W118/><G24/><T132/><D132/><U31/><E113/><V38/><F38/><W72/><G133/><T97/><D36/><U127/><E114/><V95/><F95/><W129/><G92/><T47/><D26/><U94/><E94/><V68/><F68/><W64/><G107/><T2/><D110/><U121/><E121/><V120/><F120/><W73/><G131/><T93/><D108/><U77/><E71/><V79/><F79/><W30/><G129/><T67/><D93/><U81/><E70/><V57/><F57/><W13/><G56/><T27/><D58/><N who="1" m="35143" /><E77/><V14/><F14/><W88/><G13/><T50/><D15/><N who="1" m="5543" /><E39/><V65/><F65/><W22/><G64/><T112/><D67/><U76/><E76/><V99/><F99/><W87/><G98/><T85/><D97/><U128/><E128/><V19/><F19/><W91/><G16/><T1/><D27/><U40/><E31/><V122/><F122/><W111/><G30/><T80/><D112/><U46/><E46/><V28/><F28/><W5/><G111/><T59/><D50/><U116/><E116/><V66/><F66/><W37/><G118/><T124/><D47/><U23/><E125/><V10/><F10/><W100/><G37/><T51/><D45/><U89/><E127/><V130/><F130/><W61/><G43/><N who="1" m="16458" /><E23/><V6/><F6/><W74/><G22/><RYUUKYOKU ba="1,2" sc="365,-15,200,15,221,15,194,-15" hai1="81,82,83,89" hai2="0,3,11,12,17,32,33,35,60,63,96,103,104" />
</Scene>
<Scene>
<INIT seed="6,2,2,0,0,26" ten="350,215,236,179" oya="2" hai0="106,58,100,116,39,108,29,135,74,35,9,54,25" hai1="24,131,127,114,62,61,31,123,132,119,85,70,36" hai2="93,80,94,133,87,48,56,102,113,50,120,37,5" hai3="111,99,101,64,27,30,57,72,40,128,134,69,82"/><V76/><F120/><W60/><G111/><T43/><D74/><U15/><E119/><V129/><F37/><W33/><G128/><T115/><D116/><U2/><E2/><V22/><F129/><W46/><G134/><T20/><D108/><U84/><E131/><V59/><F133/><W21/><G82/><T86/><D135/><U66/><E36/><V118/><F118/><W53/><G72/><T77/><D115/><U67/><E132/><V90/><F113/><W51/><G33/><T117/><D117/><U122/><E114/><V104/><F5/><W42/><REACH who="3" step="1"/><G69/><REACH who="3" ten="350,215,236,169" step="2"/><T11/><D35/><U16/><E123/><V126/><F126/><W41/><G41/><T110/><D43/><U1/><E122/><V44/><F80/><W4/><G4/><T7/><D7/><U95/><E127/><V18/><F76/><W96/><G96/><T124/><D77/><U78/><E78/><V34/><F34/><W75/><G75/><T63/><D124/><U89/><E85/><V8/><F87/><W107/><AGARI ba="2,3" hai="21,27,30,40,42,46,51,53,57,60,64,99,101,107" machi="107" ten="20,5200,0" yaku="1,1,0,1,7,1,52,1,53,0" doraHai="26" doraHaiUra="112" who="3" fromWho="3" sc="350,-15,215,-15,236,-28,169,88" />
</Scene>
<Scene>
<INIT seed="7,0,0,5,0,89" ten="335,200,208,257" oya="3" hai0="127,100,122,40,83,105,9,26,92,121,19,6,135" hai1="99,126,114,134,35,125,33,86,43,68,10,29,63" hai2="52,5,104,112,96,57,30,85,102,132,91,55,36" hai3="12,79,51,39,69,34,94,95,66,129,20,28,124"/><W11/><G39/><T120/><D127/><N who="1" m="48651" /><E114/><V0/><F36/><W62/><G124/><T116/><D105/><U58/><E134/><V7/><F112/><W64/><G34/><T117/><D40/><U67/><E43/><V60/><F132/><W87/><G129/><T8/><D83/><U47/><E47/><V56/><F30/><W130/><G130/><T82/><D82/><U81/><E99/><V49/><F0/><W37/><G37/><T41/><D26/><N who="1" m="18615" /><E10/><V72/><F72/><W74/><G74/><T118/><D41/><U16/><E16/><V13/><F13/><W98/><G79/><T59/><D19/><U24/><E24/><V133/><F133/><W18/><G51/><T61/><D8/><U31/><E31/><V119/><F119/><W75/><G75/><T109/><D135/><U90/><E35/><V44/><F44/><W42/><G42/><T23/><D23/><U107/><E107/><V65/><F55/><W53/><G53/><T1/><D117/><U32/><E32/><V131/><F131/><W77/><G64/><T76/><D121/><U108/><E108/><V48/><F48/><W15/><G28/><T17/><D109/><U70/><AGARI ba="0,0" hai="58,63,67,68,70,81,86,90" m="18615,48651" machi="70" ten="30,1100,0" yaku="18,1" doraHai="89" who="1" fromWho="1" sc="335,-3,200,11,208,-3,257,-5" owari="332,43.0,211,-19.0,205,-29.0,252,5.0" />
</Scene>
</mjloggm>