<mjloggm ver="2.3"><GO type="169" lobby="0"/><UN n0="%41%53%41%50%49%4E" n1="%E5%8C%97%E9%81%93%E5%B1%B1" n2="%68%61%6D%6F%6E" n3="%48%75%6E%74%65%72%5F%44" dan="19,16,16,16" rate="2265.88,2079.55,2055.50,2116.68" sx="M,M,M,M"/><TAIKYOKU oya="0"/>

<Scene>
<INIT seed="0,0,0,2,1,63" ten="250,250,250,250" oya="0" hai0="21,108,91,112,47,26,61,122,117,133,67,77,134" hai1="82,90,16,79,52,27,118,13,66,40,124,88,24" hai2="92,97,53,119,110,3,68,70,2,104,37,29,114" hai3="9,89,56,19,43,129,94,62,8,31,5,41,0"/><T30/><D112/><U18/><E118/><V84/><F114/><W78/><G129/><T85/><D117/><U71/><E40/><V113/><F37/><W120/><G120/><T130/><D122/><U80/><E124/><V32/><F113/><W51/><G31/><T87/><D130/><U4/><E4/><V103/><F119/><W1/><G78/><T42/><D77/><U72/><E52/><V76/><F110/><W6/><G19/><T83/><D87/><U127/><E127/><V45/><F45/><W109/><G51/><T96/><D96/><U98/><E90/><V14/><F14/><W22/><G22/><T28/><D28/><U38/><E38/><V57/><F29/><W54/><REACH who="3" step="1"/><G109/><REACH who="3" ten="250,250,250,240" step="2"/><T75/><D108/><U131/><E131/><V55/><F76/><W86/><AGARI ba="0,1" hai="0,1,5,6,8,9,41,43,54,56,62,86,89,94" machi="86" ten="20,8000,1" yaku="1,1,2,1,0,1,7,1,9,1,53,0" doraHai="63" doraHaiUra="74" who="3" fromWho="3" sc="250,-40,250,-20,250,-20,240,90" />
</Scene>
<Scene>
<INIT seed="1,0,0,5,4,94" ten="210,230,230,330" oya="1" hai0="47,128,0,133,2,20,16,9,130,104,113,107,59" hai1="98,53,119,127,57,12,63,10,103,82,108,39,122" hai2="102,55,69,88,90,24,132,74,13,11,68,97,112" hai3="60,70,71,40,95,124,111,37,120,75,58,79,35"/><U8/><E119/><V26/><F74/><W92/><G120/><T110/><D113/><U54/><E122/><V114/><F132/><W123/><G123/><T80/><D133/><U105/><E39/><V14/><F55/><W34/><G111/><T91/><D110/><U61/><E108/><V131/><F131/><N who="0" m="50218" /><D47/><U134/><E134/><V28/><F28/><W116/><G116/><T5/><D2/><U83/><E127/><V87/><F87/><W72/><G37/><T67/><D80/><U66/><E53/><V126/><F126/><W84/><G124/><T99/><D59/><U115/><E115/><V36/><F36/><W49/><G40/><T64/><D107/><U41/><E41/><V45/><F45/><W65/><G49/><T118/><D118/><U100/><E100/><V73/><F73/><W46/><G46/><T38/><D38/><U50/><E61/><V86/><F102/><W3/><G3/><T117/><D117/><U44/><REACH who="1" step="1"/><E8/><REACH who="1" ten="210,220,230,330" step="2"/><V78/><F11/><W33/><G60/><T21/><D9/><U51/><E51/><V43/><F43/><W6/><G65/><T42/><D64/><U27/><E27/><V48/><F48/><W15/><G71/><T62/><D62/><U17/><AGARI ba="0,1" hai="10,12,17,44,50,54,57,63,66,82,83,98,103,105" machi="17" ten="20,7800,0" yaku="1,1,0,1,7,1,52,1,53,0" doraHai="94" doraHaiUra="89" who="1" fromWho="1" sc="210,-26,220,88,230,-26,330,-26" />
</Scene>
<Scene>
<INIT seed="1,1,0,0,4,102" ten="184,308,204,304" oya="1" hai0="50,135,15,87,37,79,52,130,92,104,27,109,54" hai1="133,33,40,113,114,23,22,44,72,71,11,69,6" hai2="25,14,74,91,34,107,100,101,7,121,53,60,73" hai3="127,115,0,112,98,39,43,120,90,125,30,119,111"/><U58/><E72/><V95/><F121/><W55/><G120/><T62/><D37/><U59/><E33/><V108/><F108/><W51/><G111/><T122/><D109/><U86/><E86/><V97/><F101/><W12/><G0/><T84/><D122/><U28/><E69/><V19/><F7/><W96/><G30/><T9/><D130/><U35/><E35/><V17/><F17/><W20/><G119/><T13/><D135/><U82/><E71/><V117/><F117/><W5/><G43/><T81/><D104/><U49/><E82/><V42/><F42/><W41/><G41/><T63/><D27/><U65/><E133/><V75/><F34/><W68/><G68/><T85/><D54/><U29/><E29/><V126/><F25/><W38/><G5/><T116/><D116/><U76/><E76/><V31/><F31/><W106/><G106/><T134/><D134/><U103/><E103/><V80/><F80/><W66/><G38/><T78/><D78/><U21/><E28/><V64/><F53/><W57/><G39/><T93/><D93/><U18/><E18/><V83/><F83/><W47/><G66/><T99/><D81/><U131/><E131/><V2/><F2/><W128/><G128/><T70/><D79/><U123/><E123/><V48/><F107/><W36/><G55/><T94/><D70/><U10/><E10/><N who="2" m="6615" /><F100/><W8/><G8/><T45/><D9/><U3/><REACH who="1" step="1"/><E65/><REACH who="1" ten="184,298,204,304" step="2"/><V105/><F64/><W110/><G110/><T77/><D77/><U61/><E61/><N who="0" m="23049" /><D94/><U118/><E118/><V56/><F95/><RYUUKYOKU ba="1,1" sc="184,15,298,15,204,-15,304,-15" hai0="13,15,45,50,52,84,85,87,92,99" hai1="3,6,11,21,22,23,40,44,49,58,59,113,114" />
</Scene>
<Scene>
<INIT seed="1,2,1,4,5,103" ten="199,313,189,289" oya="1" hai0="96,120,18,106,31,41,94,73,63,45,119,43,27" hai1="86,68,60,14,82,134,108,102,11,7,97,4,125" hai2="54,132,74,110,100,123,129,84,62,90,20,26,57" hai3="55,50,33,9,24,42,133,32,79,12,36,67,80"/><U70/><E134/><V21/><F74/><W38/><G133/><T39/><D119/><U49/><E125/><V93/><F123/><W48/><G67/><T13/><D73/><U53/><E108/><V51/><F132/><W1/><G1/><T89/><D120/><U58/><E7/><V72/><F72/><W76/><G76/><T71/><D43/><U118/><E118/><V83/><F110/><W30/><G33/><T92/><D92/><U81/><E60/><V22/><F129/><W126/><G126/><T61/><D71/><U77/><REACH who="1" step="1"/><E82/><REACH who="1" ten="199,303,189,289" step="2"/><V28/><F62/><W69/><G80/><T127/><D127/><U112/><E112/><V29/><F28/><W113/><G30/><T17/><D61/><U88/><E88/><V99/><AGARI ba="2,2" hai="20,21,22,26,29,51,54,57,83,84,90,93,99,100" machi="99" ten="30,2000,0" yaku="0,1,8,1" doraHai="103" who="2" fromWho="2" sc="199,-7,303,-12,189,46,289,-7" />
</Scene>
<Scene>
<INIT seed="2,0,0,3,5,103" ten="192,291,235,282" oya="2" hai0="82,37,85,101,49,93,14,113,105,19,132,78,114" hai1="70,40,117,48,134,27,87,41,124,10,135,12,16" hai2="63,18,59,44,126,32,73,53,8,65,31,120,76" hai3="7,84,102,125,83,30,115,88,96,130,107,45,21"/><V9/><F120/><W33/><G125/><T46/><D132/><N who="1" m="50731" /><E124/><V47/><F126/><W94/><G130/><T131/><D131/><U23/><E70/><V0/><F9/><W108/><G108/><T6/><D37/><U43/><E117/><V91/><F76/><W86/><G115/><T34/><D34/><U55/><E87/><V133/><F73/><W123/><G123/><T42/><D93/><U118/><E118/><V67/><F133/><W50/><G7/><T92/><D92/><U54/><E48/><V75/><F75/><W106/><G33/><T3/><D3/><U128/><E128/><V80/><F31/><AGARI ba="0,0" hai="10,12,16,23,27,31,40,41,43,54,55" m="50731" machi="31" ten="30,2000,0" yaku="20,1,54,1" doraHai="103" who="1" fromWho="2" sc="192,0,291,20,235,-20,282,0" />
</Scene>
<Scene>
<INIT seed="3,0,0,3,1,117" ten="192,311,215,282" oya="3" hai0="95,18,43,104,90,96,61,110,10,94,31,106,108" hai1="35,20,93,41,62,74,76,114,39,47,67,134,75" hai2="127,15,19,128,126,64,32,107,131,52,109,68,86" hai3="58,83,88,55,135,125,33,105,17,84,91,132,38"/><W121/><G121/><T34/><D43/><U59/><E35/><V98/><F109/><N who="0" m="42090" /><D34/><U65/><E114/><V79/><F32/><W123/><G123/><T27/><D31/><U122/><E122/><V82/><F64/><W66/><G125/><N who="2" m="47625" /><F68/><W120/><G120/><T45/><D45/><U116/><E116/><V7/><F7/><W81/><G33/><T101/><D61/><U111/><E111/><V22/><F107/><N who="0" m="41002" /><D27/><U13/><E67/><V78/><F98/><W21/><G105/><N who="0" m="63655" /><D18/><U51/><E39/><V9/><F78/><W112/><G38/><T119/><D10/><U89/><E76/><V50/><F9/><W53/><G66/><T118/><D95/><U85/><E13/><V6/><F6/><W92/><G55/><T99/><AGARI ba="0,0" hai="90,94,99,118,119" m="63655,41002,42090" machi="99" ten="30,4000,0" yaku="14,1,34,2" doraHai="117" who="0" fromWho="0" sc="192,40,311,-10,215,-10,282,-20" />
</Scene>
<Scene>
<INIT seed="4,0,0,4,5,96" ten="232,301,205,262" oya="0" hai0="67,104,82,85,115,89,32,135,125,33,121,3,74" hai1="50,110,94,129,30,46,9,79,34,53,54,66,17" hai2="73,42,28,107,15,60,106,114,20,65,97,101,47" hai3="86,70,29,58,35,43,61,5,93,92,108,88,41"/><T38/><RYUUKYOKU type="yao9" ba="0,0" sc="232,0,301,0,205,0,262,0" hai0="3,32,33,38,67,74,82,85,89,104,115,121,125,135" />
</Scene>
<Scene>
<INIT seed="4,1,0,4,4,49" ten="232,301,205,262" oya="0" hai0="135,67,41,17,134,18,47,7,125,53,60,77,37" hai1="133,72,130,21,132,23,108,4,92,117,25,124,131" hai2="1,48,73,43,33,129,3,114,69,8,15,35,56" hai3="84,80,27,79,110,97,111,113,126,61,65,36,109"/><T59/><D125/><U85/><E72/><V52/><F69/><W107/><G126/><T38/><D38/><U46/><E124/><V45/><F73/><W51/><G113/><T13/><D77/><U39/><E117/><V58/><F114/><W2/><G36/><T78/><D78/><U90/><E4/><V12/><F129/><N who="1" m="49161" /><E108/><V70/><F70/><W40/><G2/><T119/><D119/><U102/><E102/><V30/><F58/><W68/><G27/><T103/><D103/><U16/><E23/><V100/><F100/><W31/><G31/><T14/><D7/><U101/><E101/><V62/><F15/><W5/><G5/><T120/><D120/><U112/><E112/><V96/><F96/><W95/><G107/><T98/><D98/><U86/><E86/><V22/><F22/><W10/><G10/><T6/><D6/><U89/><E89/><V115/><F115/><W24/><G24/><T32/><D32/><U71/><E71/><V54/><F30/><W75/><G75/><T55/><D14/><U127/><E127/><V28/><F28/><W11/><G11/><N who="0" m="6335" /><D18/><U99/><E99/><V66/><F35/><W19/><G19/><T63/><D63/><U76/><E76/><V91/><F91/><W50/><REACH who="3" step="1"/><G40/><AGARI ba="1,0" hai="16,21,25,39,40,46,85,90,92,132,133" m="49161" machi="40" ten="30,2000,0" yaku="19,1,54,1" doraHai="49" who="1" fromWho="3" sc="232,0,301,23,205,0,262,-23" />
</Scene>
<Scene>
<INIT seed="5,0,0,5,4,64" ten="232,324,205,239" oya="1" hai0="46,96,65,3,81,99,45,79,115,66,130,89,4" hai1="34,21,69,36,78,22,113,43,50,52,87,30,120" hai2="77,135,123,56,102,15,9,100,32,88,6,26,106" hai3="71,38,44,10,121,83,67,55,57,117,119,33,107"/><U11/><E120/><V42/><F123/><W75/><G121/><T12/><D3/><U59/><E69/><V68/><F135/><W98/><G33/><T16/><D4/><U8/><E113/><V131/><F131/><W94/><G107/><T129/><D115/><U97/><E34/><V0/><F77/><W93/><G10/><T70/><D46/><U51/><E36/><V5/><F42/><N who="3" m="22615" /><G98/><T28/><D45/><U19/><E43/><V90/><F0/><W23/><G23/><T105/><D28/><U40/><E40/><V118/><F118/><N who="3" m="45067" /><G83/><T60/><D66/><U124/><E51/><V92/><F5/><W110/><G75/><T35/><D35/><U72/><E72/><V125/><F106/><W1/><G1/><T85/><D79/><U7/><E7/><V37/><F32/><W95/><G110/><T53/><D53/><U74/><E74/><V86/><F6/><W73/><G73/><T91/><D91/><U14/><E97/><V114/><F90/><W111/><G111/><T17/><D17/><U29/><E29/><V127/><F88/><W134/><G134/><T61/><D61/><U122/><E122/><V112/><F112/><W82/><G82/><T24/><D24/><U101/><E101/><V54/><F102/><W108/><G108/><T31/><D31/><U104/><E104/><V103/><F103/><W132/><G132/><T63/><D105/><U76/><E30/><V48/><F100/><W25/><G25/><T47/><D96/><U126/><E87/><V128/><F114/><W41/><G41/><T62/><D99/><RYUUKYOKU ba="0,0" sc="232,0,324,0,205,0,239,0" />
</Scene>
<Scene>
<INIT seed="6,1,0,1,5,60" ten="232,324,205,239" oya="2" hai0="9,61,31,94,10,1,126,47,100,85,28,23,43" hai1="67,52,5,114,64,79,76,84,75,21,90,129,92" hai2="101,128,82,27,74,39,19,86,41,46,58,134,65" hai3="112,17,110,71,108,123,18,12,80,7,38,50,69"/><V44/><F128/><W127/><G123/><T33/><D33/><U105/><E105/><V15/><F74/><W119/><G119/><T107/><D107/><U51/><E129/><V73/><F73/><W93/><G38/><T125/><D61/><U42/><E114/><V135/><F101/><W36/><G36/><T59/><D59/><U89/><E42/><V68/><F68/><W118/><G118/><T57/><D57/><U66/><E5/><V40/><F27/><W87/><G112/><T120/><D120/><U88/><E21/><V98/><F98/><W3/><G18/><T13/><D1/><U117/><E117/><V2/><F2/><W54/><G93/><T72/><D72/><U78/><E75/><V62/><F41/><W53/><G53/><T49/><D23/><U55/><E55/><V77/><REACH who="2" step="1"/><F46/><AGARI ba="1,0" hai="46,51,52,64,66,67,76,78,79,84,88,89,90,92" machi="46" ten="40,12000,2" yaku="8,1,52,3,54,2" doraHai="60" who="1" fromWho="2" sc="232,0,324,123,205,-123,239,0" />
</Scene>
<Scene>
<INIT seed="7,0,0,1,3,33" ten="232,447,82,239" oya="3" hai0="30,11,91,79,126,109,19,40,135,121,59,122,117" hai1="90,24,20,93,106,0,52,83,56,68,4,31,130" hai2="92,7,14,15,72,12,127,28,81,48,45,53,103" hai3="74,118,54,3,95,80,125,100,2,17,132,97,78"/><W10/><G118/><T62/><D117/><U71/><E106/><V113/><F113/><W99/><G132/><T16/><D109/><U18/><E83/><V123/><F127/><W116/><G116/><T63/><D135/><U75/><E75/><V94/><F123/><W35/><G125/><T49/><D126/><U60/><E130/><V32/><F7/><W77/><G35/><T58/><D79/><U55/><E55/><V104/><F104/><W69/><G69/><T101/><D101/><U39/><E39/><V6/><F6/><W82/><G54/><N who="0" m="34167" /><D121/><U88/><E90/><V98/><F94/><W124/><G124/><T70/><D70/><U47/><E47/><V37/><F37/><W67/><G67/><N who="0" m="39415" /><D30/><U44/><E44/><V51/><F28/><W108/><G108/><T96/><D11/><U8/><E31/><V134/><F32/><W50/><G50/><T43/><D122/><U57/><E57/><V42/><F72/><W89/><G10/><T13/><D49/><U107/><E107/><V115/><F115/><W87/><G17/><N who="0" m="6731" /><D13/><U111/><E111/><V5/><F134/><W66/><G66/><T76/><D76/><U114/><E114/><V105/><F105/><AGARI ba="0,0" hai="2,3,74,77,78,80,82,87,89,95,97,99,100,105" machi="105" ten="30,5800,0" yaku="7,1,52,2" doraHai="33" who="3" fromWho="2" sc="232,0,447,0,82,-58,239,58" />
</Scene>
<Scene>
<INIT seed="7,1,0,0,3,88" ten="232,447,24,297" oya="3" hai0="80,42,112,10,96,131,94,124,54,108,76,83,122" hai1="68,133,97,29,84,134,17,85,69,8,78,79,125" hai2="35,120,38,26,111,73,128,65,89,44,9,2,99" hai3="53,37,102,100,135,3,24,82,52,58,31,103,113"/><W71/><G3/><T21/><D108/><U105/><E29/><V95/><F65/><W126/><G71/><T49/><D122/><U59/><E59/><V57/><F57/><W70/><G70/><T87/><D131/><U98/><E125/><V101/><F44/><W61/><G126/><T0/><D124/><U40/><E40/><V72/><F38/><W93/><G37/><T63/><D112/><U12/><E69/><V33/><F26/><W7/><G7/><T90/><D63/><U75/><E68/><V123/><F9/><W48/><G113/><T18/><D42/><U110/><E75/><V19/><F19/><W45/><G135/><N who="1" m="51722" /><E110/><V20/><F20/><N who="3" m="15751" /><G82/><T47/><D83/><U16/><E17/><V36/><F2/><W5/><G5/><T55/><D0/><U66/><E66/><V116/><F36/><W107/><G107/><T15/><REACH who="0" step="1"/><D55/><REACH who="0" ten="222,447,24,297" step="2"/><U41/><E41/><V1/><F1/><W43/><G53/><T86/><D86/><U4/><E85/><V34/><F128/><W14/><G14/><T91/><D91/><U130/><E84/><V56/><F111/><W46/><G46/><T114/><D114/><U119/><E12/><V6/><F116/><W106/><G106/><T25/><D25/><U23/><E105/><V77/><F77/><W74/><G74/><T64/><D64/><U121/><E119/><V50/><F73/><W11/><G11/><AGARI ba="1,1" hai="10,11,15,18,21,47,49,54,76,80,87,90,94,96" machi="11" ten="40,5200,0" yaku="1,1,8,1,52,1,53,0" doraHai="88" doraHaiUra="39" who="0" fromWho="3" sc="222,65,447,0,24,0,297,-55" owari="287,9.0,447,55.0,24,-48.0,242,-16.0" />
</Scene>
</mjloggm>