<mjloggm ver="2.3"><GO type="169"/><UN n0="%41%53%41%50%49%4E" n1="%6B%69%63%6B%63%68%69" n2="%2B%E6%B1%A0%E7%94%B0%E8%8F%AF%E8%8F%9C%2B" n3="%E3%81%AF%E3%82%86%E3%81%86" dan="18,17,16,17" rate="2247,2141,2146,2096" sx="M,M,F,M"/><TAIKYOKU oya="0"/>

<Scene>
<INIT seed="0,0,0,1,0,85" ten="250,250,250,250" oya="0" hai0="68,30,67,89,51,50,110,42,103,100,60,64,78" hai1="4,69,52,41,115,34,19,16,118,10,17,2,108" hai2="27,116,135,119,91,9,62,130,8,12,49,106,128" hai3="22,43,47,44,122,56,39,81,66,23,73,77,28"/><T114/><D114/><U3/><E69/><V35/><F106/><W117/><G117/><N who="2" m="45129" /><F135/><W82/><G122/><T133/><D110/><U54/><E118/><V25/><F62/><W121/><G121/><T102/><D133/><U96/><E115/><V112/><F112/><W90/><G28/><T125/><D125/><U1/><E34/><V131/><F49/><W33/><G33/><T113/><D113/><U53/><E108/><V93/><F35/><W75/><G47/><T84/><D78/><U129/><E129/><V57/><F57/><W5/><G5/><T37/><D64/><U65/><E65/><V80/><F80/><W132/><G132/><T26/><D42/><U11/><E41/><V18/><F8/><N who="1" m="3113" /><E96/><AGARI ba="0,0" hai="9,12,18,25,27,91,93,96,128,130,131" m="45129" machi="96" ten="40,5200,0" yaku="19,1,12,1,52,1" doraHai="85" who="2" fromWho="1" sc="250,0,250,-52,250,52,250,0" />
</Scene>
<Scene>
<INIT seed="1,0,0,4,4,10" ten="250,198,302,250" oya="1" hai0="35,39,121,38,123,3,49,42,125,111,6,109,1" hai1="52,85,75,103,57,133,119,126,77,30,34,117,78" hai2="87,101,17,88,72,73,134,114,32,128,106,19,21" hai3="116,50,8,98,129,70,27,59,107,76,74,56,47"/><U60/><E75/><V82/><F32/><W83/><G129/><T112/><D49/><U96/><E126/><V22/><F128/><W36/><G36/><T99/><D99/><U81/><E133/><V66/><F66/><W89/><G70/><T113/><D42/><U94/><REACH who="1" step="1"/><E78/><REACH who="1" ten="250,188,302,250" step="2"/><V61/><F134/><W84/><G116/><T40/><D125/><U80/><E80/><V104/><F73/><W29/><G74/><T127/><D127/><U62/><E62/><V13/><F61/><W63/><G76/><T132/><D132/><U97/><E97/><V48/><F72/><W100/><G63/><T7/><D123/><U71/><E71/><V5/><F82/><W110/><G83/><T15/><D121/><U44/><E44/><V2/><F87/><W130/><G98/><T37/><D113/><U105/><E105/><V58/><F106/><W91/><G107/><T20/><D112/><U93/><E93/><V64/><F104/><W23/><G47/><T86/><D86/><U55/><E55/><V4/><F114/><W33/><G84/><T18/><D40/><U108/><E108/><V24/><F64/><W45/><G110/><T26/><D111/><U67/><E67/><V90/><F58/><W25/><G59/><T51/><D109/><U120/><E120/><V0/><F101/><W124/><G100/><T68/><D68/><U95/><E95/><V53/><F53/><N who="3" m="29903" /><G56/><T46/><D46/><U135/><E135/><V65/><F65/><W122/><G124/><T11/><D38/><U54/><E54/><V14/><F90/><W92/><G122/><RYUUKYOKU ba="0,1" sc="250,-10,188,30,302,-10,250,-10" hai1="30,34,52,57,60,77,81,85,94,96,103,117,119" />
</Scene>
<Scene>
<INIT seed="1,1,1,3,2,105" ten="240,218,292,240" oya="1" hai0="104,93,18,39,22,118,66,125,124,76,30,129,73" hai1="40,42,81,27,135,79,113,91,77,116,100,38,126" hai2="72,85,102,71,92,94,134,47,106,61,15,60,97" hai3="65,14,88,67,127,12,103,108,69,80,4,99,121"/><U26/><E116/><V132/><F72/><W34/><G34/><T10/><D118/><U133/><E113/><V13/><F47/><W117/><G121/><T3/><D104/><U55/><E100/><V32/><F32/><W98/><G117/><T90/><D39/><U123/><E123/><V7/><F7/><W35/><G35/><T8/><D30/><U28/><E126/><N who="0" m="48745" /><D3/><U6/><E6/><V89/><F106/><W96/><G127/><T110/><D66/><N who="3" m="25097" /><G69/><T114/><D114/><U57/><E91/><V59/><F71/><W112/><G112/><T111/><D129/><U50/><E79/><V128/><F128/><W41/><G41/><N who="1" m="15978" /><E38/><V86/><F86/><N who="3" m="50247" /><G108/><N who="0" m="41515" /><D73/><N who="1" m="43183" /><E28/><V16/><F15/><N who="3" m="5675" /><G4/><T49/><D76/><U64/><E64/><V19/><F19/><W82/><G82/><T17/><D17/><U25/><E25/><V45/><F16/><W75/><G75/><T29/><D29/><U58/><E27/><V107/><F107/><W54/><G54/><T36/><D36/><U23/><E26/><V24/><F24/><W53/><G53/><T83/><D18/><U62/><E23/><V37/><F37/><W68/><G68/><T20/><D22/><U122/><E122/><V9/><F45/><W11/><G11/><N who="0" m="4139" /><D20/><U130/><E130/><V0/><F9/><W63/><G63/><T52/><D83/><U2/><E2/><V56/><F0/><W78/><G78/><T43/><D43/><U119/><E119/><V74/><F60/><W115/><G115/><T120/><D120/><U5/><E5/><V109/><F61/><W44/><G44/><RYUUKYOKU ba="1,1" sc="240,-15,218,15,292,-15,240,15" hai1="50,55,57,58,62,133,135" hai3="96,98,99,103" />
</Scene>
<Scene>
<INIT seed="1,2,1,5,1,65" ten="225,233,277,255" oya="1" hai0="86,123,8,92,1,88,71,52,59,15,19,120,112" hai1="11,130,108,56,62,47,32,0,44,26,113,87,35" hai2="119,5,21,4,73,93,67,29,115,45,33,6,25" hai3="46,60,109,58,95,48,68,111,9,96,104,57,116"/><U27/><E113/><V105/><F119/><W75/><G75/><T70/><D1/><U28/><E130/><V106/><F73/><W42/><G104/><T125/><D125/><U40/><E108/><N who="3" m="41546" /><G9/><T61/><D112/><U54/><E87/><V31/><F115/><W76/><G76/><T102/><REACH who="0" step="1"/><D102/><REACH who="0" ten="215,233,277,255" step="2"/><U85/><E0/><V34/><F34/><W101/><G116/><T10/><D10/><U69/><E11/><V2/><F33/><W83/><G83/><T99/><D99/><U7/><E35/><V84/><F2/><W82/><G82/><T132/><D132/><U51/><E32/><V127/><F127/><W22/><G22/><T23/><D23/><U12/><E85/><V134/><F21/><W118/><G118/><T124/><D124/><U100/><E100/><V114/><F84/><W90/><G101/><T38/><D38/><U126/><E126/><V37/><F37/><W64/><AGARI ba="2,2" hai="42,46,48,57,58,60,64,68,90,95,96" m="41546" machi="64" ten="30,2000,0" yaku="14,1,52,1" doraHai="65" who="3" fromWho="3" sc="215,-7,233,-12,277,-7,255,46" />
</Scene>
<Scene>
<INIT seed="2,0,0,0,2,17" ten="208,221,270,301" oya="2" hai0="37,33,118,96,104,54,130,30,81,107,0,21,5" hai1="9,106,13,52,135,47,133,20,59,42,27,119,77" hai2="122,69,78,19,103,15,60,43,71,68,126,39,100" hai3="35,124,28,64,3,128,24,44,112,82,121,95,109"/><V67/><F122/><W115/><G121/><T7/><D33/><U132/><E106/><V14/><F126/><W92/><G124/><T46/><D130/><U22/><E119/><V51/><F39/><W10/><G128/><T99/><D118/><U84/><E27/><V36/><F36/><W31/><G109/><T41/><D104/><U125/><E125/><V38/><F38/><W113/><G64/><T65/><D65/><U4/><E47/><V123/><F123/><W97/><G44/><T116/><D116/><U76/><E42/><V131/><F131/><W8/><G82/><T117/><D117/><U98/><E98/><V86/><F43/><W127/><G127/><T48/><D107/><U75/><E75/><V50/><F15/><W73/><G73/><T111/><D111/><U114/><E114/><V16/><F19/><W83/><G83/><T79/><D21/><N who="1" m="8299" /><E84/><V6/><F86/><W61/><G3/><T55/><D30/><U56/><E56/><V101/><F78/><W90/><G28/><T94/><D96/><U11/><E11/><V134/><F68/><W102/><REACH who="3" step="1"/><G61/><AGARI ba="0,0" hai="4,9,13,52,59,61,76,77,132,133,135" m="8299" machi="61" ten="30,8000,1" yaku="20,1,52,3,54,1" doraHai="17" who="1" fromWho="3" sc="208,0,221,80,270,0,301,-80" />
</Scene>
<Scene>
<INIT seed="3,0,0,5,4,121" ten="208,301,270,221" oya="3" hai0="45,23,126,38,17,12,89,106,46,117,24,57,91" hai1="14,105,31,35,104,114,75,40,66,48,5,51,53" hai2="88,7,42,27,25,97,10,6,85,115,22,49,64" hai3="72,55,127,116,110,33,122,50,83,59,8,109,100"/><W47/><G122/><T78/><D117/><U9/><E75/><V111/><F115/><W63/><G116/><T112/><D112/><U26/><E114/><V4/><F64/><W131/><G131/><T56/><D106/><U43/><E66/><V67/><F67/><W19/><G127/><T86/><D126/><U124/><E124/><V32/><F32/><W130/><G130/><T30/><D78/><U11/><E11/><V119/><F119/><W82/><G33/><T135/><D135/><U103/><E103/><V120/><F97/><W107/><G107/><T128/><D128/><U123/><E123/><V68/><F68/><W39/><G39/><T113/><D113/><U70/><E70/><V132/><F132/><W65/><G100/><T95/><D89/><U13/><E13/><V101/><F101/><W81/><G72/><T133/><D133/><U84/><E84/><V79/><F79/><W125/><G125/><T61/><D38/><U54/><E104/><V41/><F10/><W77/><G77/><T102/><D102/><U94/><E94/><V69/><F69/><W99/><G99/><T87/><D87/><U134/><E105/><V96/><F96/><W118/><G118/><T1/><D1/><U37/><E37/><V108/><F120/><W34/><G34/><N who="0" m="20807" /><D61/><U80/><E80/><N who="2" m="49191" /><F27/><W76/><G76/><T20/><D20/><U18/><E134/><V60/><F60/><W73/><G73/><T98/><D98/><U71/><E71/><V129/><F129/><W2/><G2/><T0/><D0/><U16/><E35/><V3/><F3/><RYUUKYOKU ba="0,0" sc="208,15,301,-15,270,-15,221,15" hai0="12,17,23,45,46,56,57,86,91,95" hai3="8,19,47,50,55,59,63,65,81,82,83,109,110" />
</Scene>
<Scene>
<INIT seed="3,1,0,3,4,95" ten="223,286,255,236" oya="3" hai0="12,33,127,31,93,114,37,48,94,72,27,24,44" hai1="5,67,40,107,65,43,128,61,22,116,73,59,9" hai2="123,83,110,57,49,70,23,6,28,105,134,115,106" hai3="21,124,30,90,66,100,85,92,81,130,1,62,41"/><W25/><G124/><T104/><D72/><U3/><E73/><V26/><F70/><W10/><G130/><T55/><D127/><U46/><E128/><V45/><F115/><W52/><G41/><T34/><D114/><U20/><E107/><V99/><F123/><W64/><G10/><T108/><D108/><U91/><E116/><V14/><F110/><W125/><G1/><T51/><D37/><U47/><E67/><V84/><F57/><N who="3" m="35111" /><G125/><T35/><D104/><U111/><E111/><V76/><F134/><W68/><G68/><T101/><D12/><U53/><E65/><V7/><F106/><W122/><G122/><T16/><D51/><U77/><E77/><V54/><REACH who="2" step="1"/><F14/><REACH who="2" ten="223,286,245,236" step="2"/><W98/><AGARI ba="1,1" hai="21,25,30,64,66,81,85,90,92,98,100" m="35111" machi="98" ten="30,6000,0" yaku="8,1,52,1,54,1" doraHai="95" who="3" fromWho="3" sc="223,-21,286,-21,245,-21,236,73" />
</Scene>
<Scene>
<INIT seed="3,2,0,4,4,105" ten="202,265,224,309" oya="3" hai0="135,117,125,90,132,104,67,38,46,131,72,84,36" hai1="86,58,133,8,87,20,61,110,5,134,81,77,63" hai2="64,49,56,21,88,118,107,83,89,47,12,60,24" hai3="80,28,99,124,7,111,0,42,74,92,18,51,41"/><W123/><G123/><T43/><D117/><U76/><E110/><V116/><F107/><W27/><G124/><T25/><D104/><U17/><E86/><V45/><F12/><W128/><G128/><T115/><D131/><U57/><E77/><V91/><F83/><W32/><G111/><T34/><D125/><U54/><E20/><V68/><F68/><W2/><G18/><T130/><D130/><U122/><E17/><V69/><F69/><W93/><G93/><T101/><D101/><U126/><E122/><V40/><REACH who="2" step="1"/><F47/><REACH who="2" ten="202,265,214,309" step="2"/><N who="3" m="26095" /><G80/><T29/><D46/><U85/><E126/><V10/><F10/><W37/><G0/><T106/><D106/><U112/><E8/><V71/><F71/><W78/><G2/><T31/><D115/><U109/><E112/><V114/><F114/><W22/><G22/><T3/><D3/><U127/><E127/><V55/><F55/><W95/><G32/><T94/><D34/><U108/><E108/><V75/><F75/><W9/><G9/><T113/><D72/><U48/><E109/><V70/><F70/><W65/><G74/><T4/><D113/><U79/><E81/><V14/><F14/><W121/><G92/><T39/><D94/><U82/><E82/><V103/><F103/><W13/><G95/><T11/><D11/><U26/><E54/><V19/><AGARI ba="2,1" hai="19,21,24,40,45,49,56,60,64,88,89,91,116,118" machi="19" ten="30,4000,0" yaku="1,1,0,1,54,1,53,0" doraHai="105" doraHaiUra="102" who="2" fromWho="2" sc="202,-12,265,-12,214,56,309,-22" />
</Scene>
<Scene>
<INIT seed="4,0,0,2,2,100" ten="190,253,270,287" oya="0" hai0="53,131,69,85,95,57,71,58,106,101,23,14,55" hai1="127,31,17,61,88,62,135,13,111,120,12,39,98" hai2="37,132,99,92,5,11,113,29,32,6,87,66,44" hai3="45,76,46,110,42,65,25,52,108,78,59,77,73"/><T70/><D131/><U33/><E120/><V34/><F113/><W18/><G73/><T8/><D23/><U74/><E74/><V122/><F122/><W81/><G81/><T43/><BYE who="3" /><D43/><U124/><E39/><V84/><F132/><W134/><G134/><T125/><D125/><N who="1" m="48203" /><E135/><V41/><F66/><W26/><G26/><T7/><D7/><U19/><E111/><V117/><F117/><W48/><G48/><T1/><D1/><U79/><E79/><UN n3="%E3%81%AF%E3%82%86%E3%81%86" /><V80/><F29/><W68/><G68/><T36/><D36/><U119/><E119/><V35/><F80/><W115/><G65/><T24/><D24/><N who="1" m="18663" /><E13/><V21/><F21/><N who="3" m="13495" /><G108/><T47/><D14/><U75/><E75/><V107/><F32/><W90/><G110/><T105/><D69/><U91/><E19/><V93/><F6/><W94/><G42/><T38/><D38/><U72/><E72/><V109/><F34/><W116/><G116/><T49/><D70/><U123/><E123/><V40/><F40/><W133/><G133/><T82/><D71/><U27/><E27/><V67/><F35/><W129/><G77/><T118/><D118/><U130/><E130/><V20/><F109/><W96/><G78/><T112/><D82/><U128/><E128/><V86/><F41/><W102/><G76/><T50/><D55/><U28/><E28/><V121/><F37/><W60/><G129/><T114/><D53/><U51/><E51/><V89/><F121/><W4/><G52/><T104/><D50/><U56/><E56/><V0/><F0/><W30/><G59/><T54/><D57/><RYUUKYOKU ba="0,0" sc="190,0,253,0,270,0,287,0" />
</Scene>
<Scene>
<INIT seed="5,1,0,1,0,131" ten="190,253,270,287" oya="1" hai0="98,77,108,20,112,42,67,52,76,1,120,29,18" hai1="64,22,50,51,55,46,107,24,14,89,32,99,28" hai2="25,8,30,100,124,57,39,78,44,3,0,128,87" hai3="116,135,7,65,70,88,47,101,81,95,27,12,127"/><U68/><E50/><V37/><F100/><W16/><G7/><T10/><D108/><U26/><E14/><V126/><F128/><W83/><G70/><T9/><D112/><U94/><E107/><V71/><F71/><W105/><G65/><T109/><D109/><U45/><E68/><V119/><F119/><W5/><G5/><T58/><D120/><U90/><E64/><V2/><F8/><W117/><G101/><T85/><D67/><U60/><E60/><V93/><F57/><W19/><G47/><T114/><D114/><U104/><E104/><V59/><F59/><W113/><G27/><T34/><D42/><U17/><E46/><V97/><F87/><W43/><G43/><T33/><D98/><U75/><E75/><V74/><F78/><W36/><G113/><T133/><D85/><U106/><E106/><V79/><F79/><W31/><G36/><T130/><D130/><U84/><REACH who="1" step="1"/><E84/><REACH who="1" ten="190,243,270,287" step="2"/><V66/><F74/><W72/><G72/><T23/><D52/><U61/><E61/><V115/><F66/><W132/><G105/><T53/><D53/><U48/><E48/><V13/><F13/><W63/><G12/><T54/><D54/><U49/><E49/><V73/><F73/><W4/><G63/><T122/><D58/><U21/><E21/><N who="2" m="15663" /><F44/><W102/><G95/><T38/><D23/><U41/><E41/><V80/><F115/><W129/><G129/><T56/><D20/><U92/><E92/><V110/><F110/><W103/><G103/><AGARI ba="1,1" hai="17,22,24,26,28,32,45,51,55,89,90,94,99,103" machi="103" ten="30,2900,0" yaku="1,1,7,1,53,0" doraHai="131" doraHaiUra="6" who="1" fromWho="3" sc="190,0,243,42,270,0,287,-32" />
</Scene>
<Scene>
<INIT seed="5,2,0,1,5,83" ten="190,285,270,255" oya="1" hai0="121,58,19,0,3,66,43,90,71,91,119,42,53" hai1="7,94,127,132,47,28,8,34,30,70,5,59,61" hai2="112,86,77,67,85,6,109,123,36,52,45,134,27" hai3="29,104,128,18,2,98,105,57,133,81,24,114,14"/><U131/><E70/><V62/><F109/><W32/><G133/><T99/><D119/><U79/><E132/><V26/><F123/><W68/><G68/><T44/><D121/><U72/><E127/><V122/><F122/><W21/><G128/><T120/><D120/><U64/><E131/><V82/><F134/><W60/><G114/><T16/><D66/><U125/><E125/><V93/><F112/><W116/><G116/><T130/><D71/><U35/><E72/><V92/><F6/><W73/><G98/><T100/><D130/><U17/><E79/><V84/><F36/><W49/><G49/><T135/><D135/><U15/><E47/><V9/><F9/><W102/><G102/><T65/><D65/><U103/><E35/><V13/><F13/><W76/><G2/><T4/><D4/><N who="1" m="1611" /><E34/><V54/><F67/><AGARI ba="2,0" hai="14,18,21,24,29,32,57,60,67,73,76,81,104,105" machi="67" ten="30,1000,0" yaku="7,1" doraHai="83" who="3" fromWho="2" sc="190,0,285,0,270,-16,255,16" />
</Scene>
<Scene>
<INIT seed="6,0,0,3,5,133" ten="190,285,254,271" oya="2" hai0="77,13,53,46,115,71,122,36,55,45,72,63,97" hai1="107,103,64,2,38,119,85,132,121,48,125,41,99" hai2="11,49,1,57,40,67,23,98,78,86,126,20,88" hai3="74,18,105,54,16,93,35,33,14,92,62,104,39"/><V52/><F78/><W8/><G74/><T29/><D29/><U79/><E119/><V26/><F40/><W81/><G39/><T100/><D122/><U129/><E132/><V117/><F117/><W76/><G104/><T19/><D115/><U9/><E38/><V94/><F67/><W68/><G105/><T59/><D36/><U135/><E135/><V42/><F42/><W109/><G109/><T69/><D77/><U3/><E64/><V102/><F126/><W113/><G68/><T34/><D34/><U134/><E125/><V60/><F60/><W17/><G113/><T91/><D91/><U123/><E129/><V128/><F128/><W0/><G0/><T58/><D72/><U6/><E3/><V124/><F124/><W116/><G116/><T21/><D69/><U47/><E134/><V32/><F32/><W111/><G111/><T82/><D82/><U4/><E4/><V118/><F118/><W7/><G35/><T73/><D73/><U120/><E79/><V89/><F26/><W28/><G28/><T24/><D24/><U43/><E85/><V95/><REACH who="2" step="1"/><F102/><REACH who="2" ten="190,285,244,271" step="2"/><W51/><G62/><T50/><REACH who="0" step="1"/><D71/><REACH who="0" ten="180,285,244,271" step="2"/><U61/><E120/><V12/><F12/><W108/><G33/><T101/><D101/><U5/><E103/><V84/><F84/><N who="3" m="48167" /><G108/><T80/><D80/><U87/><E121/><V27/><F27/><W96/><G14/><T66/><D66/><U106/><E123/><V30/><F30/><W114/><G114/><T110/><D110/><U31/><E31/><V112/><F112/><W90/><G54/><T10/><D10/><RYUUKYOKU ba="0,2" sc="180,15,285,-15,244,15,271,-15" hai0="13,19,21,45,46,50,53,55,58,59,63,97,100" hai2="1,11,20,23,49,52,57,86,88,89,94,95,98" />
</Scene>
<Scene>
<INIT seed="6,1,2,2,2,98" ten="195,270,259,256" oya="2" hai0="130,41,82,119,95,15,105,52,93,55,51,67,73" hai1="20,6,31,124,115,58,68,5,34,38,118,63,101" hai2="53,134,81,59,48,19,25,126,128,96,65,86,89" hai3="17,11,56,66,9,40,127,49,54,1,4,117,116"/><V18/><F134/><W83/><G127/><T69/><D105/><U123/><E38/><V135/><F135/><W100/><G40/><T3/><D3/><U133/><E34/><V108/><F126/><W106/><G66/><T90/><D130/><U114/><E68/><V85/><F128/><W84/><G100/><T30/><D119/><U129/><E124/><V37/><F37/><W120/><G106/><T57/><D41/><U45/><E45/><V0/><F0/><W132/><G132/><T13/><D30/><U39/><E39/><V36/><F36/><W94/><G94/><N who="0" m="35851" /><D73/><U131/><E101/><V74/><F74/><W70/><G70/><T22/><D69/><U112/><E133/><V103/><F108/><W77/><G120/><T71/><D71/><U72/><E72/><V75/><F75/><W47/><G56/><N who="0" m="32799" /><D22/><U28/><E118/><V12/><F65/><W111/><G111/><T78/><D78/><U32/><E32/><V99/><F85/><W107/><G107/><T24/><D24/><N who="1" m="16391" /><E31/><V92/><F96/><W8/><G8/><T35/><D67/><N who="1" m="39415" /><E123/><V2/><F2/><W42/><G117/><T113/><D35/><U91/><E91/><V125/><F125/><W79/><G116/><T64/><D64/><U110/><E110/><V46/><F25/><W102/><G79/><T21/><D21/><U44/><E44/><V76/><F76/><W7/><G77/><T104/><D104/><U33/><E33/><V61/><F12/><W87/><G47/><T27/><D15/><U121/><E121/><V16/><F46/><W29/><G1/><RYUUKYOKU ba="1,2" sc="195,-15,270,15,259,15,256,-15" hai1="5,6,112,114,115,129,131" hai2="16,18,19,48,53,59,61,81,86,89,92,99,103" />
</Scene>
<Scene>
<INIT seed="6,2,2,4,4,40" ten="180,285,274,241" oya="2" hai0="58,61,57,72,2,26,132,94,6,37,35,77,128" hai1="116,73,46,3,33,55,110,51,74,88,122,43,42" hai2="45,75,111,9,30,109,49,105,117,60,39,131,48" hai3="67,18,134,56,108,104,8,82,25,34,23,119,62"/><V15/><F117/><W80/><G108/><N who="2" m="41545" /><F105/><W124/><G134/><T101/><D132/><U96/><E110/><V7/><F131/><W127/><G104/><T16/><D128/><U71/><E3/><V107/><F107/><W24/><G119/><T13/><D37/><U52/><E33/><V36/><F75/><W21/><G8/><T125/><D125/><N who="3" m="48201" /><G34/><T91/><D101/><U113/><E71/><V89/><F30/><AGARI ba="2,2" hai="18,21,23,24,25,30,56,62,67,80,82" m="48201" machi="30" ten="30,1000,0" yaku="18,1" doraHai="40" who="3" fromWho="2" sc="180,0,285,0,274,-16,241,36" />
</Scene>
<Scene>
<INIT seed="7,0,0,3,1,122" ten="180,285,258,277" oya="3" hai0="117,41,60,103,46,39,77,58,62,100,51,131,98" hai1="82,93,102,43,5,84,40,25,16,23,134,38,48" hai2="123,20,106,50,81,63,33,96,8,113,52,26,133" hai3="21,125,72,89,14,116,94,56,37,49,83,66,30"/><W109/><G116/><T15/><D117/><U42/><E38/><V53/><F33/><W129/><G37/><T107/><D131/><U64/><E134/><V95/><F106/><W59/><G129/><T18/><D100/><U35/><E35/><V80/><F123/><W118/><G118/><T68/><D68/><U61/><E5/><V65/><F133/><W22/><G125/><T114/><D114/><U47/><E93/><V124/><F124/><W105/><G105/><T99/><D99/><U104/><E102/><N who="2" m="60703" /><F8/><W111/><G83/><N who="2" m="31817" /><F113/><W19/><G72/><T97/><D97/><U87/><E104/><V12/><F12/><W127/><G127/><T17/><D77/><U112/><E112/><V11/><F11/><W2/><G2/><T132/><D132/><U6/><E6/><V10/><F10/><W1/><G1/><T75/><D75/><U55/><REACH who="1" step="1"/><E82/><REACH who="1" ten="180,275,258,277" step="2"/><V74/><F74/><W3/><G3/><T54/><REACH who="0" step="1"/><D18/><REACH who="0" ten="170,275,258,277" step="2"/><U135/><E135/><V128/><F128/><W85/><G19/><T90/><D90/><U32/><E32/><V36/><F36/><W67/><G89/><T7/><D7/><U70/><AGARI ba="0,2" hai="16,23,25,40,42,43,47,48,55,61,64,70,84,87" machi="70" ten="30,4000,0" yaku="1,1,0,1,54,1,53,0" doraHai="122" doraHaiUra="78" who="1" fromWho="1" sc="170,-10,275,60,258,-10,277,-20" owari="160,-34.0,335,43.0,248,-15.0,257,6.0" />
</Scene>
</mjloggm>