<mjloggm ver="2.3"><GO type="169" lobby="0"/><UN n0="%6E%65%6F%40%75%6E%69" n1="%E2%99%AA%E3%83%A2%E3%83%8E%E3%82%AF%E3%83%AD" n2="%E3%81%82%E3%82%93%E3%81%96%E3%82%93" n3="%41%53%41%50%49%4E" dan="17,18,17,19" rate="2201.74,2199.64,2169.86,2322.09" sx="M,F,M,M"/><TAIKYOKU oya="0"/>

<Scene>
<INIT seed="0,0,0,4,2,113" ten="250,250,250,250" oya="0" hai0="118,49,52,55,28,10,65,46,93,79,125,128,25" hai1="2,14,121,17,30,31,19,20,62,126,131,85,97" hai2="18,51,127,102,0,80,29,86,32,48,47,24,43" hai3="119,72,23,91,68,5,75,38,34,26,76,115,116"/><T61/><D118/><N who="3" m="45097" /><G23/><T60/><D125/><U22/><E85/><V95/><F127/><W53/><G53/><T1/><D128/><U107/><E126/><V40/><F0/><W77/><G91/><T105/><D105/><U50/><E131/><V110/><F18/><W123/><G115/><T58/><D79/><U36/><E2/><V12/><F12/><W132/><G5/><T56/><D93/><U89/><E36/><V103/><F95/><W112/><G112/><T67/><D10/><U129/><E129/><V45/><F110/><W106/><G77/><AGARI ba="0,0" hai="24,29,32,40,43,45,47,48,51,77,80,86,102,103" machi="77" ten="30,2000,0" yaku="7,1,9,1" doraHai="113" who="2" fromWho="3" sc="250,0,250,0,250,20,250,-20" />
</Scene>
<Scene>
<INIT seed="1,0,0,4,0,52" ten="250,250,270,230" oya="1" hai0="49,4,31,58,83,62,95,134,82,103,84,28,135" hai1="0,20,23,39,98,114,11,108,123,47,133,69,102" hai2="96,116,30,50,15,43,80,41,72,99,2,112,42" hai3="118,78,32,55,132,71,24,94,127,131,75,34,54"/><U16/><E114/><V1/><F116/><W67/><G118/><T90/><D49/><U115/><E115/><V70/><F70/><W85/><G75/><T63/><D63/><U9/><E123/><V129/><F129/><W48/><G131/><T76/><D103/><U60/><E133/><N who="0" m="50697" /><D4/><U110/><E39/><V51/><F112/><W33/><G132/><T68/><D83/><U27/><E47/><V44/><F30/><W128/><G128/><T46/><D46/><U113/><E113/><V29/><F29/><W87/><G71/><T100/><D100/><U89/><E89/><V109/><F15/><W7/><G7/><T56/><D68/><U79/><E79/><V77/><F50/><W104/><G48/><T74/><D58/><U121/><E121/><V45/><F45/><W107/><G78/><T81/><D81/><U93/><E0/><V97/><REACH who="2" step="1"/><F109/><REACH who="2" ten="250,250,260,230" step="2"/><N who="1" m="42089" /><E69/><V17/><F17/><W92/><G34/><T61/><D61/><U14/><E60/><V13/><F13/><W117/><G33/><T57/><D57/><U37/><E37/><V35/><F35/><W66/><G32/><T6/><D6/><U64/><E64/><AGARI ba="0,1" hai="28,31,56,62,64,74,76,82,84,90,95" m="50697" machi="64" ten="30,2000,0" yaku="20,1,52,1" doraHai="52" who="0" fromWho="1" sc="250,30,250,-20,260,0,230,0" />
</Scene>
<Scene>
<INIT seed="2,0,0,4,5,87" ten="280,230,260,230" oya="2" hai0="55,70,92,21,77,91,119,8,72,109,117,18,13" hai1="32,40,89,107,106,39,108,124,95,35,3,14,38" hai2="86,113,71,9,111,84,36,131,90,63,120,30,52" hai3="61,105,133,94,125,25,50,29,80,99,47,82,135"/><V81/><F120/><W42/><G105/><T93/><D93/><U44/><E3/><V54/><F113/><W126/><G61/><T60/><D109/><U64/><E38/><V62/><F36/><W27/><G82/><T114/><D114/><U96/><E124/><N who="3" m="47722" /><G80/><T116/><D77/><U12/><E108/><V100/><F111/><W41/><G41/><T75/><D8/><U127/><E127/><V24/><F100/><W45/><G45/><T31/><D31/><U49/><E64/><V110/><F110/><W7/><G7/><T17/><D17/><U53/><E107/><V102/><F102/><N who="3" m="60791" /><G25/><T1/><D1/><U20/><E106/><V97/><F63/><W130/><G130/><T85/><REACH who="0" step="1"/><D55/><REACH who="0" ten="270,230,260,230" step="2"/><U112/><E112/><V57/><F54/><W10/><G10/><T46/><D46/><U121/><E53/><V15/><F9/><W115/><G115/><T51/><D51/><U34/><E49/><V134/><F52/><W73/><G73/><T6/><D6/><U128/><E128/><V88/><F131/><W78/><G78/><T23/><D23/><AGARI ba="0,1" hai="23,27,29,42,47,50,133,135" m="60791,47722" machi="23" ten="30,1000,0" yaku="18,1" doraHai="87" who="3" fromWho="0" sc="270,-10,230,0,260,0,230,20" />
</Scene>
<Scene>
<INIT seed="3,0,0,2,4,81" ten="260,230,260,250" oya="3" hai0="107,86,131,49,42,94,18,96,100,6,14,130,15" hai1="93,2,4,50,54,106,87,70,56,125,51,135,117" hai2="76,126,104,41,38,60,53,17,95,114,68,32,39" hai3="31,75,121,46,29,62,112,59,123,67,132,71,66"/><W88/><G112/><T55/><D42/><U24/><E106/><V78/><F104/><W72/><G132/><T124/><D124/><U110/><E70/><V99/><F32/><W118/><G118/><T20/><D14/><U36/><E36/><V64/><F114/><W105/><G105/><T57/><D6/><U58/><E110/><V84/><F126/><W23/><G46/><T73/><D73/><U89/><E125/><V102/><F53/><W115/><G115/><T82/><REACH who="0" step="1"/><D107/><REACH who="0" ten="250,230,260,250" step="2"/><U79/><E4/><V40/><F41/><W63/><G72/><T90/><AGARI ba="0,1" hai="15,18,20,49,55,57,82,86,90,94,96,100,130,131" machi="90" ten="30,12000,2" yaku="1,1,2,1,0,1,52,1,53,2" doraHai="81" doraHaiUra="127" who="0" fromWho="0" sc="250,130,230,-30,260,-30,250,-60" />
</Scene>
<Scene>
<INIT seed="4,0,0,5,3,96" ten="380,200,230,190" oya="0" hai0="38,12,90,56,121,106,20,130,0,131,86,126,77" hai1="7,98,40,10,116,122,57,47,134,58,113,123,94" hai2="85,29,51,109,44,120,46,72,18,79,33,17,62" hai3="5,132,133,124,80,61,41,100,110,87,14,76,45"/><T28/><D0/><U36/><E116/><V6/><F72/><W108/><G124/><T93/><D38/><U42/><E134/><N who="3" m="51818" /><G61/><T31/><D106/><U22/><E42/><V25/><F120/><W13/><G5/><T103/><D77/><U9/><E9/><V75/><F75/><W102/><G14/><T35/><D35/><U68/><E68/><V89/><F6/><W118/><G13/><T65/><D121/><U74/><E74/><V92/><F109/><N who="3" m="42091" /><G118/><T27/><D12/><U50/><E122/><V82/><F62/><W30/><G30/><T71/><D31/><U53/><E123/><V97/><REACH who="2" step="1"/><F44/><REACH who="2" ten="380,200,220,190" step="2"/><W60/><G60/><N who="0" m="38023" /><D130/><U15/><E7/><V84/><F84/><W49/><AGARI ba="0,1" hai="41,45,49,76,80,87,100,102" m="42091,51818" machi="49" ten="30,4000,0" yaku="20,1,52,2" doraHai="96" who="3" fromWho="3" sc="380,-20,200,-10,220,-10,190,50" />
</Scene>
<Scene>
<INIT seed="5,0,0,0,2,69" ten="360,190,210,240" oya="1" hai0="51,36,11,110,15,70,37,20,121,83,56,76,103" hai1="19,42,10,82,129,31,34,47,84,85,24,7,93" hai2="91,131,61,124,107,74,112,0,128,62,86,41,44" hai3="46,94,18,35,33,5,14,17,81,127,64,8,100"/><U79/><E129/><N who="2" m="49739" /><F74/><W111/><G111/><T120/><D70/><U117/><E117/><V16/><F107/><W68/><G127/><T53/><D20/><U130/><E130/><V118/><F118/><W28/><G100/><T119/><D103/><U27/><E27/><V48/><F0/><W4/><G94/><T97/><D97/><U9/><E19/><V25/><F124/><W105/><G105/><T73/><D110/><U57/><E57/><V21/><F112/><W32/><G81/><AGARI ba="0,0" hai="16,21,25,41,44,48,61,62,81,86,91" m="49739" machi="81" ten="30,2000,0" yaku="19,1,54,1" doraHai="69" who="2" fromWho="3" sc="360,0,190,0,210,20,240,-20" />
</Scene>
<Scene>
<INIT seed="6,0,0,4,2,135" ten="360,190,230,220" oya="2" hai0="46,114,42,2,12,109,30,49,47,29,94,125,73" hai1="134,97,123,20,98,107,116,51,108,57,80,74,55" hai2="77,118,53,119,4,72,37,89,95,85,19,31,91" hai3="8,61,112,58,68,43,23,90,69,84,78,17,6"/><V103/><F37/><W127/><G78/><T82/><D2/><U64/><E108/><V70/><F70/><W48/><G112/><T41/><D114/><U102/><E116/><V11/><F31/><W99/><G99/><T120/><D125/><U3/><E134/><V66/><F66/><W38/><G38/><T33/><D33/><U45/><E123/><V81/><F19/><W36/><G36/><T50/><D109/><U44/><E3/><V96/><F53/><W110/><G110/><T10/><D94/><U13/><E64/><V101/><F91/><W18/><G127/><T93/><D93/><U106/><E74/><V129/><F103/><W67/><G18/><T86/><D73/><U35/><E35/><V100/><F101/><W16/><G17/><N who="0" m="8343" /><D120/><U62/><E80/><V88/><F89/><AGARI ba="0,0" hai="29,30,41,42,46,47,49,50,82,86,89" m="8343" machi="89" ten="30,1000,0" yaku="8,1" doraHai="135" who="0" fromWho="2" sc="360,10,190,0,230,-10,220,0" />
</Scene>
<Scene>
<INIT seed="7,0,0,5,1,77" ten="370,190,220,220" oya="3" hai0="12,88,63,38,105,131,86,78,124,59,90,94,66" hai1="87,110,49,65,27,3,6,117,79,47,122,85,46" hai2="28,96,55,118,17,8,52,33,69,16,101,116,100" hai3="25,70,67,133,95,24,39,0,126,21,37,43,81"/><W112/><G0/><T4/><D105/><U51/><E122/><V119/><F69/><W5/><G5/><T20/><D78/><U15/><E3/><V123/><F123/><W11/><G11/><T32/><D32/><U128/><E110/><V125/><F8/><W61/><G112/><T135/><D124/><U13/><E128/><V83/><F83/><W10/><G10/><T107/><D107/><U84/><E117/><V80/><F80/><W68/><G126/><T7/><D38/><U50/><E79/><V130/><F125/><W91/><G133/><T97/><D135/><U56/><E27/><V60/><F60/><W36/><G81/><N who="0" m="49231" /><D131/><U106/><E106/><V92/><F130/><W120/><G120/><T99/><D97/><U115/><E115/><V19/><F116/><W109/><G109/><T40/><D40/><U30/><E30/><V14/><F28/><W134/><G134/><T72/><D72/><U93/><E93/><V31/><F31/><W89/><G68/><T129/><D129/><U18/><E6/><V42/><F33/><W127/><G127/><T2/><D2/><U98/><E98/><N who="2" m="59463" /><F42/><W57/><G70/><T73/><D73/><U9/><REACH who="1" step="1"/><E13/><REACH who="1" ten="370,180,220,220" step="2"/><V132/><F132/><W22/><G95/><T48/><D12/><U76/><E76/><V111/><F111/><W54/><G43/><T113/><D7/><U35/><E35/><V34/><F119/><W71/><G25/><T41/><D4/><U75/><E75/><V121/><F121/><W44/><G24/><T45/><D113/><U53/><E53/><V82/><F118/><RYUUKYOKU ba="0,1" sc="370,15,180,15,220,-15,220,-15" hai0="20,41,45,48,59,63,66,90,94,99" hai1="9,15,18,46,47,49,50,51,56,65,84,85,87" owari="395,48.0,195,-30.0,205,1.0,205,-19.0" />
</Scene>
</mjloggm>