<mjloggm ver="2.3"><GO type="169" lobby="0"/><UN n0="%E8%B6%85%E3%83%92%E3%83%A2%E3%83%AA%E3%83%AD" n1="%68%69%67%68%31%35%31%35" n2="%61%68%68%68%68%68%68%61" n3="%41%53%41%50%49%4E" dan="18,16,16,19" rate="2213.45,2061.88,2025.31,2279.09" sx="F,M,M,M"/><TAIKYOKU oya="0"/>

<Scene>
<INIT seed="0,0,0,2,2,35" ten="250,250,250,250" oya="0" hai0="53,109,57,70,21,46,114,19,105,28,23,126,16" hai1="85,99,13,63,3,44,12,45,89,14,62,102,10" hai2="69,96,43,123,135,95,131,29,134,50,106,22,55" hai3="84,38,130,87,33,117,66,67,34,48,128,110,120"/><T124/><D114/><U75/><E75/><V24/><F106/><W76/><G38/><T78/><D70/><U79/><E79/><V8/><F69/><W118/><G48/><T36/><D105/><U41/><E45/><V5/><F43/><W30/><G76/><T112/><D112/><U80/><E99/><V125/><F123/><W133/><G30/><T68/><D68/><U129/><E102/><V86/><F86/><W4/><G4/><T25/><D109/><U15/><E129/><V1/><F131/><W81/><G110/><T11/><D78/><U108/><E108/><V92/><F125/><N who="0" m="48234" /><D11/><U93/><E80/><V82/><F82/><W73/><G81/><T132/><D132/><N who="2" m="50730" /><F96/><W26/><G133/><T107/><D107/><U122/><E122/><V59/><AGARI ba="0,0" hai="1,5,8,22,24,29,50,55,59,92,95" m="50730" machi="59" ten="30,2000,0" yaku="20,1,52,1" doraHai="35" who="2" fromWho="2" sc="250,-10,250,-5,250,20,250,-5" />
</Scene>
<Scene>
<INIT seed="1,0,0,1,1,60" ten="240,245,270,245" oya="1" hai0="2,91,32,10,43,63,39,115,74,81,84,111,15" hai1="21,13,56,58,27,42,72,90,6,102,82,40,89" hai2="92,97,118,36,133,103,100,25,22,124,101,135,55" hai3="1,71,69,117,109,24,93,114,52,53,122,98,123"/><U125/><E125/><V88/><F36/><W4/><G114/><T105/><D111/><U61/><E102/><V11/><F118/><W95/><G109/><T44/><D105/><U30/><E72/><V16/><F124/><W45/><G117/><T66/><D32/><U26/><E26/><V57/><REACH who="2" step="1"/><F11/><REACH who="2" ten="240,245,260,245" step="2"/><W112/><G122/><T47/><D115/><U12/><E82/><V113/><F113/><W28/><G123/><T51/><D39/><U62/><E42/><V73/><F73/><W120/><G120/><T76/><D43/><U18/><E40/><V68/><F68/><W9/><G71/><T79/><D74/><U99/><E6/><V131/><F131/><W48/><G69/><T49/><D81/><U19/><E30/><V59/><F59/><W3/><G112/><T34/><D47/><U7/><E7/><V38/><F38/><W121/><G121/><T132/><D44/><U119/><E119/><V70/><F70/><W127/><G127/><T110/><D110/><U35/><E27/><V78/><F78/><W20/><G45/><T46/><D46/><U33/><E56/><V129/><F129/><W41/><G41/><T130/><D130/><U37/><E37/><V14/><F14/><W80/><G80/><T5/><D10/><U86/><E58/><V75/><F75/><W106/><G28/><T87/><D15/><U67/><E13/><V108/><F108/><W83/><G83/><T0/><D79/><U116/><E12/><V77/><F77/><W128/><G128/><T134/><D76/><U54/><E116/><V126/><F126/><RYUUKYOKU ba="0,1" sc="240,-10,245,-10,260,30,245,-10" hai2="16,22,25,55,57,88,92,97,100,101,103,133,135" />
</Scene>
<Scene>
<INIT seed="2,1,1,5,2,52" ten="230,235,290,235" oya="2" hai0="121,95,125,74,34,56,63,30,27,62,42,58,110" hai1="31,70,7,44,133,36,83,90,51,43,123,109,18" hai2="126,13,135,57,22,39,97,75,29,54,21,116,4" hai3="78,134,67,71,6,115,72,130,132,77,17,35,0"/><V81/><F39/><W107/><G107/><T85/><D110/><U108/><E70/><V131/><F116/><W69/><G35/><T37/><D125/><U127/><E127/><V118/><F118/><W91/><G130/><T124/><D124/><U59/><E133/><V8/><F135/><W65/><G6/><T19/><D74/><U33/><E123/><V111/><F111/><N who="1" m="42569" /><E7/><V82/><F131/><W104/><G104/><T60/><D121/><U9/><E9/><V89/><F75/><W10/><G72/><T101/><D19/><U92/><E18/><V49/><F126/><W61/><G17/><T46/><REACH who="0" step="1"/><D101/><REACH who="0" ten="220,235,290,235" step="2"/><U50/><E31/><V117/><F117/><W128/><G132/><T105/><D105/><U24/><E33/><V16/><F29/><W11/><G134/><T93/><D93/><U32/><E32/><V76/><F76/><W26/><G78/><T84/><D84/><U45/><E92/><N who="2" m="56463" /><F4/><W113/><G128/><T66/><D66/><U3/><E83/><AGARI ba="1,2" hai="8,13,16,21,22,49,54,57,81,82,83" m="56463" machi="83" ten="30,5800,0" yaku="8,1,52,1,54,1" doraHai="52" who="2" fromWho="1" sc="220,0,235,-61,290,81,235,0" />
</Scene>
<Scene>
<INIT seed="2,2,0,4,4,18" ten="220,174,371,235" oya="2" hai0="25,108,110,73,0,59,49,34,31,113,58,60,128" hai1="64,102,88,54,112,11,82,24,90,36,45,89,27" hai2="1,119,16,39,133,98,126,50,23,33,8,20,97" hai3="21,103,86,116,35,37,134,87,81,84,70,2,115"/><V71/><F119/><W83/><G116/><T7/><D128/><U129/><E112/><V66/><F71/><W14/><G35/><T6/><D73/><U67/><E129/><V19/><F39/><W26/><G2/><T63/><D113/><U77/><E102/><V132/><F33/><W124/><G115/><T52/><D49/><N who="1" m="28975" /><E36/><V65/><F1/><W12/><G70/><T121/><D121/><U80/><E11/><V105/><F8/><W72/><G134/><N who="2" m="51817" /><F50/><W76/><G124/><T17/><D17/><N who="2" m="6730" /><F126/><W106/><G37/><T93/><D93/><U47/><E47/><V53/><F53/><W68/><G68/><T48/><D48/><U10/><E10/><V57/><F57/><W46/><G46/><T79/><D0/><U61/><E61/><V117/><F117/><W51/><G51/><T28/><D34/><U38/><E38/><V29/><F29/><W55/><G55/><T42/><D52/><U40/><E40/><V41/><F41/><W91/><G12/><T4/><D42/><U92/><E92/><V111/><F111/><W74/><G14/><T95/><D95/><U85/><E80/><V30/><F30/><N who="3" m="17743" /><G83/><T118/><D118/><U5/><E5/><V69/><F69/><W100/><G81/><T131/><D7/><U120/><E120/><V56/><F56/><W9/><G9/><T15/><D131/><U96/><E96/><N who="2" m="36971" /><F105/><W122/><G106/><T104/><D104/><U99/><E99/><V109/><F109/><W43/><G43/><T114/><D114/><U94/><E94/><V107/><F107/><W135/><G122/><RYUUKYOKU ba="2,0" sc="220,-15,174,15,371,15,235,-15" hai1="24,27,64,67,77,82,85,88,89,90" hai2="20,23,65,66" />
</Scene>
<Scene>
<INIT seed="2,3,0,4,0,116" ten="205,189,386,220" oya="2" hai0="69,17,54,119,103,94,98,6,130,39,92,10,88" hai1="25,135,110,65,35,20,14,101,102,48,36,19,2" hai2="46,86,107,122,99,62,70,73,23,50,66,4,31" hai3="52,7,125,51,1,12,45,5,72,68,121,84,132"/><V90/><F73/><W123/><G72/><T113/><D130/><U58/><E36/><V131/><F131/><W8/><G68/><T27/><D113/><U105/><E110/><V80/><F4/><W129/><G129/><T56/><D69/><U43/><E135/><V57/><F107/><W115/><G115/><T106/><D39/><U120/><E2/><V87/><F87/><W0/><G132/><T26/><D106/><U47/><E105/><V67/><F99/><W75/><G75/><T89/><D119/><U59/><E120/><V29/><F122/><W34/><G34/><T63/><D17/><N who="1" m="12431" /><E35/><V114/><F114/><W118/><G118/><T81/><D81/><U71/><E71/><V9/><F9/><W78/><G125/><T3/><REACH who="0" step="1"/><D103/><REACH who="0" ten="195,189,386,220" step="2"/><N who="1" m="39435" /><E65/><V108/><F67/><W93/><G123/><T21/><D21/><AGARI ba="3,1" hai="14,19,21,43,47,48,58,59" m="39435,12431" machi="21" ten="30,1000,0" yaku="8,1" doraHai="116" who="1" fromWho="0" sc="195,-19,189,29,386,0,220,0" />
</Scene>
<Scene>
<INIT seed="3,0,0,1,4,61" ten="176,218,386,220" oya="3" hai0="30,10,66,115,33,39,23,42,13,103,129,16,34" hai1="105,24,1,78,20,88,53,86,19,98,40,124,112" hai2="96,73,50,83,27,29,110,93,21,89,133,113,59" hai3="36,85,109,11,35,117,76,0,37,101,125,80,7"/><W60/><G117/><T100/><D129/><U135/><E112/><V3/><F113/><W106/><G35/><T38/><D115/><U67/><E1/><V104/><F3/><W120/><G120/><T44/><D38/><U56/><E124/><V82/><F73/><W94/><G106/><T68/><D34/><U25/><E135/><V54/><F133/><W111/><G125/><T84/><D33/><U65/><E40/><V57/><F104/><W12/><G0/><T14/><D84/><U32/><E78/><V123/><F110/><N who="3" m="41995" /><G60/><T4/><REACH who="0" step="1"/><D30/><REACH who="0" ten="166,218,386,220" step="2"/><U52/><E32/><V2/><F123/><W92/><G37/><T51/><D51/><N who="1" m="30751" /><E105/><V55/><F2/><W48/><G36/><T128/><D128/><U70/><E98/><V132/><F132/><W45/><G101/><T99/><D99/><U64/><E70/><V130/><F130/><W31/><G31/><T58/><D58/><U17/><E53/><AGARI ba="0,1" hai="7,11,12,45,48,53,76,80,85,92,94" m="41995" machi="53" ten="30,2900,0" yaku="14,1,10,1" doraHai="61" who="3" fromWho="1" sc="166,0,218,-29,386,0,220,39" />
</Scene>
<Scene>
<INIT seed="3,1,0,4,0,16" ten="166,189,386,259" oya="3" hai0="133,45,89,71,130,129,41,81,82,52,10,22,135" hai1="73,75,43,33,67,91,8,20,64,61,93,65,111" hai2="19,124,28,84,27,88,98,134,37,11,74,125,3" hai3="66,119,79,70,26,38,116,99,120,72,107,6,4"/><W46/><G120/><T87/><D71/><U54/><E33/><V122/><F74/><W13/><G70/><T12/><D81/><U39/><E111/><V35/><F37/><W44/><G66/><T50/><D41/><U48/><E61/><V103/><F98/><W86/><G72/><T100/><D100/><U40/><E8/><V60/><F103/><W25/><G99/><T108/><D108/><U101/><E101/><V36/><F36/><W121/><G38/><T30/><D30/><U94/><E39/><V96/><F96/><W1/><G13/><T117/><D117/><U105/><E105/><V58/><F122/><W127/><G121/><T128/><REACH who="0" step="1"/><D22/><REACH who="0" ten="156,189,386,259" step="2"/><U2/><E20/><V131/><F134/><W51/><G116/><T21/><D21/><U97/><E43/><V56/><F131/><W112/><G119/><T17/><AGARI ba="1,1" hai="10,12,17,45,50,52,82,87,89,128,129,130,133,135" machi="17" ten="40,12000,2" yaku="1,1,0,1,25,2,19,1,54,1,53,0" doraHai="16" doraHaiUra="114" who="0" fromWho="0" sc="156,133,189,-31,386,-31,259,-61" />
</Scene>
<Scene>
<INIT seed="4,0,0,0,1,116" ten="289,158,355,198" oya="0" hai0="71,44,84,98,28,75,82,41,72,42,58,80,31" hai1="131,54,110,8,25,9,22,90,35,34,66,29,104" hai2="114,19,97,123,45,133,89,14,39,51,20,67,0" hai3="81,16,91,102,49,118,65,26,63,115,128,85,33"/><T18/><D71/><U112/><E104/><V40/><F123/><W69/><G118/><T57/><D98/><U6/><E110/><V73/><F73/><W11/><G115/><T78/><D18/><N who="1" m="12503" /><E54/><V105/><F51/><W46/><G128/><T2/><D84/><U64/><E90/><V13/><F67/><W134/><G134/><T87/><D87/><U74/><E74/><V107/><F0/><W38/><G38/><T12/><D12/><N who="1" m="5143" /><E66/><V106/><F14/><W122/><G102/><T94/><D94/><U96/><E96/><V4/><F133/><W124/><G49/><T23/><D2/><U53/><E53/><V61/><F61/><W113/><G65/><T127/><D44/><U92/><E92/><V43/><F43/><W27/><G46/><T17/><D42/><U70/><E64/><V37/><F39/><W125/><G91/><T86/><D41/><U132/><E70/><V129/><F40/><W52/><G69/><T93/><D93/><U55/><E55/><V117/><F37/><W135/><G52/><T36/><D36/><U108/><E132/><V21/><F107/><W76/><G135/><T30/><D75/><U56/><E34/><V79/><F106/><W32/><G33/><T111/><D111/><U101/><E101/><V100/><F100/><W7/><G32/><T60/><D60/><U1/><E1/><V120/><F105/><W109/><G63/><T95/><D95/><U121/><E121/><V68/><F120/><W83/><G122/><T48/><D48/><U5/><E35/><V50/><F50/><W99/><G109/><RYUUKYOKU ba="0,0" sc="289,0,158,0,355,0,198,0" />
</Scene>
<Scene>
<INIT seed="5,1,0,3,1,77" ten="289,158,355,198" oya="1" hai0="135,42,69,114,87,112,39,133,70,48,14,26,105" hai1="123,98,79,18,32,60,80,84,122,106,127,93,28" hai2="54,16,8,72,108,47,36,45,1,130,75,51,125" hai3="67,40,120,22,37,82,25,111,49,73,132,6,56"/><U29/><E106/><V52/><F108/><W95/><G111/><T23/><D14/><U99/><E127/><V117/><F117/><W62/><G120/><T44/><D105/><U126/><E126/><V119/><F119/><W104/><G104/><T134/><D87/><U58/><E99/><V78/><F125/><W17/><G132/><T103/><D103/><U97/><E97/><V24/><F36/><W55/><G6/><T7/><D7/><U5/><E5/><V88/><F75/><W96/><G37/><T20/><D20/><U90/><E18/><V128/><F1/><W129/><G129/><N who="2" m="49769" /><F88/><W74/><G40/><T3/><D3/><U91/><E79/><V13/><F24/><W66/><G66/><T31/><D39/><U53/><REACH who="1" step="1"/><E32/><REACH who="1" ten="289,148,355,198" step="2"/><V46/><F78/><W118/><G118/><T10/><D10/><U83/><E83/><V89/><F89/><W15/><G82/><T110/><D110/><U124/><E124/><V21/><F72/><W116/><G116/><T38/><D133/><U63/><E63/><V30/><F30/><AGARI ba="1,1" hai="28,29,30,53,58,60,80,84,90,91,93,98,122,123" machi="30" ten="40,3900,0" yaku="1,1,52,1,53,0" doraHai="77" doraHaiUra="0" who="1" fromWho="2" sc="289,0,148,52,355,-42,198,0" />
</Scene>
<Scene>
<INIT seed="5,2,0,4,5,51" ten="289,200,313,198" oya="1" hai0="76,116,104,8,80,81,64,18,102,122,43,42,0" hai1="26,105,5,82,93,23,22,94,97,100,30,98,119" hai2="33,72,91,134,58,12,24,70,118,4,39,6,109" hai3="17,19,126,40,62,83,13,85,15,45,65,99,29"/><U49/><E119/><V73/><F70/><W66/><G126/><T3/><D116/><U46/><E5/><V37/><F118/><W28/><G99/><T113/><D113/><U106/><E23/><V44/><F91/><W110/><G110/><T31/><D31/><U21/><E21/><V68/><F68/><W67/><G62/><T103/><D18/><N who="3" m="6665" /><G45/><T74/><D74/><U9/><E82/><V108/><F44/><W11/><G40/><T57/><D57/><U130/><E130/><V10/><F134/><W52/><G52/><T35/><D8/><U2/><E2/><V75/><F58/><W133/><G133/><T55/><D35/><U34/><E34/><V48/><F48/><W16/><G13/><T84/><D84/><U117/><E117/><V87/><F87/><W92/><G92/><T89/><D89/><AGARI ba="2,0" hai="11,15,16,28,29,65,66,67,83,85,89" m="6665" machi="89" ten="30,2000,0" yaku="8,1,54,1" doraHai="51" who="3" fromWho="0" sc="289,-26,200,0,313,0,198,26" />
</Scene>
<Scene>
<INIT seed="6,0,0,3,5,26" ten="263,200,313,224" oya="2" hai0="92,114,36,108,67,82,6,47,3,48,62,99,96" hai1="124,8,127,70,75,123,94,25,12,52,93,84,7" hai2="87,128,17,120,103,89,71,40,118,133,44,107,60" hai3="125,81,49,15,90,111,112,22,129,91,88,14,5"/><V80/><F120/><W41/><G111/><T69/><D114/><U32/><E75/><V119/><F133/><W37/><G37/><T45/><D6/><U19/><E70/><V38/><F128/><W116/><G116/><T51/><D3/><U23/><E123/><V126/><F126/><W16/><G125/><N who="1" m="48202" /><E32/><V131/><F131/><W113/><G129/><T29/><D36/><U50/><E84/><V77/><F77/><W76/><G41/><T0/><D0/><U102/><E102/><V106/><F17/><W66/><G49/><T115/><D82/><U1/><E1/><V64/><REACH who="2" step="1"/><F103/><REACH who="2" ten="263,200,303,224" step="2"/><W100/><G100/><T13/><D108/><U72/><E72/><V59/><F59/><AGARI ba="0,1" hai="7,8,12,19,23,25,50,52,59,93,94" m="48202" machi="59" ten="30,2000,0" yaku="18,1,54,1" doraHai="26" who="1" fromWho="2" sc="263,0,200,30,303,-20,224,0" />
</Scene>
<Scene>
<INIT seed="7,0,0,0,1,58" ten="263,230,283,224" oya="3" hai0="77,93,11,108,98,64,53,102,14,35,41,109,52" hai1="43,48,130,105,112,45,13,92,117,96,89,101,32" hai2="74,133,50,2,75,44,19,86,18,91,33,5,28" hai3="69,54,27,46,20,78,114,90,47,57,26,24,17"/><W71/><G114/><T65/><D35/><U49/><E112/><V129/><F75/><W81/><G90/><T97/><D41/><U40/><E130/><V9/><F74/><W16/><G71/><T124/><D77/><U39/><E117/><V66/><F133/><W6/><G69/><T84/><D84/><U113/><E113/><V4/><F4/><W0/><G6/><T22/><D22/><U116/><E116/><V120/><F66/><W95/><G95/><N who="0" m="58687" /><D124/><U135/><E135/><V23/><F33/><W62/><G0/><T121/><D108/><U82/><E32/><V59/><F129/><W67/><G67/><N who="0" m="25675" /><D121/><U125/><E125/><V10/><F10/><W31/><G31/><T100/><D109/><U25/><E25/><V85/><F85/><N who="3" m="48311" /><G17/><AGARI ba="0,0" hai="11,14,17,52,53,93,98,100" m="25675,58687" machi="17" ten="30,2000,0" yaku="8,1,54,1" doraHai="58" who="0" fromWho="3" sc="263,20,230,0,283,0,224,-20" />
</Scene>
<Scene>
<INIT seed="8,0,0,4,3,48" ten="283,230,283,204" oya="0" hai0="56,36,86,134,132,70,87,121,15,29,39,37,99" hai1="51,4,31,42,97,73,110,8,119,26,13,32,85" hai2="35,102,23,50,95,25,112,114,123,116,122,52,3" hai3="62,82,55,47,43,22,113,63,130,77,124,38,34"/><T91/><D70/><U103/><E110/><V83/><F83/><W28/><G113/><N who="2" m="43625" /><F95/><W90/><G34/><T6/><D121/><N who="2" m="46090" /><F102/><W111/><G111/><T59/><D29/><U5/><E73/><V2/><F35/><W76/><G130/><T98/><D86/><U14/><E119/><V79/><F79/><W78/><G124/><T88/><D6/><U65/><E65/><V45/><F23/><W81/><G90/><N who="0" m="34347" /><D15/><U9/><E85/><V127/><F25/><W21/><G63/><T18/><D18/><U33/><E33/><V1/><F3/><W64/><G55/><T69/><D69/><U72/><E72/><V17/><F17/><W107/><G107/><T105/><D87/><U54/><E42/><V104/><F104/><W120/><G120/><T0/><D0/><U66/><E66/><V60/><F2/><W131/><G131/><T101/><D98/><U89/><E89/><V100/><F100/><W115/><G115/><T46/><D46/><U96/><REACH who="1" step="1"/><E103/><REACH who="1" ten="283,220,283,204" step="2"/><V92/><F116/><W53/><G53/><T24/><D101/><U19/><E19/><V7/><F7/><W106/><G106/><T10/><D105/><U133/><E133/><V57/><F127/><W129/><G129/><T71/><D132/><U44/><AGARI ba="0,1" hai="4,5,8,9,13,14,26,31,32,44,51,54,96,97" machi="44" ten="20,8000,1" yaku="1,1,0,1,7,1,9,1,52,1,53,0" doraHai="48" doraHaiUra="128" who="1" fromWho="1" sc="283,-40,220,90,283,-20,204,-20" owari="243,-16.0,310,42.0,263,6.0,184,-32.0" />
</Scene>
</mjloggm>