<mjloggm ver="2.3"><GO type="169" lobby="0"/><UN n0="%41%53%41%50%49%4E" n1="%E6%B0%97%E6%A5%BD%E3%81%AB%E6%89%93%E3%81%A4" n2="%E3%82%AA%E3%82%BA%E3%82%B0%E3%83%AB%E3%83%BC%E3%83%97" n3="%E3%81%BE%E3%82%86%E3%81%BE%E3%82%86%37%37" dan="19,16,16,17" rate="2263.67,2160.88,2111.21,2126.36" sx="M,M,M,F"/><TAIKYOKU oya="0"/>

<Scene>
<INIT seed="0,0,0,2,2,98" ten="250,250,250,250" oya="0" hai0="128,123,112,122,1,47,46,118,134,79,53,33,20" hai1="91,3,40,60,4,52,127,18,97,25,82,54,104" hai2="50,28,41,116,49,37,84,13,2,120,132,5,29" hai3="75,114,102,129,126,105,76,108,115,87,26,59,135"/><T77/><D1/><U73/><E127/><V85/><F2/><W125/><G59/><T103/><D112/><N who="3" m="43049" /><G26/><T78/><D118/><U0/><E40/><V113/><F116/><W56/><G56/><T9/><D128/><U12/><E25/><V44/><F120/><W72/><G129/><T119/><D119/><U57/><E54/><V43/><F113/><W22/><G22/><T36/><D134/><U92/><E4/><V83/><F132/><W7/><G7/><T63/><D33/><U106/><E106/><V124/><F124/><N who="3" m="47723" /><G108/><T68/><D9/><U131/><E131/><V111/><F111/><W107/><G135/><T64/><D20/><U6/><E6/><V89/><F37/><W17/><G17/><T109/><D109/><U24/><E104/><N who="3" m="40010" /><G102/><T71/><D71/><U11/><E24/><V51/><F5/><W19/><G19/><T55/><D103/><U45/><E45/><V10/><F13/><W23/><G23/><T30/><D30/><U86/><REACH who="1" step="1"/><E73/><REACH who="1" ten="250,240,250,250" step="2"/><V8/><F44/><W80/><AGARI ba="0,1" hai="72,75,76,80,87" m="40010,47723,43049" machi="80" ten="40,5200,0" yaku="18,1,34,2" doraHai="98" who="3" fromWho="3" sc="250,-26,240,-13,250,-13,250,62" />
</Scene>
<Scene>
<INIT seed="1,0,0,5,4,70" ten="224,227,237,312" oya="1" hai0="61,119,128,11,58,57,38,88,32,110,134,86,108" hai1="64,24,118,20,63,19,126,3,79,73,27,59,67" hai2="111,34,132,116,9,124,97,23,81,50,91,15,8" hai3="109,43,127,98,45,4,106,117,130,6,42,47,18"/><U123/><E118/><V94/><F34/><W69/><G69/><T7/><D119/><U89/><E123/><V104/><F116/><W22/><G117/><T121/><D32/><U48/><E126/><V99/><F124/><W84/><G127/><T36/><D121/><U76/><E3/><V112/><F112/><W5/><G130/><T52/><D128/><U39/><E39/><V102/><F132/><W135/><G135/><T53/><D134/><U54/><E73/><V105/><F111/><N who="0" m="42538" /><D53/><U82/><E27/><V31/><F81/><W12/><G109/><T44/><D44/><N who="3" m="16969" /><G106/><T131/><D58/><N who="1" m="33095" /><E67/><V40/><F50/><W2/><G2/><N who="0" m="503" /><D131/><U93/><E82/><AGARI ba="0,0" hai="36,38,52,57,61,82,86,88" m="503,42538" machi="82" ten="30,8000,1" yaku="14,1,52,2,54,2" doraHai="70" who="0" fromWho="1" sc="224,80,227,-80,237,0,312,0" />
</Scene>
<Scene>
<INIT seed="2,0,0,5,2,66" ten="304,147,237,312" oya="2" hai0="30,11,12,78,127,69,25,55,32,40,39,13,100" hai1="104,38,0,24,85,91,76,106,10,64,122,109,2" hai2="116,27,135,68,88,84,129,19,97,108,119,37,21" hai3="47,28,92,105,1,95,110,56,52,74,114,86,113"/><V124/><F37/><W82/><G105/><T35/><D127/><U34/><E109/><V81/><F124/><W98/><G1/><T112/><D112/><N who="3" m="43113" /><G74/><T103/><D78/><U133/><E122/><V131/><F135/><W123/><G123/><T99/><D32/><U130/><E133/><V83/><F108/><W58/><G110/><T54/><D69/><U33/><E38/><V75/><F97/><W45/><G28/><T63/><D13/><U48/><E76/><V120/><F120/><W59/><G52/><T62/><D100/><U6/><E0/><V132/><F132/><W29/><G29/><T126/><D126/><U50/><E106/><V89/><F68/><W60/><G60/><T90/><D90/><U8/><E104/><V51/><F51/><W43/><G47/><T57/><D54/><U42/><E2/><V102/><F102/><W9/><G9/><T41/><D62/><U79/><E10/><V7/><F7/><W134/><G98/><T49/><D63/><U77/><E8/><V93/><F83/><W22/><G22/><T71/><D71/><U72/><E33/><V80/><F80/><W18/><G18/><N who="0" m="8479" /><D99/><U67/><E34/><V46/><F46/><W111/><G134/><T70/><D70/><U96/><E96/><N who="2" m="57383" /><F75/><W36/><G111/><T121/><D103/><U107/><E72/><V4/><F4/><W5/><G5/><T94/><D121/><U14/><E6/><V15/><F15/><W44/><G44/><N who="0" m="23583" /><D94/><U61/><E107/><V73/><F73/><W117/><G117/><T125/><D125/><U20/><E61/><RYUUKYOKU ba="0,0" sc="304,10,147,-30,237,10,312,10" hai0="25,30,35,41,49,55,57" hai2="19,21,27,81,84,89,116,119,129,131" hai3="36,43,45,56,58,59,82,86,92,95" />
</Scene>
<Scene>
<INIT seed="2,1,0,3,5,128" ten="314,117,247,322" oya="2" hai0="32,106,76,37,54,65,111,10,104,53,45,91,71" hai1="122,6,44,127,117,14,130,52,23,13,75,109,17" hai2="0,88,133,125,38,72,123,2,112,135,105,129,33" hai3="98,43,19,15,66,87,11,84,22,132,119,5,94"/><V79/><F79/><W70/><G119/><T50/><D32/><U20/><E117/><V63/><F63/><W58/><G70/><T74/><D111/><U96/><E109/><V114/><F88/><W24/><G43/><T9/><D54/><U134/><E130/><V69/><F114/><W81/><G132/><T67/><D37/><U77/><E122/><V4/><F4/><W12/><G66/><T103/><D91/><U48/><E127/><V131/><F135/><W110/><G110/><T107/><D103/><U92/><E134/><V95/><F95/><W68/><G68/><T36/><D36/><U116/><E116/><V80/><F80/><W86/><G58/><T62/><REACH who="0" step="1"/><D67/><REACH who="0" ten="304,117,247,322" step="2"/><U121/><E52/><V28/><F131/><W47/><G47/><T83/><AGARI ba="1,1" hai="9,10,45,50,53,62,65,71,74,76,83,104,106,107" machi="83" ten="40,5200,0" yaku="1,1,2,1,0,1,53,0" doraHai="128" doraHaiUra="31" who="0" fromWho="0" sc="304,65,117,-14,247,-27,322,-14" />
</Scene>
<Scene>
<INIT seed="3,0,0,2,3,24" ten="369,103,220,308" oya="3" hai0="37,46,41,134,73,132,20,31,117,128,80,101,8" hai1="5,89,39,130,19,1,9,48,74,106,95,131,133" hai2="11,116,98,120,32,82,4,7,15,78,3,0,124" hai3="92,87,30,86,52,23,34,91,100,83,18,129,94"/><W112/><G112/><T71/><D117/><U96/><E133/><N who="0" m="51305" /><D71/><U45/><E106/><V97/><F116/><W109/><G129/><N who="1" m="49162" /><E74/><V70/><F70/><W110/><G34/><T29/><D128/><U26/><E39/><V10/><F120/><W79/><G30/><N who="0" m="11275" /><D20/><N who="1" m="13599" /><E48/><V25/><F124/><W65/><G65/><T33/><D33/><U62/><E62/><V113/><F113/><W66/><G66/><T77/><D101/><U16/><E16/><V118/><F118/><W108/><G52/><T47/><D47/><AGARI ba="0,0" hai="1,5,9,45,47,89,95,96" m="13599,49162" machi="47" ten="30,1000,0" yaku="19,1" doraHai="24" who="1" fromWho="0" sc="369,-10,103,10,220,0,308,0" />
</Scene>
<Scene>
<INIT seed="4,0,0,1,3,93" ten="359,113,220,308" oya="0" hai0="130,29,33,10,28,0,90,39,3,114,38,70,26" hai1="127,37,59,121,97,64,100,13,4,129,56,45,17" hai2="101,69,73,128,14,15,84,116,125,119,12,32,77" hai3="22,44,91,20,8,31,79,30,57,2,49,85,80"/><T42/><D70/><U94/><E121/><V63/><F101/><W1/><G57/><T55/><D114/><U51/><E127/><V120/><F84/><W83/><G8/><T106/><D130/><U115/><E129/><V89/><F120/><W18/><G2/><T78/><D106/><U96/><E115/><V65/><F89/><W36/><G1/><T105/><D105/><U34/><E34/><V118/><F128/><W135/><G36/><T134/><D134/><U126/><E126/><V53/><F125/><W74/><G135/><T95/><D28/><U112/><E112/><V46/><F32/><W43/><G22/><T111/><D111/><U23/><E37/><V9/><F77/><W5/><G5/><T60/><D78/><U86/><E4/><V58/><F73/><W98/><REACH who="3" step="1"/><G98/><REACH who="3" ten="359,113,220,298" step="2"/><T40/><D10/><U72/><E97/><V21/><F21/><W61/><G61/><T104/><D3/><U25/><E96/><V132/><F132/><W131/><G131/><T75/><D0/><U41/><E59/><V71/><F9/><W76/><G76/><T16/><D60/><U88/><E56/><V24/><F24/><AGARI ba="0,1" hai="18,20,24,30,31,43,44,49,74,79,80,83,85,91" machi="24" ten="30,2000,0" yaku="1,1,7,1,53,0" doraHai="93" doraHaiUra="11" who="3" fromWho="2" sc="359,0,113,0,220,-20,298,30" />
</Scene>
<Scene>
<INIT seed="5,0,0,3,4,71" ten="359,113,200,328" oya="1" hai0="34,122,118,99,69,5,57,23,78,115,126,106,62" hai1="134,123,90,108,130,92,17,60,54,13,79,97,120" hai2="27,95,73,65,93,25,104,4,32,63,28,105,109" hai3="52,124,24,38,127,70,72,3,16,33,116,11,135"/><U14/><E134/><V10/><F109/><W58/><G70/><T101/><D118/><U46/><E108/><V112/><F73/><W86/><G72/><T110/><D110/><U20/><E130/><V47/><F27/><W53/><G53/><T100/><D34/><U8/><E79/><V117/><F117/><W2/><G116/><T132/><D69/><U42/><E60/><V44/><F112/><W131/><G38/><T81/><D132/><U36/><REACH who="1" step="1"/><E54/><REACH who="1" ten="359,103,200,328" step="2"/><V43/><F63/><W103/><G52/><T121/><D78/><U21/><E21/><V49/><F32/><W125/><G33/><T66/><D23/><U18/><AGARI ba="0,1" hai="8,13,14,17,18,20,36,42,46,90,92,97,120,123" machi="18" ten="20,12000,1" yaku="1,1,0,1,7,1,52,1,53,1" doraHai="71" doraHaiUra="84" who="1" fromWho="1" sc="359,-40,103,130,200,-40,328,-40" />
</Scene>
<Scene>
<INIT seed="5,1,0,0,4,87" ten="319,233,160,288" oya="1" hai0="65,60,91,26,94,5,121,19,81,33,53,75,113" hai1="50,80,70,57,83,12,95,45,134,102,64,62,13" hai2="122,123,77,9,132,43,68,130,8,54,11,41,44" hai3="24,82,20,125,72,59,32,107,129,6,39,96,89"/><U120/><E120/><V101/><F68/><W66/><G39/><T63/><D121/><U31/><E134/><V104/><F132/><W21/><G32/><T86/><D113/><U93/><E70/><V18/><F130/><W15/><G129/><T133/><D133/><U128/><E128/><V27/><F77/><W131/><G72/><T17/><D5/><U2/><E2/><V4/><F4/><W71/><G71/><T135/><D135/><U28/><E28/><V116/><F116/><W78/><G78/><T98/><D75/><U85/><E31/><V100/><F104/><W51/><G107/><T42/><D42/><N who="1" m="24887" /><E80/><V119/><F119/><W67/><G125/><T47/><D33/><U84/><E85/><V110/><F110/><W22/><G24/><T25/><D25/><U108/><E108/><V14/><F27/><W124/><G124/><T37/><D37/><U58/><E57/><V7/><F7/><W126/><G126/><T10/><D86/><U38/><E38/><V16/><F8/><N who="3" m="4503" /><G131/><T114/><D10/><U109/><E109/><V105/><F105/><W29/><G29/><T111/><D111/><U74/><E74/><V1/><F1/><W23/><G20/><T88/><D26/><U35/><E35/><V46/><REACH who="2" step="1"/><F14/><REACH who="2" ten="319,233,150,288" step="2"/><N who="1" m="5737" /><E102/><V0/><F0/><W56/><G22/><T52/><D19/><U103/><E103/><V76/><F76/><AGARI ba="1,1" hai="58,62,64,76,83,84,93,95" m="5737,24887" machi="76" ten="30,1500,0" yaku="8,1" doraHai="87" who="1" fromWho="2" sc="319,0,233,28,150,-18,288,0" />
</Scene>
<Scene>
<INIT seed="5,2,0,2,4,30" ten="319,261,132,288" oya="1" hai0="53,122,78,130,105,67,29,126,10,83,89,112,33" hai1="5,110,109,119,35,52,96,60,120,45,9,86,111" hai2="116,75,94,73,41,98,128,90,114,28,42,104,62" hai3="66,80,115,59,46,77,87,95,12,106,72,40,64"/><U26/><E120/><V97/><F116/><W71/><G71/><T91/><D105/><U14/><E119/><V113/><F28/><W70/><G70/><T20/><D122/><U48/><E96/><V65/><F42/><W108/><G108/><T43/><D112/><N who="2" m="43114" /><F41/><W76/><G106/><T24/><D130/><U7/><E86/><N who="2" m="52567" /><F62/><W121/><G121/><T135/><D29/><N who="1" m="19895" /><E60/><V125/><F65/><W57/><G40/><T107/><D43/><U69/><E69/><V134/><F128/><W25/><G64/><T124/><D67/><U54/><E54/><V21/><F21/><W38/><G66/><T31/><D53/><U132/><E132/><V15/><F15/><W101/><G12/><T84/><D135/><U11/><E11/><V51/><F51/><W99/><G38/><T27/><D10/><U63/><E63/><V16/><F16/><AGARI ba="2,0" hai="5,7,9,14,16,45,48,52,109,110,111" m="19895" machi="16" ten="30,11600,0" yaku="10,1,52,1,54,2" doraHai="30" who="1" fromWho="2" sc="319,0,261,122,132,-122,288,0" />
</Scene>
<Scene>
<INIT seed="5,3,0,5,2,107" ten="319,383,10,288" oya="1" hai0="77,80,82,92,28,47,110,106,135,42,113,44,71" hai1="3,96,69,117,2,83,88,90,64,8,12,67,81" hai2="26,116,54,25,32,11,6,86,73,39,84,21,0" hai3="101,62,70,50,121,65,31,133,130,36,10,17,128"/><U14/><E8/><V79/><F116/><W105/><G121/><T33/><D110/><U115/><E96/><V15/><F54/><W104/><G36/><T87/><D106/><U30/><E30/><V61/><F39/><W1/><G133/><T103/><D71/><U132/><E69/><V46/><F61/><W60/><G60/><T18/><D135/><U120/><E132/><V112/><F46/><W118/><G101/><T40/><D113/><U55/><E55/><V16/><F112/><W37/><G37/><T78/><D33/><U72/><E115/><V94/><F94/><W102/><G118/><T126/><D28/><U114/><E114/><V9/><F26/><W57/><G31/><T129/><D129/><N who="3" m="49769" /><G102/><T5/><D126/><U23/><E117/><V108/><F108/><W66/><G66/><T52/><D5/><U24/><E24/><V97/><F97/><W76/><G76/><T98/><D18/><U89/><E89/><V13/><F13/><N who="3" m="7351" /><G1/><T35/><D35/><U95/><E95/><V29/><REACH who="2" step="1"/><F11/><REACH who="2" ten="319,383,0,288" step="2"/><W4/><G105/><T48/><REACH who="0" step="1"/><D47/><REACH who="0" ten="309,383,0,288" step="2"/><U91/><E120/><V68/><F68/><W53/><G104/><T74/><AGARI ba="3,2" hai="40,42,44,48,52,74,77,78,80,82,87,92,98,103" machi="74" ten="20,12000,2" yaku="1,1,2,1,0,1,7,1,52,1,54,1,53,0" doraHai="107" doraHaiUra="7" who="0" fromWho="0" sc="309,149,383,-63,0,-33,288,-33" owari="458,55.0,320,12.0,-33,-53.0,255,-14.0" />
</Scene>
</mjloggm>