<mjloggm ver="2.3"><GO type="169"/><UN n0="%E7%88%B6%E3%81%A1%E3%82%83%E3%82%93%E8%A6%8B%E3%81%A6%E3%82%8B%EF%BC%9F" n1="%6D%69%6E%32%30%30%32" n2="%41%53%41%50%49%4E" n3="%E3%81%B4%E3%81%83%E3%81%B4%E3%81%83" dan="16,16,19,16" rate="2022,2110,2188,2128" sx="M,F,M,M"/><TAIKYOKU oya="0"/>

<Scene>
<INIT seed="0,0,0,5,4,16" ten="250,250,250,250" oya="0" hai0="117,51,21,85,90,135,34,19,101,42,24,26,58" hai1="69,116,93,84,118,29,96,33,79,129,127,46,18" hai2="44,113,11,30,73,12,28,5,95,88,47,74,99" hai3="102,45,54,123,38,7,48,52,108,63,76,91,22"/><T53/><D117/><U70/><E46/><V6/><F113/><W134/><G38/><T35/><D135/><U130/><E127/><V83/><F47/><W14/><G134/><T110/><D110/><U105/><E105/><V114/><F114/><W81/><G108/><T71/><D71/><N who="1" m="27147" /><E18/><V104/><F104/><W37/><G37/><T97/><D42/><U78/><E29/><V15/><F44/><W103/><G123/><T25/><D35/><U119/><E33/><V72/><REACH who="2" step="1"/><F83/><REACH who="2" ten="250,250,240,250" step="2"/><W77/><G45/><T8/><D34/><U0/><E119/><V41/><F41/><W94/><G81/><N who="0" m="49455" /><D8/><AGARI ba="0,1" hai="5,6,8,11,12,15,28,30,72,73,74,88,95,99" machi="8" ten="40,5200,0" yaku="1,1,9,1,54,1,53,0" doraHai="16" doraHaiUra="65" who="2" fromWho="0" sc="250,-52,250,0,240,62,250,0" />
</Scene>
<Scene>
<INIT seed="1,0,0,0,0,115" ten="198,250,302,250" oya="1" hai0="59,34,35,52,53,132,26,129,22,43,3,104,81" hai1="36,122,47,125,106,72,38,96,126,70,84,21,120" hai2="44,45,75,116,42,16,101,117,1,50,91,24,8" hai3="124,7,128,73,29,56,130,87,9,12,2,102,112"/><U133/><E72/><V114/><F75/><W62/><G73/><T41/><D3/><U40/><E70/><V51/><F114/><W11/><G112/><T92/><D104/><U67/><E133/><V10/><F101/><W107/><G29/><T89/><D129/><N who="3" m="49769" /><G124/><N who="1" m="47722" /><E67/><V127/><F127/><W93/><G107/><T54/><D132/><U99/><E84/><V32/><F91/><N who="3" m="53503" /><G102/><T77/><D59/><U27/><E38/><V4/><F32/><W0/><G11/><T121/><D121/><N who="1" m="46699" /><E106/><V17/><F24/><W49/><G49/><T90/><D81/><U65/><E65/><AGARI ba="0,0" hai="0,2,7,9,12,56,62,65" m="53503,49769" machi="65" ten="30,1000,0" yaku="19,1" doraHai="115" who="3" fromWho="1" sc="198,0,250,-10,302,0,250,10" />
</Scene>
<Scene>
<INIT seed="2,0,0,0,5,73" ten="198,240,302,260" oya="2" hai0="8,129,48,92,55,69,126,102,107,58,41,93,28" hai1="86,13,128,131,114,56,109,90,59,100,85,35,113" hai2="79,30,12,99,17,108,34,63,40,112,110,78,65" hai3="38,14,4,18,111,89,104,82,2,10,44,51,50"/><V106/><F112/><N who="1" m="43113" /><E35/><V3/><F3/><W37/><G104/><T46/><D28/><U105/><E109/><N who="2" m="42091" /><F40/><W53/><G111/><T77/><D8/><U25/><E25/><N who="2" m="18767" /><F99/><W64/><G64/><T62/><D129/><N who="1" m="49739" /><E13/><V49/><F49/><W133/><G133/><T98/><D126/><U116/><E116/><V70/><F106/><W74/><G51/><T76/><REACH who="0" step="1"/><D69/><REACH who="0" ten="188,240,302,260" step="2"/><U134/><E134/><V88/><F88/><W52/><G89/><T91/><D91/><U36/><E90/><V121/><F121/><W6/><G10/><AGARI ba="0,1" hai="10,12,17,63,65,70,78,79" m="18767,42091" machi="10" ten="30,11600,0" yaku="14,1,10,1,52,2" doraHai="73" who="2" fromWho="3" sc="188,0,240,0,302,126,260,-116" />
</Scene>
<Scene>
<INIT seed="2,1,0,3,3,115" ten="188,240,428,144" oya="2" hai0="126,116,108,6,78,3,8,68,5,96,100,123,82" hai1="83,72,44,81,12,69,62,46,95,15,13,30,60" hai2="90,109,7,4,112,111,77,103,71,125,48,106,85" hai3="119,94,113,52,1,70,122,55,18,99,64,22,134"/><V133/><F112/><W110/><G1/><T27/><D123/><U39/><E69/><V102/><F71/><W14/><G122/><T35/><D6/><N who="2" m="2090" /><F106/><W91/><G113/><T65/><D126/><U57/><E30/><V87/><F125/><W53/><G134/><T34/><D108/><N who="2" m="41546" /><F133/><W89/><G110/><T50/><D50/><U107/><E107/><V117/><F117/><W59/><G119/><T47/><D47/><N who="1" m="17963" /><E39/><V20/><F48/><W121/><G121/><T16/><D116/><U114/><E114/><V54/><F54/><W58/><REACH who="3" step="1"/><G91/><REACH who="3" ten="188,240,428,134" step="2"/><T51/><D3/><U92/><E72/><V41/><F90/><W101/><G101/><N who="2" m="38409" /><F41/><W2/><G2/><T66/><D100/><U135/><E135/><V21/><F77/><W129/><G129/><T128/><D78/><U19/><E62/><AGARI ba="1,1" hai="14,18,22,52,53,55,58,59,62,64,70,89,94,99" machi="62" ten="40,2600,0" yaku="1,1,54,1,53,0" doraHai="115" doraHaiUra="132" who="3" fromWho="1" sc="188,0,240,-29,428,0,134,39" />
</Scene>
<Scene>
<INIT seed="3,0,0,2,5,86" ten="188,211,428,173" oya="3" hai0="59,56,5,94,21,33,36,4,130,39,17,134,96" hai1="28,85,7,31,69,110,122,1,73,16,34,30,83" hai2="108,89,6,19,128,65,26,46,98,25,60,115,44" hai3="27,29,41,68,0,32,47,92,109,23,80,64,97"/><W42/><G0/><T66/><D33/><U127/><E122/><V104/><F115/><W61/><G109/><T81/><D134/><U8/><E69/><V90/><F108/><W22/><G80/><T10/><D130/><U84/><E110/><V40/><F128/><W74/><G74/><T12/><D81/><U38/><E38/><V87/><F6/><W121/><G121/><T70/><D70/><U131/><E127/><V91/><F87/><W58/><G68/><T126/><D126/><U120/><E120/><V118/><F118/><W112/><G112/><T79/><D79/><U103/><E131/><V67/><F104/><W50/><REACH who="3" step="1"/><G42/><REACH who="3" ten="188,211,428,163" step="2"/><T105/><D4/><U20/><E83/><V100/><F40/><W14/><G14/><T117/><D117/><U2/><E73/><V55/><F26/><W71/><G71/><T3/><D3/><U75/><E75/><V88/><F25/><W52/><G52/><T11/><D12/><U54/><E54/><V107/><F55/><W57/><G57/><T135/><D56/><U15/><E2/><V129/><F129/><W53/><G53/><T45/><D59/><U13/><E13/><V62/><F65/><W18/><G18/><T76/><D17/><U48/><E1/><V133/><F19/><W102/><AGARI ba="0,1" hai="22,23,27,29,32,41,47,50,58,61,64,92,97,102" machi="102" ten="20,3900,0" yaku="1,1,0,1,7,1,53,0" doraHai="86" doraHaiUra="132" who="3" fromWho="3" sc="188,-13,211,-13,428,-13,163,49" />
</Scene>
<Scene>
<INIT seed="3,1,0,1,1,80" ten="175,198,415,212" oya="3" hai0="0,101,72,65,37,23,11,62,89,92,3,8,4" hai1="100,115,133,68,39,130,106,109,91,123,111,113,75" hai2="17,88,43,110,79,10,34,77,96,20,1,24,108" hai3="119,124,67,74,19,16,55,56,42,9,44,50,48"/><W120/><G119/><T6/><D72/><U25/><RYUUKYOKU type="yao9" ba="1,0" sc="175,0,198,0,415,0,212,0" hai1="25,39,68,75,91,100,106,109,111,113,115,123,130,133" />
</Scene>
<Scene>
<INIT seed="3,2,0,4,2,49" ten="175,198,415,212" oya="3" hai0="110,72,35,66,18,19,88,129,63,134,97,56,2" hai1="55,120,20,133,36,30,16,116,112,109,99,57,23" hai2="108,17,13,81,100,28,93,101,76,29,41,15,45" hai3="78,7,8,98,58,32,69,127,27,85,48,87,82"/><W103/><G69/><T14/><D110/><U77/><E120/><V74/><F108/><W50/><G127/><T3/><D134/><U51/><E109/><V24/><F93/><W43/><G43/><T25/><D129/><U70/><E112/><V124/><F124/><W52/><G87/><T131/><D131/><U53/><E70/><V12/><F17/><W107/><G50/><T104/><D72/><U91/><E36/><V105/><F105/><W80/><G80/><T117/><D117/><U115/><E115/><V34/><REACH who="2" step="1"/><F29/><REACH who="2" ten="175,198,405,212" step="2"/><W11/><REACH who="3" step="1"/><G7/><REACH who="3" ten="175,198,405,202" step="2"/><T4/><D4/><U44/><E116/><V26/><F26/><W22/><G22/><T135/><D25/><U37/><E23/><V73/><F73/><W94/><G94/><T118/><D104/><U33/><E20/><V119/><F119/><W62/><G62/><T67/><D63/><U39/><E133/><V92/><F92/><W40/><G40/><T90/><D135/><U68/><E68/><V61/><F61/><W6/><G6/><T60/><D60/><U132/><E132/><V89/><F89/><W38/><G38/><AGARI ba="2,2" hai="12,13,15,24,28,34,38,41,45,74,76,81,100,101" machi="38" ten="40,1300,0" yaku="1,1,53,0" doraHai="49" doraHaiUra="125" who="2" fromWho="3" sc="175,0,198,0,405,39,202,-19" />
</Scene>
<Scene>
<INIT seed="4,0,0,2,2,47" ten="175,198,444,183" oya="0" hai0="120,67,75,129,64,80,130,132,114,28,7,19,105" hai1="30,18,125,86,40,33,122,65,44,111,17,26,124" hai2="106,46,59,71,51,95,38,43,101,87,119,133,2" hai3="84,76,15,60,126,14,22,96,6,135,81,16,10"/><T85/><D120/><U104/><E122/><V109/><F109/><W3/><G135/><T131/><D105/><U112/><E111/><V78/><F133/><W23/><G126/><N who="1" m="48746" /><E104/><V127/><F127/><W13/><G60/><T63/><D132/><U66/><E112/><V24/><F71/><W117/><G117/><T74/><D114/><U93/><E93/><V35/><F2/><W77/><G23/><T73/><D7/><U116/><E86/><V61/><F119/><W12/><REACH who="3" step="1"/><G96/><REACH who="3" ten="175,198,444,173" step="2"/><T68/><D64/><N who="1" m="24683" /><E116/><V102/><F61/><W128/><G128/><T113/><D113/><U123/><E123/><V52/><F35/><W118/><G118/><T55/><D28/><U121/><E121/><V97/><F97/><W42/><G42/><T99/><D99/><U0/><E0/><V134/><F43/><W49/><G49/><AGARI ba="0,1" hai="17,18,26,30,33,40,44,49" m="24683,48746" machi="49" ten="30,2000,0" yaku="18,1,52,1" doraHai="47" who="1" fromWho="3" sc="175,0,198,30,444,0,173,-20" />
</Scene>
<Scene>
<INIT seed="5,0,0,2,4,62" ten="175,228,444,153" oya="1" hai0="3,24,121,30,38,111,94,129,36,114,130,73,107" hai1="52,40,119,126,81,87,34,42,96,55,106,98,51" hai2="9,31,46,104,76,69,7,86,120,131,83,128,8" hai3="135,132,63,10,112,22,67,64,15,92,78,0,80"/><U47/><E119/><V79/><F120/><W91/><G112/><T29/><D111/><U2/><E34/><V75/><F104/><W20/><G0/><T71/><D107/><U118/><E2/><V101/><F101/><W11/><G11/><T26/><D114/><U14/><E118/><V133/><F69/><W44/><G44/><T58/><D71/><U116/><E126/><V88/><F133/><N who="3" m="51275" /><G63/><T59/><D73/><U124/><E124/><V48/><F31/><N who="0" m="11786" /><D94/><U84/><E116/><V122/><F122/><W32/><G32/><T127/><D127/><U82/><E106/><V39/><F39/><N who="0" m="14890" /><D3/><U13/><E51/><V5/><F9/><W43/><G43/><T65/><D121/><U72/><E72/><V74/><F74/><N who="3" m="43095" /><G20/><T70/><D70/><U45/><AGARI ba="0,0" hai="13,14,40,42,45,47,52,55,81,82,84,87,96,98" machi="45" ten="25,12000,1" yaku="0,1,22,2,8,1,54,1" doraHai="62" who="1" fromWho="1" sc="175,-40,228,120,444,-40,153,-40" />
</Scene>
<Scene>
<INIT seed="5,1,0,0,4,129" ten="135,348,404,113" oya="1" hai0="19,63,34,107,132,85,123,125,74,8,52,50,112" hai1="30,17,18,26,48,104,9,10,77,2,62,135,37" hai2="33,41,111,80,42,83,71,91,44,97,76,60,79" hai3="121,49,122,73,66,94,75,130,86,126,36,61,35"/><U127/><E37/><V93/><F33/><W100/><G36/><T133/><D74/><U128/><E104/><V47/><F111/><W32/><G130/><T7/><D107/><U96/><E128/><V113/><F113/><W58/><G35/><T21/><D34/><U56/><E77/><N who="2" m="29771" /><F60/><W109/><G32/><T102/><D102/><U103/><E127/><V1/><F1/><W45/><G126/><T4/><D125/><U69/><E69/><V22/><F71/><W15/><G109/><T92/><D112/><U14/><E48/><N who="2" m="26639" /><F22/><W78/><G75/><T12/><D63/><U20/><E2/><V29/><F29/><W95/><G73/><T40/><D40/><U99/><E103/><V0/><F0/><W6/><G100/><T43/><D43/><U110/><E110/><V81/><F42/><W72/><G72/><T59/><D123/><U64/><REACH who="1" step="1"/><E135/><REACH who="1" ten="135,338,404,113" step="2"/><N who="0" m="51785" /><D8/><U134/><E134/><V105/><F105/><W114/><G114/><T90/><AGARI ba="1,1" hai="4,7,12,19,21,50,52,59,85,90,92" m="51785" machi="90" ten="30,12000,2" yaku="25,1,20,1,52,3,54,1" doraHai="129" who="0" fromWho="0" sc="135,133,338,-61,404,-31,113,-31" />
</Scene>
<Scene>
<INIT seed="6,0,0,4,3,134" ten="268,277,373,82" oya="2" hai0="111,94,6,129,36,51,50,132,64,29,21,14,124" hai1="121,7,74,128,27,113,90,70,105,10,16,2,31" hai2="99,106,112,97,17,110,20,15,9,35,46,126,96" hai3="39,76,130,81,56,59,34,109,78,47,25,61,118"/><V42/><F126/><W91/><G118/><T131/><D111/><U102/><E113/><V32/><F112/><W53/><G109/><T79/><D124/><U22/><E128/><N who="0" m="49225" /><D36/><U19/><E70/><V23/><F110/><W100/><G130/><T101/><D64/><U26/><E121/><V82/><F106/><W40/><G100/><T41/><D41/><U58/><E74/><V18/><F82/><W45/><G45/><T123/><D123/><U84/><E102/><V24/><REACH who="2" step="1"/><F9/><REACH who="2" ten="268,277,363,82" step="2"/><W65/><G81/><T127/><D127/><U119/><E105/><V72/><F72/><W83/><G83/><T5/><D94/><U63/><E119/><V104/><F104/><W98/><G78/><T88/><D79/><U66/><E27/><V73/><F73/><W68/><G76/><T49/><D132/><U92/><AGARI ba="0,1" hai="2,7,10,16,19,22,26,31,58,63,66,84,90,92" machi="92" ten="20,2700,0" yaku="0,1,7,1,54,1" doraHai="134" who="1" fromWho="1" sc="268,-7,277,37,363,-13,82,-7" />
</Scene>
<Scene>
<INIT seed="7,0,0,3,3,77" ten="261,314,350,75" oya="3" hai0="12,28,71,73,11,105,17,33,63,102,100,101,120" hai1="79,50,0,9,15,75,70,85,40,32,88,107,19" hai2="39,44,45,42,51,68,78,132,7,43,135,109,14" hai3="38,6,108,119,94,66,5,61,90,91,115,84,106"/><W53/><G119/><T126/><D73/><U58/><E107/><V56/><F68/><W10/><G106/><T52/><D120/><U29/><E70/><V48/><F109/><W22/><G108/><T72/><D72/><U104/><E104/><V80/><F56/><N who="3" m="34959" /><G38/><T8/><D126/><U18/><E0/><V89/><F89/><W62/><G115/><T116/><D116/><U49/><E79/><V122/><F122/><W2/><G2/><T76/><D76/><U97/><E97/><V99/><F99/><N who="3" m="57815" /><G22/><T121/><D121/><U24/><E75/><V118/><F118/><W26/><G26/><T96/><D8/><U134/><E134/><N who="2" m="51243" /><F14/><W83/><G10/><T127/><D127/><U128/><E9/><V123/><F123/><W93/><G93/><T54/><D102/><U87/><E24/><V113/><F113/><W98/><G98/><T133/><D100/><U1/><E1/><V27/><F27/><W41/><G41/><T34/><D133/><U46/><E40/><V4/><F39/><W55/><G66/><N who="0" m="41439" /><D34/><U82/><E32/><V131/><F131/><W30/><G30/><T74/><D74/><AGARI ba="0,0" hai="4,7,42,43,44,45,48,51,74,78,80" m="51243" machi="74" ten="30,2000,0" yaku="20,1,52,1" doraHai="77" who="2" fromWho="0" sc="261,-20,314,0,350,20,75,0" owari="241,-16.0,314,11.0,370,47.0,75,-42.0" />
</Scene>
</mjloggm>