<mjloggm ver="2.3"><GO type="169"/><UN n0="%E9%B7%B9%EF%BC%93" n1="%E3%81%94%E3%81%98%E3%82%83%E3%82%8B" n2="%E3%83%97%E3%83%AD%E3%82%B8%E3%83%A3%E3%83%B3%E6%B0%8F" n3="%41%53%41%50%49%4E" dan="16,17,17,18" rate="2121,2180,2203,2184" sx="M,M,M,M"/><TAIKYOKU oya="0"/>

<Scene>
<INIT seed="0,0,0,5,1,78" ten="250,250,250,250" oya="0" hai0="66,119,102,55,22,54,13,24,19,109,128,77,131" hai1="75,65,48,129,39,99,88,34,47,36,120,121,2" hai2="21,104,4,46,101,108,45,12,115,117,95,56,123" hai3="92,87,9,11,41,132,20,49,80,25,69,31,63"/><T40/><D119/><U133/><E34/><V114/><F104/><W134/><G92/><T122/><D122/><U98/><E2/><V111/><F56/><W93/><G93/><T96/><D109/><N who="2" m="42058" /><F101/><W29/><G29/><T84/><D40/><U1/><E1/><V53/><F95/><W23/><G23/><T33/><D66/><U37/><E65/><V28/><F117/><W107/><G107/><T79/><D102/><U26/><E75/><V10/><F123/><W6/><G63/><T103/><D103/><U118/><E118/><V72/><F72/><W3/><G69/><T126/><D126/><U50/><E39/><V42/><F53/><N who="0" m="19978" /><D96/><U67/><E67/><V110/><F110/><W90/><REACH who="3" step="1"/><G11/><REACH who="3" ten="250,250,250,240" step="2"/><N who="0" m="6591" /><D33/><U0/><E99/><V127/><F28/><W70/><G70/><T86/><D131/><U15/><E129/><V58/><F21/><W100/><G100/><T35/><D128/><U74/><E121/><V64/><F10/><W76/><G76/><N who="0" m="29259" /><D35/><U51/><E120/><V59/><F115/><W124/><G124/><T43/><D43/><U135/><E98/><V18/><F42/><W73/><G73/><T106/><D106/><U112/><E74/><V89/><F114/><W30/><G30/><AGARI ba="0,1" hai="22,24,30,84,86" m="29259,6591,19978" machi="30" ten="30,1500,0" yaku="8,1" doraHai="78" who="0" fromWho="3" sc="250,25,250,0,250,0,240,-15" />
</Scene>
<Scene>
<INIT seed="0,1,0,4,4,85" ten="275,250,250,225" oya="0" hai0="34,122,133,116,113,64,127,17,100,12,15,10,13" hai1="8,53,38,126,65,81,106,114,77,83,123,18,3" hai2="55,103,108,4,68,22,46,134,9,61,6,27,90" hai3="130,54,59,88,132,23,67,128,58,7,94,57,131"/><T11/><D122/><U96/><E123/><V104/><F108/><W48/><G132/><T121/><D121/><U29/><E29/><V87/><F134/><W72/><G72/><T118/><D100/><U63/><E126/><V120/><F120/><W62/><G7/><T110/><D133/><U47/><E114/><V50/><F104/><W91/><G94/><T69/><D113/><U102/><E83/><V117/><F117/><W14/><G59/><T86/><D69/><U56/><E3/><V42/><F103/><W60/><G48/><T101/><D64/><U107/><E107/><V115/><F115/><W30/><G14/><N who="0" m="5739" /><D101/><U20/><E8/><N who="0" m="3113" /><D86/><U97/><E97/><V71/><F9/><W40/><G40/><T78/><D78/><U73/><E38/><V28/><F71/><W43/><G43/><T31/><D110/><U135/><E135/><V36/><F68/><W2/><G2/><T19/><D127/><U26/><E47/><V84/><F84/><W119/><G119/><N who="0" m="45611" /><D15/><U44/><E44/><V112/><F112/><W16/><REACH who="3" step="1"/><G16/><REACH who="3" ten="275,250,250,215" step="2"/><T5/><D5/><U93/><E106/><V41/><F41/><W80/><G80/><T79/><D79/><U76/><E76/><V32/><F36/><W70/><G70/><T25/><AGARI ba="1,1" hai="17,19,25,31,34" m="45611,3113,5739" machi="25" ten="40,3900,0" yaku="34,2" doraHai="85" who="0" fromWho="0" sc="275,52,250,-14,250,-14,215,-14" />
</Scene>
<Scene>
<INIT seed="0,2,0,1,0,74" ten="327,236,236,201" oya="0" hai0="93,118,107,50,55,98,42,25,28,133,83,34,57" hai1="58,110,18,134,129,82,7,6,19,115,105,124,15" hai2="12,26,51,88,56,47,122,121,96,114,116,68,91" hai3="84,32,112,53,109,2,89,120,24,123,49,69,40"/><T127/><D118/><U61/><E105/><V73/><F73/><W21/><G112/><T132/><D127/><U23/><E124/><V33/><F114/><W67/><G2/><T90/><D107/><U86/><E115/><V48/><F68/><W87/><G32/><T113/><D113/><U100/><E100/><V31/><F116/><W39/><G109/><T64/><D64/><U103/><E103/><V52/><F12/><W97/><G40/><T13/><D13/><U8/><E110/><V46/><F56/><W22/><G39/><T27/><D27/><N who="1" m="14839" /><E134/><V95/><REACH who="2" step="1"/><F91/><REACH who="2" ten="327,236,226,201" step="2"/><W92/><G69/><T135/><D42/><AGARI ba="2,1" hai="26,31,33,42,46,47,48,51,52,88,95,96,121,122" machi="42" ten="30,8000,1" yaku="1,1,2,1,7,1,54,2,53,0" doraHai="74" doraHaiUra="79" who="2" fromWho="0" sc="327,-86,236,0,226,96,201,0" />
</Scene>
<Scene>
<INIT seed="1,0,0,2,3,112" ten="241,236,322,201" oya="1" hai0="114,122,61,90,119,47,38,133,120,134,76,85,100" hai1="51,10,26,111,67,54,5,35,103,12,106,58,14" hai2="125,104,113,116,0,110,93,132,17,102,127,43,83" hai3="27,48,123,42,16,70,55,117,74,73,78,121,34"/><U79/><E111/><V3/><F43/><W4/><G70/><T29/><D114/><U44/><E79/><V87/><F113/><W126/><G42/><N who="0" m="22999" /><D29/><U18/><E106/><V25/><F104/><W2/><G126/><N who="2" m="48137" /><F110/><W75/><G78/><T57/><D100/><U86/><E103/><V32/><F132/><N who="0" m="50794" /><D76/><U109/><E109/><V107/><F107/><W8/><G117/><T135/><N who="0" m="50802" /><T19/><DORA hai="80" /><D19/><U118/><E118/><V53/><F53/><W49/><G49/><T22/><D22/><U13/><E35/><V124/><N who="2" m="48145" /><V9/><DORA hai="64" /><F116/><W105/><G105/><T31/><D31/><U63/><E86/><V6/><F32/><W60/><G60/><T99/><D99/><U50/><E26/><V84/><F3/><W72/><N who="3" m="18432" /><DORA hai="59" /><W20/><REACH who="3" step="1"/><G34/><REACH who="3" ten="241,236,322,191" step="2"/><T91/><D119/><U128/><E128/><V96/><F83/><W62/><G62/><T40/><D40/><U92/><E92/><V129/><F129/><W21/><G21/><AGARI ba="0,1" hai="0,6,9,17,21,25,84,87,93,96,102" m="48145" machi="21" ten="40,5200,0" yaku="18,1,52,2" doraHai="112,80,64,59" who="2" fromWho="3" sc="241,0,236,0,322,62,191,-52" />
</Scene>
<Scene>
<INIT seed="2,0,0,1,3,5" ten="241,236,384,139" oya="2" hai0="113,26,105,2,40,34,35,3,131,60,78,39,74" hai1="4,54,93,94,11,38,67,9,99,89,125,119,71" hai2="118,80,132,33,17,126,14,122,8,130,47,50,1" hai3="24,20,86,73,95,56,129,66,92,77,96,10,88"/><V69/><F69/><W49/><G129/><T70/><D113/><U55/><E119/><V90/><F118/><W83/><G66/><N who="0" m="41287" /><D131/><U135/><E38/><V81/><F122/><W16/><G56/><T114/><D114/><U62/><E135/><V48/><F130/><W117/><G49/><T104/><D40/><U116/><E116/><V19/><F132/><W123/><G117/><T59/><D59/><U103/><E125/><V112/><F112/><W0/><G123/><T21/><D21/><U65/><E65/><V111/><F33/><N who="0" m="12298" /><D26/><U13/><REACH who="1" step="1"/><E11/><REACH who="1" ten="241,226,384,139" step="2"/><V29/><F126/><W127/><G127/><T110/><D39/><U84/><AGARI ba="0,1" hai="4,9,13,54,55,62,67,71,84,89,93,94,99,103" machi="84" ten="20,8000,1" yaku="1,1,2,1,0,1,7,1,52,1,53,0" doraHai="5" doraHaiUra="36" who="1" fromWho="1" sc="241,-20,226,90,384,-40,139,-20" />
</Scene>
<Scene>
<INIT seed="3,0,0,5,0,27" ten="221,316,344,119" oya="3" hai0="108,54,52,56,22,53,30,71,80,3,76,37,109" hai1="114,72,113,116,13,95,118,49,124,40,0,55,117" hai2="96,111,73,93,15,84,9,112,50,79,35,91,75" hai3="74,129,57,42,7,14,67,48,36,120,62,105,8"/><W86/><G120/><T87/><D37/><U32/><E0/><V43/><F35/><W4/><G74/><T123/><D3/><U135/><E72/><V11/><F111/><N who="0" m="42570" /><D123/><U98/><E124/><V29/><F112/><W25/><G105/><T100/><D100/><U26/><E135/><V103/><F29/><W132/><G132/><T16/><D71/><U47/><E13/><V82/><F75/><W99/><G129/><T70/><D70/><U127/><E127/><V122/><F122/><W6/><G36/><T125/><D125/><U2/><E2/><V44/><REACH who="2" step="1"/><F15/><REACH who="2" ten="221,316,334,119" step="2"/><W61/><G99/><T88/><D30/><N who="1" m="19543" /><E40/><V10/><F10/><W101/><G25/><N who="0" m="14535" /><D76/><U121/><E121/><V19/><F19/><W63/><G101/><AGARI ba="0,1" hai="47,49,55,95,98,101,113,114,116,117,118" m="19543" machi="101" ten="30,2000,0" yaku="12,1,52,1" doraHai="27" who="1" fromWho="3" sc="221,0,316,30,334,0,119,-20" />
</Scene>
<Scene>
<INIT seed="4,0,0,3,4,69" ten="221,346,334,99" oya="0" hai0="70,90,79,66,86,65,130,77,29,99,27,133,46" hai1="36,100,96,129,132,110,134,113,64,107,35,84,44" hai2="119,106,91,88,39,20,60,41,8,40,85,13,51" hai3="82,112,93,103,30,48,118,135,61,63,16,128,14"/><T83/><D133/><N who="1" m="51307" /><E110/><V94/><F106/><W12/><G135/><T122/><D130/><U47/><E129/><V54/><F119/><W38/><G118/><T92/><D122/><U87/><E35/><V28/><F60/><W105/><G128/><T71/><D79/><U43/><E113/><V58/><F39/><W57/><G112/><T53/><D71/><U56/><E47/><V34/><F34/><W126/><G105/><T74/><D70/><U18/><E18/><N who="2" m="8487" /><F91/><W73/><G126/><T131/><D131/><U6/><E6/><V115/><F115/><W78/><G14/><T95/><D46/><U23/><E23/><V50/><F50/><W104/><G104/><T32/><REACH who="0" step="1"/><D53/><REACH who="0" ten="211,346,334,99" step="2"/><U101/><E64/><V67/><F67/><W123/><G123/><T68/><D68/><U1/><E56/><V37/><F37/><W4/><G38/><T62/><D62/><U75/><E36/><V42/><F42/><W52/><G61/><T33/><D33/><U17/><E43/><V127/><F127/><W59/><G63/><T80/><D80/><U9/><E44/><V76/><F76/><W45/><G59/><T124/><D124/><U120/><E120/><V11/><F41/><W72/><G57/><T49/><D49/><U98/><E75/><V117/><F40/><W7/><G72/><T102/><AGARI ba="0,1" hai="27,29,32,65,66,74,77,83,86,90,92,95,99,102" machi="102" ten="20,3900,0" yaku="1,1,0,1,7,1,53,0" doraHai="69" doraHaiUra="111" who="0" fromWho="0" sc="211,49,346,-13,334,-13,99,-13" />
</Scene>
<Scene>
<INIT seed="4,1,0,4,3,117" ten="260,333,321,86" oya="0" hai0="30,133,122,123,130,132,65,44,99,24,92,77,129" hai1="120,121,70,11,110,127,59,74,66,135,5,95,54" hai2="109,0,45,16,53,14,26,9,107,114,12,96,3" hai3="131,25,75,27,61,134,116,82,10,36,42,49,111"/><T6/><D65/><U38/><E74/><V71/><F71/><W43/><G116/><T97/><D6/><U73/><E73/><V89/><F109/><W50/><G111/><T39/><D77/><U98/><E110/><V22/><F114/><W55/><G131/><N who="0" m="50187" /><D39/><U88/><E38/><V56/><F45/><W1/><G134/><N who="0" m="51819" /><D44/><U47/><E135/><V58/><F14/><W63/><G36/><T23/><D99/><U7/><E47/><V33/><F33/><W31/><G75/><T20/><D23/><U2/><E7/><V104/><F56/><W64/><G1/><T85/><D85/><U68/><E68/><V60/><F107/><W4/><G4/><T118/><D118/><U72/><E72/><V41/><F41/><W62/><G64/><T124/><D124/><U86/><E127/><V126/><F126/><W21/><G10/><T102/><AGARI ba="1,0" hai="20,24,30,92,97,102,122,123" m="51819,50187" machi="102" ten="30,11700,0" yaku="19,1,20,1,52,2" doraHai="117" who="0" fromWho="0" sc="260,120,333,-40,321,-40,86,-40" />
</Scene>
<Scene>
<INIT seed="4,2,0,3,1,59" ten="380,293,281,46" oya="0" hai0="18,11,28,91,25,9,49,89,48,5,92,56,15" hai1="118,134,35,109,100,129,76,41,1,88,53,105,122" hai2="117,16,86,54,38,65,115,123,19,30,55,79,8" hai3="22,44,101,94,131,32,29,97,73,34,110,133,98"/><T2/><D56/><U82/><E109/><V31/><F115/><W95/><G110/><T20/><D91/><U61/><E122/><V13/><F123/><W33/><G73/><T85/><AGARI ba="2,0" hai="2,5,9,11,15,18,20,25,28,48,49,85,89,92" machi="85" ten="20,2100,0" yaku="0,1,7,1" doraHai="59" who="0" fromWho="0" sc="380,27,293,-9,281,-9,46,-9" />
</Scene>
<Scene>
<INIT seed="4,3,0,5,4,52" ten="407,284,272,37" oya="0" hai0="44,43,58,66,75,18,40,55,51,126,46,11,37" hai1="47,32,3,2,107,73,115,6,84,104,42,54,80" hai2="64,0,5,67,69,59,20,123,76,62,39,29,14" hai3="36,130,49,22,23,125,74,105,95,21,28,35,83"/><T15/><D75/><U12/><E32/><V45/><F123/><W87/><G105/><T98/><D126/><U79/><E115/><V57/><F0/><W30/><G36/><T86/><D86/><U25/><E73/><V72/><F72/><W121/><G125/><T129/><D129/><U113/><E113/><V4/><F76/><W65/><G130/><T13/><D13/><U91/><E91/><V48/><F39/><W131/><G131/><T85/><D85/><U61/><E25/><N who="2" m="16551" /><F69/><W27/><G121/><T90/><D66/><N who="2" m="25130" /><F62/><W118/><G118/><T120/><D120/><U10/><E3/><V122/><F122/><W56/><G74/><T117/><D117/><U114/><E2/><V88/><F88/><W93/><G30/><T77/><D77/><U111/><E111/><V89/><F89/><W9/><G87/><T7/><D90/><U128/><E114/><V124/><F124/><W116/><G83/><T94/><D94/><U17/><E128/><V97/><F97/><W134/><G116/><T112/><D112/><U81/><E81/><V101/><F101/><W31/><G31/><T135/><D135/><U109/><E109/><V103/><F103/><W82/><G134/><T68/><D68/><U108/><E108/><V19/><F19/><W110/><G82/><T132/><D132/><U70/><E17/><V92/><F92/><N who="3" m="35403" /><G110/><T127/><D127/><U96/><E96/><V41/><F14/><W16/><G65/><T34/><D34/><U8/><E70/><V33/><F33/><W106/><G35/><T99/><D18/><U78/><E79/><RYUUKYOKU ba="3,0" sc="407,15,284,-15,272,15,37,-15" hai0="7,11,15,37,40,43,44,46,51,55,58,98,99" hai2="4,5,41,45,48,57,59" />
</Scene>
<Scene>
<INIT seed="4,4,0,0,3,90" ten="422,269,287,22" oya="0" hai0="24,39,116,23,43,69,63,8,0,26,114,61,100" hai1="77,71,110,58,2,131,29,18,126,106,128,72,135" hai2="19,28,41,99,15,134,96,78,101,55,122,112,68" hai3="11,105,74,46,21,51,104,60,33,12,121,22,59"/><T4/><D116/><U47/><E71/><V34/><F122/><W14/><G33/><T3/><D114/><U129/><E110/><V16/><F68/><W85/><G74/><T40/><D0/><U65/><E106/><V32/><F112/><W53/><G121/><T130/><D130/><U44/><E2/><V118/><F41/><W42/><G104/><T120/><D120/><U64/><E29/><V103/><F78/><W48/><G105/><T45/><D43/><U70/><E70/><V111/><F111/><W107/><G107/><T10/><D10/><U80/><E126/><V89/><F89/><W133/><G133/><T108/><D108/><U73/><E73/><V115/><F115/><W54/><G85/><T30/><D100/><N who="2" m="38474" /><F28/><W125/><G125/><T124/><D124/><U76/><E76/><V49/><F49/><W35/><G35/><N who="2" m="13353" /><F15/><W7/><REACH who="3" step="1"/><G14/><REACH who="3" ten="422,269,287,12" step="2"/><T113/><D113/><U37/><E135/><V84/><F134/><W9/><G9/><T17/><D69/><U79/><E72/><V95/><F84/><W127/><G127/><T123/><D123/><U82/><E131/><V52/><F118/><W31/><G31/><T36/><D30/><U109/><E109/><V56/><F99/><W88/><G88/><T62/><REACH who="0" step="1"/><D26/><REACH who="0" ten="412,269,287,12" step="2"/><U13/><E129/><V20/><F20/><W67/><G67/><T98/><D98/><U25/><E25/><V75/><F96/><W50/><G50/><AGARI ba="4,2" hai="3,4,8,17,23,24,36,39,40,45,50,61,62,63" machi="50" ten="40,2000,0" yaku="1,1,53,0" doraHai="90" doraHaiUra="93" who="0" fromWho="3" sc="412,52,269,0,287,0,12,-32" owari="464,56.0,269,-13.0,287,9.0,-20,-52.0" />
</Scene>
</mjloggm>