<mjloggm ver="2.3"><GO type="169"/><UN n0="%E5%9F%BA%E7%A4%8E%E8%AB%96" n1="%41%53%41%50%49%4E" n2="%E5%89%A3%E5%9F%8E" n3="%E6%80%96%E3%81%8F%E3%81%AA%E3%81%84%E3%81%8A" dan="16,18,16,18" rate="2103,2243,2023,2228" sx="M,M,M,M"/><TAIKYOKU oya="0"/>

<Scene>
<INIT seed="0,0,0,2,2,30" ten="250,250,250,250" oya="0" hai0="24,31,6,77,69,47,100,14,94,39,127,38,22" hai1="115,44,90,36,125,71,91,62,76,107,12,23,120" hai2="72,18,4,88,128,134,68,98,27,16,43,25,55" hai3="48,9,1,89,133,118,83,8,60,104,32,58,41"/><T63/><D127/><U82/><E120/><V126/><F72/><W111/><G118/><T65/><D77/><U66/><E107/><V114/><F68/><W20/><G104/><T95/><D47/><U93/><E125/><V131/><F126/><W116/><G116/><T21/><D39/><U112/><E36/><V110/><F114/><N who="1" m="43561" /><E44/><V15/><F43/><W10/><G1/><T74/><D38/><U105/><E105/><V84/><F110/><W0/><G111/><T33/><D74/><N who="1" m="43287" /><E93/><V101/><F134/><W11/><G133/><T99/><REACH who="0" step="1"/><D95/><REACH who="0" ten="240,250,250,250" step="2"/><U7/><E7/><V106/><F4/><W13/><G0/><T64/><D64/><U103/><E66/><V117/><F117/><W92/><G92/><T52/><D52/><U50/><E91/><V124/><F55/><W53/><G89/><T109/><D109/><U37/><E90/><V57/><F124/><W87/><G41/><T5/><D5/><U102/><E37/><V67/><F67/><W86/><G53/><T70/><D70/><U61/><E71/><V119/><F119/><W28/><G58/><T2/><D2/><U51/><E103/><V45/><F45/><W81/><G81/><T59/><D59/><U34/><E102/><V19/><F57/><W54/><G83/><T56/><D56/><U123/><E62/><V129/><F15/><W73/><G13/><T78/><D78/><U3/><E3/><V108/><F108/><W130/><G73/><T40/><D40/><U26/><E12/><V80/><AGARI ba="0,1" hai="16,18,19,25,27,80,84,88,98,101,106,128,129,131" machi="80" ten="40,8000,1" yaku="0,1,19,1,54,2" doraHai="30" who="2" fromWho="2" sc="240,-40,250,-20,250,90,250,-20" />
</Scene>
<Scene>
<INIT seed="1,0,0,4,1,118" ten="200,230,340,230" oya="1" hai0="58,131,81,44,126,134,135,39,87,22,78,6,99" hai1="11,127,65,43,31,92,60,48,83,106,115,109,34" hai2="108,72,119,102,42,128,50,75,8,0,101,51,125" hai3="76,20,27,82,46,54,16,80,15,10,14,40,2"/><U23/><E115/><V57/><F119/><W33/><G33/><T103/><D6/><U25/><E106/><V100/><F108/><W105/><G105/><T1/><D1/><U96/><E127/><V45/><F125/><W133/><G133/><T88/><D126/><U70/><E109/><V90/><F128/><W9/><G54/><T18/><D131/><U35/><E11/><V107/><F90/><W7/><G9/><T110/><D110/><U86/><E48/><V32/><F32/><W89/><G89/><T24/><D58/><U41/><E35/><V3/><F107/><W64/><G64/><T85/><D39/><U13/><E13/><V120/><F8/><W94/><G94/><T26/><D44/><U84/><E34/><V124/><F124/><W36/><G82/><T67/><D67/><U53/><E53/><V30/><F0/><W21/><REACH who="3" step="1"/><G20/><REACH who="3" ten="200,230,340,220" step="2"/><T59/><D134/><U49/><E83/><V104/><F104/><W52/><G52/><T98/><D135/><U74/><E43/><V77/><F42/><W122/><G122/><T56/><D88/><U121/><E121/><V111/><F120/><W71/><G71/><T66/><D66/><U63/><E65/><V95/><F95/><W17/><G17/><T5/><D18/><U97/><E70/><V55/><F111/><W113/><G113/><T73/><D81/><U62/><E92/><V69/><F69/><W38/><G38/><T61/><D22/><U28/><E31/><V79/><F30/><W130/><G130/><T19/><D19/><U47/><E74/><AGARI ba="0,1" hai="2,7,10,14,15,16,21,27,36,40,46,74,76,80" machi="74" ten="30,8000,1" yaku="1,1,7,1,25,2,54,1,53,0" doraHai="118" doraHaiUra="117" who="3" fromWho="1" sc="200,0,230,-80,340,0,220,90" />
</Scene>
<Scene>
<INIT seed="2,0,0,1,2,124" ten="200,150,340,310" oya="2" hai0="26,50,82,56,2,116,117,92,30,0,68,71,106" hai1="3,46,53,51,75,62,63,94,44,98,126,78,48" hai2="4,96,39,97,15,95,18,21,122,86,17,40,72" hai3="67,113,38,102,104,132,55,105,35,91,14,57,93"/><V107/><F72/><W6/><G35/><T25/><D106/><U65/><E3/><V79/><F122/><W52/><G38/><T64/><D82/><U19/><E126/><V88/><F39/><W125/><G102/><T109/><D92/><U45/><E75/><V11/><F40/><W111/><G111/><T101/><D101/><U134/><E134/><V103/><F79/><W123/><G123/><T81/><D81/><U119/><E119/><N who="0" m="45641" /><D109/><U66/><E78/><V54/><F54/><W47/><G132/><T121/><D121/><U90/><E19/><V120/><F120/><W99/><G113/><T22/><D26/><U133/><E133/><V87/><REACH who="2" step="1"/><F17/><REACH who="2" ten="200,150,330,310" step="2"/><W23/><G55/><N who="0" m="31863" /><D64/><N who="1" m="24683" /><E46/><V49/><F49/><W34/><G47/><T58/><D58/><U42/><AGARI ba="0,1" hai="42,44,45,48,51,53,62,63,90,94,98" m="24683" machi="42" ten="30,1100,0" yaku="8,1" doraHai="124" who="1" fromWho="1" sc="200,-3,150,21,330,-5,310,-3" />
</Scene>
<Scene>
<INIT seed="3,0,0,2,2,75" ten="197,171,325,307" oya="3" hai0="130,73,14,102,98,31,35,6,54,24,116,55,94" hai1="57,91,99,37,115,69,56,77,39,40,42,58,36" hai2="129,82,74,8,13,86,114,72,34,41,49,121,7" hai3="108,12,117,68,50,127,45,132,110,112,105,18,113"/><W25/><G105/><T124/><D116/><U119/><E115/><V52/><F114/><W123/><G117/><T65/><D124/><U67/><E119/><V70/><F129/><W101/><G123/><T87/><D130/><U120/><E120/><V22/><F34/><W71/><G101/><T51/><D73/><U48/><E91/><V100/><F70/><W128/><G128/><T19/><D65/><U46/><E99/><V95/><F41/><W131/><G131/><T81/><D6/><U11/><E11/><V9/><F121/><W111/><G127/><T3/><D3/><U2/><E77/><V106/><F106/><W4/><G132/><T88/><REACH who="0" step="1"/><D51/><REACH who="0" ten="187,171,325,307" step="2"/><U122/><E2/><V29/><F74/><W134/><G113/><T30/><D30/><U23/><E122/><V97/><F72/><W84/><G112/><T32/><D32/><U38/><E23/><AGARI ba="0,1" hai="14,19,23,24,31,35,54,55,81,87,88,94,98,102" machi="23" ten="30,7700,0" yaku="1,1,7,1,54,1,53,1" doraHai="75" doraHaiUra="92" who="0" fromWho="1" sc="187,87,171,-77,325,0,307,0" />
</Scene>
<Scene>
<INIT seed="4,0,0,1,1,85" ten="274,94,325,307" oya="0" hai0="46,94,86,29,7,59,88,28,35,78,132,102,109" hai1="36,22,53,112,14,66,27,92,67,23,30,6,93" hai2="123,9,95,52,50,17,103,111,15,72,99,5,126" hai3="120,84,40,82,108,133,33,8,124,47,42,16,118"/><T39/><D132/><U34/><E36/><V113/><F111/><W54/><G108/><T114/><D109/><U106/><E106/><V25/><F123/><W13/><G33/><T121/><D121/><U10/><E112/><V21/><F72/><W26/><G118/><T1/><D114/><U49/><E34/><V98/><F113/><W122/><G133/><T55/><D35/><U24/><E92/><V87/><F126/><W79/><G124/><T89/><D1/><U19/><REACH who="1" step="1"/><E93/><REACH who="1" ten="274,84,325,307" step="2"/><V116/><F116/><W3/><G122/><T65/><D39/><U135/><E135/><V97/><REACH who="2" step="1"/><F87/><REACH who="2" ten="274,84,315,307" step="2"/><W101/><G120/><T4/><D86/><U31/><E31/><V69/><F69/><W12/><G84/><T48/><D29/><U63/><E63/><V51/><F51/><W131/><G79/><T129/><D28/><U100/><E100/><V80/><F80/><W83/><G101/><T11/><D78/><U115/><E115/><V91/><F91/><W32/><G82/><T20/><D102/><U45/><AGARI ba="0,2" hai="6,10,14,19,22,23,24,27,30,45,49,53,66,67" machi="45" ten="20,5200,0" yaku="1,1,0,1,7,1,8,1,53,0" doraHai="85" doraHaiUra="90" who="1" fromWho="1" sc="274,-26,84,72,315,-13,307,-13" />
</Scene>
<Scene>
<INIT seed="5,0,0,3,0,84" ten="248,156,302,294" oya="1" hai0="14,25,47,130,129,87,116,94,75,37,6,32,79" hai1="16,98,122,59,60,55,36,83,103,51,109,1,31" hai2="13,33,85,52,5,108,30,117,53,134,125,67,78" hai3="41,132,70,101,126,20,97,135,107,39,63,99,46"/><U61/><E122/><V42/><F108/><W38/><G126/><T19/><D116/><U124/><E1/><V127/><F117/><W11/><G20/><T69/><D69/><U74/><E36/><V73/><F73/><W71/><G39/><T100/><D75/><U48/><E124/><N who="2" m="47691" /><F42/><W17/><G63/><T120/><D120/><U88/><E109/><V10/><F67/><W121/><G121/><T119/><D119/><U105/><E31/><V112/><F134/><N who="3" m="51243" /><G97/><T80/><D6/><U21/><E60/><V113/><F78/><W110/><G110/><T81/><D81/><U58/><E58/><V65/><F65/><W49/><G38/><T62/><D62/><U9/><E9/><V115/><F85/><W45/><G45/><T26/><D47/><U96/><E74/><V24/><AGARI ba="0,0" hai="5,10,13,24,30,33,52,53,112,113,115" m="47691" machi="24" ten="40,8000,1" yaku="15,1,11,1,18,1,54,1" doraHai="84" who="2" fromWho="2" sc="248,-20,156,-40,302,80,294,-20" />
</Scene>
<Scene>
<INIT seed="6,0,0,3,5,73" ten="228,116,382,274" oya="2" hai0="116,38,125,31,33,30,87,72,39,119,43,59,88" hai1="58,65,110,11,79,120,62,28,108,48,118,76,51" hai2="64,78,18,124,134,54,133,104,132,96,91,60,106" hai3="6,69,55,25,66,44,67,57,127,23,121,68,114"/><V107/><F54/><W5/><G121/><T112/><D72/><U131/><E118/><N who="0" m="45097" /><D112/><U115/><E115/><V35/><F35/><W2/><G127/><T41/><D125/><U81/><E120/><V94/><F124/><W97/><G68/><T102/><D102/><U50/><E131/><V111/><F18/><W53/><G69/><T46/><D59/><U98/><E81/><V36/><F36/><N who="0" m="13866" /><D33/><U49/><N who="1" m="12288" /><DORA hai="126" /><U85/><E85/><V99/><F111/><W95/><G44/><T89/><D89/><U75/><E75/><V90/><F60/><N who="3" m="35903" /><G53/><T47/><D47/><U4/><E28/><N who="0" m="10793" /><D46/><U19/><E19/><V74/><F64/><W70/><G66/><T52/><D52/><U113/><E113/><V45/><F45/><W42/><G67/><T101/><D101/><U61/><E61/><V0/><F107/><W56/><G56/><T13/><D13/><U135/><E135/><V17/><F106/><W80/><G70/><T92/><AGARI ba="0,0" hai="41,43,87,88,92" m="10793,13866,45097" machi="92" ten="40,2700,0" yaku="12,1,54,1" doraHai="73,126" who="0" fromWho="0" sc="228,27,116,-7,382,-13,274,-7" />
</Scene>
<Scene>
<INIT seed="7,0,0,3,1,38" ten="255,109,369,267" oya="3" hai0="94,81,112,119,20,27,45,1,68,99,57,48,22" hai1="32,74,85,55,105,106,95,63,101,46,78,14,121" hai2="17,66,24,91,18,35,69,120,118,21,3,86,127" hai3="124,128,31,125,70,64,71,111,13,100,122,15,129"/><W126/><G122/><T0/><D68/><N who="3" m="26153" /><G64/><T113/><D119/><U62/><E14/><N who="3" m="5130" /><G100/><N who="0" m="60535" /><D57/><U132/><E95/><V107/><F3/><N who="0" m="1098" /><D81/><U87/><E101/><V80/><F107/><W82/><G31/><T7/><D7/><U76/><E46/><V5/><F5/><W92/><G92/><T67/><D67/><U103/><E103/><V135/><F35/><W84/><G111/><T93/><D93/><U16/><E32/><V29/><F69/><W114/><G114/><N who="0" m="44139" /><D27/><U25/><E25/><V33/><F24/><W10/><G10/><T23/><D23/><U34/><E34/><V115/><F21/><W49/><G49/><T44/><D44/><U41/><E121/><V54/><F120/><W77/><AGARI ba="0,0" hai="77,82,84,124,125,126,128,129" m="5130,26153" machi="77" ten="40,2100,0" yaku="18,1" doraHai="38" who="3" fromWho="3" sc="255,-7,109,-7,369,-7,267,21" />
</Scene>
<Scene>
<INIT seed="7,1,0,5,0,135" ten="248,102,362,288" oya="3" hai0="8,125,96,19,54,39,93,97,47,124,30,1,107" hai1="26,3,127,11,81,115,28,25,21,100,109,73,60" hai2="90,31,105,67,55,0,12,118,15,103,53,57,88" hai3="134,86,29,17,120,49,128,59,48,16,65,123,130"/><W114/><G134/><T61/><D30/><U101/><E109/><V94/><F0/><W58/><G29/><T110/><D110/><U82/><E115/><V38/><F38/><W98/><G98/><T63/><D107/><U66/><E3/><V36/><F36/><W52/><G114/><T46/><D96/><U79/><E11/><V23/><F118/><W70/><G70/><T10/><D19/><N who="3" m="7241" /><G86/><T4/><D10/><U84/><E73/><V69/><F69/><W56/><G65/><T64/><D54/><N who="2" m="20490" /><F105/><W20/><G20/><T129/><D129/><N who="3" m="49769" /><G49/><T62/><D64/><U14/><E28/><V106/><F106/><W83/><G83/><T92/><D92/><U32/><E32/><V22/><F22/><W80/><G80/><T78/><D78/><U91/><E21/><V87/><F87/><W68/><G68/><T33/><D33/><U99/><E84/><V72/><F72/><W7/><G7/><T77/><D77/><U44/><E99/><N who="2" m="59895" /><F23/><W104/><G104/><T121/><D121/><AGARI ba="1,0" hai="48,52,56,58,59,120,121,123" m="49769,7241" machi="121" ten="30,5800,0" yaku="19,1,54,2" doraHai="135" who="3" fromWho="0" sc="248,-61,102,0,362,0,288,61" />
</Scene>
<Scene>
<INIT seed="7,2,0,1,4,101" ten="187,102,362,349" oya="3" hai0="8,86,66,116,55,54,59,48,126,11,2,15,25" hai1="17,34,49,104,89,67,42,30,119,112,63,91,133" hai2="16,47,107,36,79,105,83,82,22,13,102,21,3" hai3="114,80,29,61,76,100,73,0,35,123,41,120,90"/><W117/><G117/><T14/><D116/><U27/><E119/><V135/><F3/><W58/><G0/><T28/><D126/><U70/><E112/><V108/><F108/><W74/><G41/><T115/><D115/><U6/><E133/><V95/><F135/><W92/><G114/><T128/><D128/><U110/><E110/><V122/><F122/><W10/><G74/><T5/><D2/><U64/><E6/><V60/><F82/><W12/><G100/><T46/><D66/><U88/><E67/><V32/><F32/><W68/><G68/><T124/><D124/><U20/><E42/><V31/><F60/><W62/><G29/><T72/><D72/><U71/><E49/><V56/><F56/><W26/><G26/><T19/><D86/><U111/><E111/><V33/><F33/><W113/><G35/><T1/><D1/><U78/><E78/><V130/><F130/><W50/><G50/><N who="0" m="31223" /><D25/><U118/><E118/><V9/><F36/><W23/><G23/><T85/><D85/><U93/><E71/><V132/><F22/><W98/><G113/><T65/><D65/><U106/><REACH who="1" step="1"/><E93/><REACH who="1" ten="187,92,362,349" step="2"/><V97/><F132/><W52/><G62/><T134/><D134/><U94/><E94/><V87/><F95/><W84/><G73/><T129/><D129/><U96/><E96/><V121/><F97/><W99/><G98/><T45/><D48/><U125/><E125/><V69/><F69/><W38/><G38/><T7/><D5/><AGARI ba="2,1" hai="5,10,12,52,58,61,76,80,84,90,92,99,120,123" machi="5" ten="30,2900,0" yaku="7,1,54,1" doraHai="101" who="3" fromWho="0" sc="187,-35,92,0,362,0,349,45" owari="152,-25.0,92,-41.0,362,16.0,394,50.0" />
</Scene>
</mjloggm>