<mjloggm ver="2.3"><GO type="169"/><UN n0="%74%6E%6B%73%68%74" n1="%E3%81%B4%E3%81%83%E3%81%B4%E3%81%83" n2="%E3%82%B9%E3%83%BC%E3%83%8B" n3="%41%53%41%50%49%4E" dan="16,17,16,18" rate="2109,2100,2074,2236" sx="M,M,M,M"/><TAIKYOKU oya="0"/>

<Scene>
<INIT seed="0,0,0,0,0,78" ten="250,250,250,250" oya="0" hai0="121,103,133,24,71,67,48,55,37,27,68,1,14" hai1="58,88,92,61,106,83,135,44,65,85,134,4,129" hai2="46,128,74,6,115,7,54,102,99,28,77,10,51" hai3="100,66,59,20,12,90,5,127,132,82,60,118,113"/><T56/><D1/><U52/><E106/><V70/><F70/><W31/><G113/><T79/><D121/><U101/><E129/><V13/><F128/><W40/><G118/><T47/><D133/><N who="1" m="50699" /><E4/><V86/><F115/><W35/><G132/><T26/><D103/><U8/><E8/><V89/><F28/><W63/><G127/><T3/><D3/><U32/><E32/><V130/><F130/><W126/><G126/><T69/><D14/><U96/><E44/><V125/><F125/><W95/><G35/><T108/><D108/><U75/><E75/><V62/><F62/><N who="3" m="38239" /><G40/><T73/><D73/><U43/><E43/><V81/><F102/><W38/><G38/><T64/><D79/><U25/><E25/><V53/><F99/><N who="3" m="59519" /><G5/><T50/><REACH who="0" step="1"/><D37/><REACH who="0" ten="240,250,250,250" step="2"/><U15/><E15/><V0/><F0/><W98/><G12/><T45/><D45/><U120/><E120/><V123/><F123/><W119/><G119/><T34/><D34/><U94/><E94/><V84/><F74/><W117/><G117/><T49/><D49/><U11/><E11/><V42/><F7/><W112/><G112/><T80/><D80/><AGARI ba="0,1" hai="6,10,13,42,46,51,53,54,77,80,81,84,86,89" machi="80" ten="30,12000,2" yaku="7,1,25,2,8,1,52,2" doraHai="78" who="2" fromWho="0" sc="240,-120,250,0,250,130,250,0" />
</Scene>
<Scene>
<INIT seed="1,0,0,3,5,101" ten="120,250,380,250" oya="1" hai0="112,89,46,62,54,92,5,82,80,135,59,115,84" hai1="73,97,44,25,123,20,7,116,110,127,49,129,40" hai2="30,31,107,12,1,133,134,26,56,16,52,130,114" hai3="68,53,104,43,67,8,74,11,111,2,105,41,124"/><U47/><E116/><V48/><F1/><W45/><G74/><T91/><D135/><N who="2" m="51722" /><F114/><W98/><G111/><T71/><D71/><U3/><E123/><V22/><F130/><W72/><G72/><T13/><D46/><U90/><E73/><V128/><F128/><W109/><G109/><T37/><D37/><U94/><E129/><V86/><F107/><W69/><G124/><T0/><D0/><U14/><E110/><V103/><F103/><W32/><G2/><T42/><D42/><U27/><E127/><V70/><F70/><W18/><G98/><T119/><D119/><U106/><E3/><V132/><N who="2" m="51730" /><V17/><DORA hai="81" /><F86/><W121/><G121/><T117/><D117/><U29/><E106/><V24/><F24/><W131/><G131/><T51/><D62/><U34/><E44/><V60/><F60/><W39/><G45/><T125/><D125/><U87/><E97/><V77/><F77/><W15/><G68/><T6/><D82/><U88/><E90/><V21/><AGARI ba="0,0" hai="12,16,17,21,22,26,30,31,48,52,56" m="51730" machi="21" ten="40,5200,0" yaku="20,1,54,2" doraHai="101,81" who="2" fromWho="2" sc="120,-13,250,-26,380,52,250,-13" />
</Scene>
<Scene>
<INIT seed="2,0,0,1,1,81" ten="107,224,432,237" oya="2" hai0="70,77,123,12,10,100,114,35,104,74,75,107,67" hai1="82,109,31,106,23,5,117,127,65,61,92,112,95" hai2="44,131,121,56,76,103,73,72,134,129,94,59,20" hai3="36,124,14,54,38,18,91,33,68,26,90,48,122"/><V118/><F118/><W126/><G122/><T85/><D123/><U28/><E112/><V9/><F121/><W8/><G68/><T2/><D35/><U55/><E117/><V49/><F20/><W87/><G26/><T37/><D37/><U27/><E106/><V60/><F9/><W25/><G25/><T69/><D2/><U15/><E127/><N who="3" m="48682" /><G91/><T7/><D114/><U71/><E109/><V83/><F73/><W116/><G33/><T79/><D100/><U41/><E41/><V66/><F134/><W11/><G11/><T128/><D128/><U16/><E55/><V50/><F59/><N who="3" m="33223" /><G116/><T0/><D70/><U53/><E53/><V24/><F24/><W45/><G45/><T135/><D69/><U40/><E40/><V34/><F34/><W52/><G52/><T110/><D67/><U21/><E5/><V43/><REACH who="2" step="1"/><F50/><REACH who="2" ten="107,224,422,237" step="2"/><W97/><G36/><T125/><D125/><U51/><E28/><V96/><AGARI ba="0,1" hai="43,44,49,56,60,66,72,76,83,94,96,103,129,131" machi="96" ten="30,11700,0" yaku="1,1,2,1,0,1,53,1" doraHai="81" doraHaiUra="47" who="2" fromWho="2" sc="107,-39,224,-39,422,127,237,-39" />
</Scene>
<Scene>
<INIT seed="2,1,0,4,3,92" ten="68,185,549,198" oya="2" hai0="38,117,123,68,28,106,135,79,50,23,36,3,91" hai1="120,88,74,87,101,76,55,56,10,19,34,42,71" hai2="66,80,94,97,69,61,90,40,134,63,89,125,25" hai3="98,133,9,58,11,33,27,54,26,44,127,115,5"/><V118/><F118/><W102/><G133/><T62/><D91/><U105/><E71/><V52/><F40/><W0/><G127/><T132/><D79/><U64/><E34/><V130/><F134/><W35/><G115/><T93/><D28/><U8/><E64/><V43/><F43/><W60/><G27/><T13/><D3/><U14/><E42/><V124/><F130/><W84/><G44/><T107/><D107/><U104/><E120/><V112/><F25/><W95/><G26/><T77/><D106/><U22/><E76/><V21/><F21/><W2/><G84/><T129/><D77/><U86/><E74/><V6/><F6/><AGARI ba="1,0" hai="0,2,5,6,9,11,33,35,54,58,60,95,98,102" machi="6" ten="40,2600,0" yaku="9,1,52,1" doraHai="92" who="3" fromWho="2" sc="68,0,185,0,549,-29,198,29" />
</Scene>
<Scene>
<INIT seed="3,0,0,3,4,84" ten="68,185,520,227" oya="3" hai0="95,101,45,83,107,105,21,29,19,10,93,5,37" hai1="97,119,1,69,126,112,98,104,33,50,103,2,35" hai2="53,32,57,113,68,87,12,135,86,125,61,31,82" hai3="59,70,130,48,100,65,74,76,85,25,129,15,66"/><W49/><G74/><T79/><D29/><U20/><E112/><V94/><F125/><W134/><G70/><T128/><D128/><N who="3" m="49257" /><G134/><T47/><D95/><U133/><E126/><V127/><F127/><W39/><G39/><T99/><D47/><U7/><E133/><V26/><F135/><W117/><G117/><T120/><D120/><U18/><E69/><V121/><F121/><W41/><G100/><T78/><D78/><U122/><E122/><V60/><F113/><W28/><G15/><T23/><D23/><U38/><E38/><V43/><F12/><W114/><G114/><T116/><D116/><U110/><E119/><V34/><F68/><W88/><G76/><T67/><D67/><N who="3" m="25609" /><G59/><T81/><D45/><U58/><E103/><V63/><F43/><W56/><G56/><T0/><D37/><U91/><E58/><V27/><F27/><W13/><G13/><T30/><D30/><U123/><E123/><V22/><F34/><N who="3" m="20751" /><G41/><T72/><REACH who="0" step="1"/><D81/><AGARI ba="0,0" hai="48,49,81,85,88" m="20751,25609,49257" machi="81" ten="30,5800,0" yaku="19,1,52,1,54,1" doraHai="84" who="3" fromWho="0" sc="68,-58,185,0,520,0,227,58" />
</Scene>
<Scene>
<INIT seed="3,1,0,1,0,72" ten="10,185,520,285" oya="3" hai0="132,17,9,113,57,81,0,98,103,20,40,131,82" hai1="53,100,126,58,130,90,123,86,26,116,48,31,14" hai2="7,74,22,115,50,51,12,102,36,107,83,110,42" hai3="61,109,92,133,108,54,76,114,18,101,64,55,59"/><W3/><G114/><T91/><D131/><U124/><E123/><V119/><F119/><W4/><G133/><T134/><D113/><U125/><E116/><V93/><F115/><W56/><G18/><T66/><D40/><U112/><E112/><V47/><F107/><W104/><G104/><T23/><D66/><U79/><E100/><V84/><F110/><N who="3" m="42603" /><G4/><T71/><D71/><U19/><E130/><V1/><F1/><W77/><G3/><T32/><D32/><U43/><E43/><V27/><F74/><W105/><G105/><T69/><D69/><U29/><E26/><V67/><F67/><W5/><G5/><N who="0" m="1191" /><D57/><U135/><E135/><N who="0" m="51753" /><D91/><U52/><E53/><V120/><F120/><W62/><G64/><T94/><D20/><N who="1" m="11383" /><E79/><V117/><F117/><W44/><G44/><T45/><D45/><U89/><E89/><V8/><F102/><W122/><G122/><T30/><D30/><U15/><E15/><AGARI ba="1,0" hai="15,17,23,81,82,94,98,103" m="51753,1191" machi="15" ten="30,1000,0" yaku="20,1" doraHai="72" who="0" fromWho="1" sc="10,13,185,-13,520,0,285,0" />
</Scene>
<Scene>
<INIT seed="4,0,0,1,1,116" ten="23,172,520,285" oya="0" hai0="118,133,81,9,123,107,128,132,110,53,28,14,0" hai1="15,111,45,114,58,97,106,122,83,69,1,79,33" hai2="80,19,21,78,20,75,134,68,76,17,135,12,67" hai3="49,88,52,42,31,26,86,60,41,94,22,108,27"/><T2/><D123/><U100/><E69/><V43/><F43/><W4/><G108/><T90/><D118/><U91/><E111/><V104/><F104/><W5/><G60/><T3/><D110/><U70/><E1/><V101/><F101/><W59/><G41/><T66/><D107/><U96/><E70/><V73/><F67/><W129/><G42/><T77/><D66/><U109/><E33/><V47/><F47/><W55/><G129/><T6/><D128/><U34/><E34/><V117/><F68/><W61/><G27/><T44/><D28/><U24/><E109/><V112/><F112/><W10/><G10/><T11/><D90/><U48/><E114/><V74/><F117/><W130/><G130/><T126/><D126/><U93/><E24/><V115/><F115/><W63/><G63/><T23/><D23/><U99/><E99/><V13/><F75/><W35/><G35/><T54/><D11/><U105/><E105/><V57/><F57/><AGARI ba="0,0" hai="4,5,22,26,31,49,52,55,57,59,61,86,88,94" machi="57" ten="30,7700,0" yaku="7,1,8,1,54,2" doraHai="116" who="3" fromWho="2" sc="23,0,172,0,520,-77,285,77" />
</Scene>
<Scene>
<INIT seed="5,0,0,4,2,89" ten="23,172,443,362" oya="1" hai0="19,67,94,61,104,31,59,1,107,111,81,100,118" hai1="76,70,39,21,11,48,55,50,20,35,37,117,103" hai2="86,106,7,47,53,14,124,52,44,88,133,96,102" hai3="17,2,18,69,60,77,58,87,73,109,66,84,119"/><U82/><E70/><V64/><F64/><W98/><G109/><T0/><D111/><U62/><E35/><V63/><F133/><W110/><G110/><T135/><D118/><U120/><E117/><V114/><F124/><W12/><G2/><T128/><D135/><U43/><E120/><V13/><F114/><W92/><G119/><T129/><D81/><U33/><E33/><V132/><F132/><W113/><G113/><T51/><D19/><U121/><E121/><V23/><F7/><W115/><G115/><T127/><D127/><U8/><E103/><V34/><F34/><W25/><G69/><T16/><D31/><U32/><E32/><V79/><F79/><W6/><G73/><T85/><D51/><U56/><E62/><V80/><F23/><N who="3" m="13559" /><G77/><T122/><D122/><U116/><E116/><V131/><F131/><W40/><G40/><T123/><D123/><U134/><E134/><V36/><F36/><W91/><G6/><T71/><D71/><U42/><E55/><V105/><F105/><W101/><G101/><T68/><D68/><U65/><E76/><V24/><F24/><W72/><G72/><T125/><D125/><U57/><REACH who="1" step="1"/><E82/><REACH who="1" ten="23,162,443,362" step="2"/><V112/><F112/><W27/><G60/><T22/><D128/><U126/><E126/><V45/><F63/><W74/><G66/><AGARI ba="0,1" hai="8,11,20,21,37,39,42,43,48,50,56,57,65,66" machi="66" ten="25,12000,1" yaku="1,1,22,2,53,2" doraHai="89" doraHaiUra="46" who="1" fromWho="3" sc="23,0,162,130,443,0,362,-120" />
</Scene>
<Scene>
<INIT seed="5,1,0,3,5,63" ten="23,292,443,242" oya="1" hai0="72,55,21,111,122,18,36,85,46,113,121,90,96" hai1="0,47,74,52,26,31,114,38,112,43,101,50,97" hai2="64,24,51,58,71,93,75,128,22,79,117,57,7" hai3="82,6,32,81,127,69,41,108,73,9,124,118,45"/><U70/><E74/><V109/><F117/><W104/><G108/><T123/><D111/><U15/><E0/><V88/><F109/><W132/><G118/><T4/><D72/><U17/><E70/><V105/><F105/><W68/><G104/><T80/><D4/><U120/><E120/><V130/><F7/><W107/><G107/><T102/><D113/><U12/><E17/><V56/><F51/><W66/><G32/><T65/><D65/><U54/><E54/><V116/><F116/><W28/><G28/><T83/><D36/><U49/><E38/><V115/><F115/><N who="1" m="44073" /><E97/><V27/><F22/><W131/><G132/><T103/><D83/><U98/><E98/><N who="2" m="57639" /><F79/><N who="3" m="44271" /><G131/><N who="2" m="50217" /><F75/><W29/><G29/><T5/><D5/><U89/><E89/><V95/><F95/><W10/><G82/><T119/><D119/><U8/><E8/><V61/><AGARI ba="1,0" hai="24,27,56,57,58,61,64,71" m="50217,57639" machi="61" ten="40,5200,0" yaku="19,1,52,1,54,1" doraHai="63" who="2" fromWho="2" sc="23,-14,292,-27,443,55,242,-14" />
</Scene>
<Scene>
<INIT seed="6,0,0,0,5,84" ten="9,265,498,228" oya="2" hai0="56,72,59,76,7,123,22,65,70,31,105,129,116" hai1="132,60,11,19,69,8,112,71,135,98,9,125,6" hai2="14,82,77,93,51,30,121,115,17,62,108,23,101" hai3="81,90,89,67,97,46,38,92,95,79,2,117,102"/><V124/><F121/><W15/><G2/><T75/><D105/><U27/><E112/><V47/><F115/><W109/><G109/><T39/><D39/><U96/><E125/><V52/><F108/><W107/><G117/><T63/><D123/><U21/><E6/><V68/><F124/><W113/><G67/><T50/><D116/><U86/><E86/><V128/><F128/><W33/><G33/><T83/><D129/><U66/><REACH who="1" step="1"/><E69/><REACH who="1" ten="9,255,498,228" step="2"/><V29/><F68/><W119/><G119/><T85/><D7/><U18/><E18/><V5/><F5/><W120/><G113/><T53/><D70/><U133/><AGARI ba="0,1" hai="8,9,11,19,21,27,60,66,71,96,98,132,133,135" machi="133" ten="40,5200,0" yaku="1,1,0,1,20,1,53,0" doraHai="84" doraHaiUra="32" who="1" fromWho="1" sc="9,-13,255,62,498,-26,228,-13" owari="-4,-50.0,317,12.0,472,56.0,215,-18.0" />
</Scene>
</mjloggm>