<mjloggm ver="2.3"><GO type="169"/><UN n0="%E3%83%96%E3%83%83%E3%83%91%E7%A5%9E" n1="%6E%69%6A%69" n2="%E3%82%AA%E3%82%BA%E3%82%B0%E3%83%AB%E3%83%BC%E3%83%97" n3="%41%53%41%50%49%4E" dan="17,16,16,18" rate="2124,2122,2079,2225" sx="M,M,M,M"/><TAIKYOKU oya="0"/>

<Scene>
<INIT seed="0,0,0,0,0,108" ten="250,250,250,250" oya="0" hai0="57,83,51,126,78,24,91,30,80,116,60,112,128" hai1="120,40,25,27,99,100,98,34,97,39,9,117,32" hai2="33,75,21,90,70,56,69,18,43,135,109,124,14" hai3="19,103,1,12,93,134,76,28,47,89,29,79,68"/><T17/><D116/><U26/><E120/><V114/><F33/><W13/><G68/><T131/><D126/><U10/><E117/><V36/><F75/><W37/><G1/><T106/><D106/><U4/><E100/><V88/><F109/><W102/><G134/><T96/><D51/><U46/><REACH who="1" step="1"/><E10/><REACH who="1" ten="250,240,250,250" step="2"/><V105/><F135/><W122/><G122/><T31/><D128/><U6/><E6/><V5/><F5/><W38/><G103/><T20/><D131/><U111/><E111/><V95/><F124/><W2/><G102/><T53/><D112/><U22/><E22/><V113/><F105/><W82/><G37/><T81/><REACH who="0" step="1"/><D78/><REACH who="0" ten="240,240,250,250" step="2"/><U66/><E66/><V61/><F36/><W45/><G38/><T23/><D23/><U49/><E49/><V101/><F114/><W62/><G76/><T73/><D73/><U54/><E54/><V48/><F48/><W50/><G79/><T7/><D7/><U11/><E11/><V119/><F113/><W118/><G50/><T84/><D84/><U58/><E58/><V72/><F119/><W130/><G118/><T63/><D63/><U85/><E85/><V87/><F72/><W3/><G62/><T129/><D129/><U133/><E133/><V127/><F61/><W71/><G130/><T16/><D16/><U41/><E41/><V65/><F43/><W52/><G19/><T15/><D15/><AGARI ba="0,2" hai="4,9,15,25,26,27,32,34,39,40,46,97,98,99" machi="15" ten="40,1300,0" yaku="1,1,53,0" doraHai="108" doraHaiUra="55" who="1" fromWho="0" sc="240,-13,240,33,250,0,250,0" />
</Scene>
<Scene>
<INIT seed="1,0,0,4,1,74" ten="227,273,250,250" oya="1" hai0="90,45,70,30,42,119,102,135,107,1,99,33,71" hai1="111,93,104,22,39,25,97,31,32,49,35,96,65" hai2="76,78,5,108,40,101,11,79,10,84,54,114,55" hai3="21,86,20,128,106,129,87,29,17,122,95,38,0"/><U134/><E39/><V81/><F114/><W77/><G122/><T13/><D119/><U56/><E104/><V58/><F108/><W57/><G106/><T124/><D1/><U130/><E111/><V123/><F123/><W27/><G0/><T75/><D75/><U51/><E130/><N who="3" m="50282" /><G38/><T59/><D124/><U4/><E4/><V73/><F73/><W7/><G7/><T64/><D135/><U6/><E6/><V61/><F101/><W66/><G77/><N who="2" m="29801" /><F40/><W37/><G37/><T9/><D90/><U41/><E41/><V113/><F113/><W103/><G57/><T117/><D117/><U118/><E97/><V120/><F120/><W110/><G66/><T28/><D59/><U88/><E134/><V126/><F126/><W14/><G110/><T92/><D107/><U89/><E118/><V53/><F5/><W133/><G133/><T36/><D33/><U85/><E32/><V94/><F94/><W80/><G80/><T2/><D2/><U125/><E35/><V62/><F62/><W12/><G103/><T121/><D121/><U15/><E125/><V26/><F26/><N who="3" m="16591" /><G95/><T83/><D83/><N who="1" m="49215" /><E15/><AGARI ba="0,0" hai="12,14,15,17,20,27,86,87" m="16591,50282" machi="15" ten="30,1000,0" yaku="19,1" doraHai="74" who="3" fromWho="1" sc="227,0,273,-10,250,0,250,10" />
</Scene>
<Scene>
<INIT seed="2,0,0,4,3,10" ten="227,263,250,260" oya="2" hai0="66,32,37,122,85,18,34,97,22,49,54,25,3" hai1="78,116,101,98,48,108,89,68,120,95,26,57,44" hai2="0,47,88,129,64,94,115,93,104,99,112,135,80" hai3="31,60,20,133,92,71,84,53,29,59,14,39,58"/><V1/><F64/><W74/><G39/><T87/><D122/><U13/><E68/><V51/><F104/><W114/><G74/><T21/><D37/><U79/><E116/><V52/><F135/><W70/><G133/><T128/><D3/><U63/><E120/><V65/><F65/><N who="3" m="39071" /><G114/><T56/><D128/><U77/><E108/><V8/><F129/><W16/><G71/><T67/><D34/><U61/><E26/><V130/><F130/><W62/><G70/><T118/><D32/><U110/><E110/><V9/><F80/><W106/><G106/><T24/><D118/><U15/><E101/><V28/><F28/><W5/><G5/><T131/><D131/><U96/><E96/><V126/><F126/><W76/><G76/><T27/><D27/><U38/><E38/><V119/><F119/><W91/><AGARI ba="0,0" hai="14,16,20,29,31,53,58,62,84,91,92" m="39071" machi="91" ten="30,4000,0" yaku="8,1,52,1,54,1" doraHai="10" who="3" fromWho="3" sc="227,-10,263,-10,250,-20,260,40" />
</Scene>
<Scene>
<INIT seed="3,0,0,2,3,114" ten="217,253,230,300" oya="3" hai0="76,20,108,106,17,78,7,33,107,34,16,99,100" hai1="81,30,72,9,8,82,105,68,23,132,116,56,39" hai2="129,119,103,10,75,58,101,96,25,67,118,1,12" hai3="5,14,11,57,49,61,79,124,117,46,77,74,38"/><W28/><G38/><T29/><D107/><U62/><E68/><V113/><F75/><W42/><G124/><T36/><D36/><U45/><E105/><V22/><F1/><W83/><G28/><T87/><D108/><U19/><E30/><V43/><F43/><W120/><G77/><T26/><D7/><U60/><E132/><V4/><F113/><W52/><REACH who="3" step="1"/><G120/><REACH who="3" ten="217,253,230,290" step="2"/><T31/><D31/><U133/><E39/><V73/><F129/><W84/><G84/><T15/><D87/><U112/><E72/><V3/><F73/><W135/><G135/><T13/><REACH who="0" step="1"/><D34/><REACH who="0" ten="207,253,230,290" step="2"/><U0/><E133/><V109/><F109/><W86/><G86/><T41/><D41/><U54/><E112/><V115/><F115/><W63/><G63/><T92/><D92/><U24/><E60/><V64/><F96/><W55/><G55/><T47/><D47/><U71/><E45/><V98/><F98/><W88/><G88/><T93/><D93/><U37/><E54/><V70/><F103/><W91/><G91/><T40/><D40/><U59/><E62/><V121/><F101/><W18/><G18/><T123/><D123/><U65/><E19/><V80/><F121/><W111/><G111/><T131/><D131/><U32/><E32/><V27/><F67/><W48/><G48/><T130/><D130/><U35/><E65/><V6/><F64/><W94/><G94/><T89/><D89/><U50/><E35/><V66/><F66/><W53/><G53/><T134/><D134/><U21/><E37/><V44/><F44/><W104/><G104/><T2/><D2/><RYUUKYOKU ba="0,2" sc="207,15,253,-15,230,-15,290,15" hai0="13,15,16,17,20,26,29,33,76,78,99,100,106" hai3="5,11,14,42,46,49,52,57,61,74,79,83,117" />
</Scene>
<Scene>
<INIT seed="3,1,2,4,3,102" ten="222,238,215,305" oya="3" hai0="89,76,88,71,77,50,11,63,134,42,24,98,83" hai1="91,25,128,94,1,70,12,26,118,36,45,130,21" hai2="14,90,74,114,29,34,30,23,73,47,17,86,109" hai3="19,7,0,22,117,104,32,107,101,10,52,132,69"/><W5/><G117/><T68/><D134/><U67/><E1/><V87/><F114/><W16/><G132/><T72/><D77/><U103/><E118/><V82/><F74/><W129/><G69/><T95/><D63/><U57/><E70/><V96/><F73/><W54/><G32/><T39/><D39/><U108/><E103/><V9/><F34/><W127/><G127/><T65/><D65/><U49/><E36/><V43/><F96/><W133/><G133/><T2/><D24/><U40/><E108/><V80/><F109/><W35/><G35/><T106/><D89/><U66/><E12/><V111/><F111/><W99/><G129/><N who="1" m="49770" /><E57/><V31/><F47/><W105/><G5/><T100/><D42/><U112/><E25/><V20/><REACH who="2" step="1"/><F43/><REACH who="2" ten="222,238,205,305" step="2"/><W55/><REACH who="3" step="1"/><G22/><REACH who="3" ten="222,238,205,295" step="2"/><T125/><D125/><U37/><E112/><V79/><AGARI ba="1,4" hai="9,14,17,20,23,29,30,31,79,80,82,86,87,90" machi="79" ten="30,7900,0" yaku="1,1,2,1,0,1,8,1,53,0" doraHai="102" doraHaiUra="131" who="2" fromWho="2" sc="222,-21,238,-21,205,122,295,-40" />
</Scene>
<Scene>
<INIT seed="4,0,0,5,2,51" ten="201,217,327,255" oya="0" hai0="12,63,36,55,102,27,111,100,61,28,83,8,33" hai1="10,23,115,29,130,25,11,92,32,54,9,50,75" hai2="85,7,121,0,1,34,53,82,69,77,86,101,124" hai3="57,131,84,117,38,68,16,56,132,37,2,72,66"/><T24/><D36/><U14/><E75/><V74/><F121/><W71/><G72/><T107/><D111/><U64/><E130/><V49/><F69/><W40/><G2/><T5/><D107/><U60/><E92/><V108/><F34/><W81/><G117/><T113/><D113/><U43/><E43/><V21/><F108/><W31/><G131/><T99/><D99/><U73/><E73/><V67/><F67/><W110/><G110/><T58/><D83/><U109/><E109/><V48/><F48/><W88/><G132/><T119/><D119/><U135/><E135/><V125/><F101/><W104/><G104/><T52/><D27/><U6/><E32/><V30/><F7/><W3/><G3/><T59/><AGARI ba="0,0" hai="5,8,12,24,28,33,52,55,58,59,61,63,100,102" machi="59" ten="30,12000,1" yaku="0,1,9,1,52,2,54,1" doraHai="51" who="0" fromWho="0" sc="201,120,217,-40,327,-40,255,-40" />
</Scene>
<Scene>
<INIT seed="4,1,0,2,5,111" ten="321,177,287,215" oya="0" hai0="76,77,116,66,90,27,83,33,6,122,75,80,47" hai1="129,55,43,86,123,40,105,131,0,71,130,59,23" hai2="107,31,48,106,3,2,70,82,50,16,109,132,51" hai3="4,22,8,93,26,5,63,30,101,41,49,25,46"/><T104/><D116/><U114/><E71/><V120/><F70/><W58/><G8/><T52/><D122/><U28/><E105/><V97/><F120/><W102/><G26/><T95/><D104/><U35/><E0/><V21/><F109/><W10/><G10/><T74/><D66/><U108/><E108/><V19/><F132/><W62/><G62/><T20/><D33/><U15/><E35/><V119/><F82/><W56/><G56/><T34/><D34/><U7/><E123/><V42/><F42/><W45/><G45/><T1/><D6/><U113/><E7/><V60/><F60/><W134/><G134/><T89/><D1/><U125/><E86/><V98/><F51/><W29/><G29/><T61/><D95/><U135/><E135/><V88/><F21/><W133/><G133/><T24/><D61/><N who="1" m="36095" /><E125/><V110/><F110/><W64/><G102/><T37/><D37/><U73/><E73/><V54/><F31/><W128/><G128/><T13/><D13/><U12/><E12/><V53/><REACH who="2" step="1"/><F88/><REACH who="2" ten="321,177,277,215" step="2"/><W11/><G11/><T126/><D90/><U112/><E28/><V39/><F39/><W32/><G32/><T81/><D89/><U57/><E57/><V121/><F121/><W99/><AGARI ba="1,1" hai="4,5,22,25,30,41,46,49,58,63,64,93,99,101" machi="99" ten="30,7900,0" yaku="0,1,25,2,8,1" doraHai="111" who="3" fromWho="3" sc="321,-40,177,-21,277,-21,215,92" />
</Scene>
<Scene>
<INIT seed="5,0,0,0,4,14" ten="281,156,256,307" oya="1" hai0="126,101,114,122,66,74,28,86,10,68,96,88,89" hai1="94,100,24,57,1,39,128,35,108,8,51,110,129" hai2="62,79,99,2,9,22,93,56,92,4,63,59,17" hai3="97,76,15,6,55,123,112,85,103,61,29,16,124"/><U23/><E39/><V52/><F79/><W69/><G123/><T45/><D74/><U36/><E35/><V120/><F120/><W75/><G75/><T5/><D122/><U133/><E36/><V27/><REACH who="2" step="1"/><F99/><REACH who="2" ten="281,156,246,307" step="2"/><W102/><G97/><T119/><D96/><N who="1" m="59415" /><E133/><V72/><F72/><W3/><G76/><T31/><D119/><U121/><E121/><V19/><F19/><W125/><G16/><T117/><D117/><U118/><E118/><V131/><F131/><N who="1" m="50249" /><E1/><V0/><F0/><W70/><G3/><T25/><D126/><U64/><E8/><V26/><F26/><W78/><G125/><T90/><D25/><U127/><E127/><V47/><F47/><W38/><G124/><T12/><D45/><U106/><E106/><V132/><F132/><W46/><G46/><T116/><D116/><U11/><E11/><V53/><AGARI ba="0,1" hai="2,4,9,17,22,27,52,53,56,59,62,63,92,93" machi="53" ten="20,12000,2" yaku="1,1,0,1,7,1,9,1,52,1,54,1,53,1" doraHai="14" doraHaiUra="33" who="2" fromWho="2" sc="281,-30,156,-60,246,130,307,-30" />
</Scene>
<Scene>
<INIT seed="6,0,0,0,1,105" ten="251,96,376,277" oya="2" hai0="45,56,2,9,102,78,124,28,14,37,84,130,91" hai1="44,71,69,33,72,38,107,74,75,46,65,111,17" hai2="18,129,112,99,49,63,43,93,94,131,7,101,15" hai3="108,29,50,54,110,120,116,90,127,19,81,125,89"/><V8/><F112/><W95/><G116/><T118/><D2/><U88/><E111/><V25/><F43/><W58/><G120/><T119/><D130/><U47/><E38/><V77/><F77/><W40/><G29/><T36/><D124/><N who="3" m="47689" /><G40/><T80/><D102/><U51/><E33/><V1/><F49/><W52/><G19/><T122/><D122/><U57/><E107/><V87/><F63/><N who="3" m="36311" /><G81/><T96/><D28/><U20/><E88/><N who="3" m="33898" /><G95/><T114/><D114/><U76/><E76/><V21/><F93/><W31/><G31/><T68/><D96/><U128/><E128/><N who="2" m="49227" /><F87/><W134/><G134/><T67/><D91/><U24/><REACH who="1" step="1"/><E51/><REACH who="1" ten="251,86,376,277" step="2"/><V16/><F1/><W113/><G113/><T26/><D78/><U82/><E82/><V64/><F64/><W59/><AGARI ba="0,1" hai="50,52,59,108,110" m="33898,36311,47689" machi="59" ten="30,4000,0" yaku="18,1,54,2" doraHai="105" who="3" fromWho="3" sc="251,-10,86,-10,376,-20,277,50" />
</Scene>
<Scene>
<INIT seed="7,0,0,5,0,48" ten="241,76,356,327" oya="3" hai0="95,31,21,109,38,61,108,88,121,4,104,116,12" hai1="36,86,32,73,134,92,118,117,60,10,16,100,69" hai2="128,59,18,131,57,28,22,2,44,74,85,103,70" hai3="111,93,126,11,33,27,113,89,56,26,107,68,65"/><W83/><G107/><T96/><D116/><U23/><E32/><V120/><F74/><W82/><G68/><T52/><D121/><U3/><E36/><V77/><F70/><W64/><G113/><T129/><D38/><U76/><E73/><V114/><F2/><W105/><G105/><T124/><D104/><U46/><E134/><V72/><F72/><W79/><G126/><T135/><D124/><U132/><E132/><V45/><F28/><W130/><G130/><N who="2" m="49705" /><F103/><W122/><G122/><T51/><D129/><U110/><E110/><V19/><F114/><W81/><G79/><T47/><D135/><U54/><E69/><V29/><F29/><W42/><G111/><T0/><D0/><U58/><E3/><V67/><F120/><W20/><G33/><T35/><D35/><U102/><E118/><V90/><F77/><W112/><G112/><T125/><D125/><U84/><E117/><V119/><F18/><W62/><G42/><T34/><D34/><U15/><E46/><N who="2" m="18027" /><F67/><W53/><G11/><T106/><D106/><U1/><E1/><V98/><F98/><N who="3" m="57647" /><G27/><T115/><D115/><U66/><E66/><V127/><F127/><W99/><G99/><T49/><D109/><U75/><E75/><V123/><F123/><W63/><G63/><T97/><D108/><U50/><E60/><V13/><F119/><W43/><G43/><T87/><D61/><U133/><E133/><V7/><F7/><W5/><G5/><T6/><D51/><U39/><E39/><V40/><F40/><W55/><G65/><T78/><D78/><U41/><E41/><RYUUKYOKU ba="0,0" sc="241,-15,76,-15,356,15,327,15" hai2="13,19,22,57,59,85,90" hai3="20,26,53,55,56,62,64,81,82,83" />
</Scene>
<Scene>
<INIT seed="7,1,0,2,1,65" ten="226,61,371,342" oya="3" hai0="71,41,123,122,12,59,0,112,106,5,24,120,3" hai1="82,35,129,84,33,108,66,39,1,69,80,46,100" hai2="17,60,36,76,40,118,103,107,18,126,49,88,8" hai3="53,34,31,93,98,91,43,132,77,79,6,90,110"/><W94/><G132/><T16/><D106/><U62/><E84/><V50/><F118/><W102/><G110/><T113/><D41/><U61/><E80/><V135/><F36/><W67/><G43/><T119/><D59/><U9/><E108/><V30/><F40/><W37/><G37/><T64/><D64/><U26/><E129/><V72/><F107/><W124/><G124/><T21/><D71/><U22/><E22/><V20/><F72/><W87/><G6/><T27/><D119/><U57/><E57/><V11/><F76/><W13/><G13/><T19/><D5/><U48/><E48/><V131/><F103/><W89/><G67/><T116/><D116/><U99/><E62/><V47/><F131/><W81/><G77/><T117/><D117/><U45/><E45/><V56/><F126/><W127/><G127/><T95/><D95/><U128/><E128/><V130/><F135/><W28/><G53/><T86/><D86/><U105/><E82/><V15/><F130/><W54/><G54/><T10/><REACH who="0" step="1"/><D27/><REACH who="0" ten="216,61,371,342" step="2"/><U85/><E85/><V111/><F56/><W114/><G94/><T32/><D32/><U14/><E26/><V29/><F111/><W58/><G34/><T55/><D55/><U38/><E38/><V42/><F42/><W63/><G114/><AGARI ba="1,1" hai="0,3,10,12,16,19,21,24,112,113,114,120,122,123" machi="114" ten="50,12000,2" yaku="1,1,15,1,11,1,34,3,54,1,53,0" doraHai="65" doraHaiUra="44" who="0" fromWho="3" sc="216,133,61,0,371,0,342,-123" owari="349,15.0,61,-44.0,371,47.0,219,-18.0" />
</Scene>
</mjloggm>