<mjloggm ver="2.3"><GO type="169"/><UN n0="%E3%81%B6%E3%81%9F%EF%BC%A0%E3%81%A1%E3%82%85%E3%81%86" n1="%43%2D%E3%83%93%E3%83%83%E3%82%AF" n2="%E3%81%A4%E3%81%B0%E3%81%8D%E3%81%A1%30%33" n3="%41%53%41%50%49%4E" dan="16,17,17,19" rate="2125,2073,2200,2195" sx="M,M,M,M"/><TAIKYOKU oya="0"/>

<Scene>
<INIT seed="0,0,0,1,4,12" ten="250,250,250,250" oya="0" hai0="10,65,95,90,108,39,70,46,79,30,14,41,16" hai1="67,5,26,28,126,17,85,97,62,129,86,84,134" hai2="115,7,107,42,34,25,119,94,116,80,18,77,50" hai3="122,11,133,131,24,19,56,63,55,44,53,123,102"/><T58/><D108/><U92/><E134/><V76/><F115/><W91/><G133/><T118/><D118/><N who="2" m="45098" /><F107/><W125/><G131/><T15/><D79/><N who="2" m="30282" /><F80/><W37/><G125/><T83/><D83/><U3/><E126/><V32/><F7/><W135/><G135/><T96/><D30/><U38/><E129/><V100/><F42/><W51/><G102/><T59/><REACH who="0" step="1"/><D15/><REACH who="0" ten="240,250,250,250" step="2"/><U111/><E3/><V114/><F114/><W48/><G123/><T45/><D45/><U78/><E78/><V112/><F112/><W33/><G44/><T27/><D27/><U89/><E28/><V35/><F25/><W106/><G24/><T98/><D98/><U128/><E97/><N who="2" m="59447" /><F35/><W9/><G33/><T127/><D127/><U31/><E31/><V72/><F34/><W132/><G132/><T105/><D105/><U6/><E26/><V73/><F32/><W43/><G106/><T2/><D2/><U87/><E128/><V101/><F73/><W57/><G122/><T109/><D109/><U22/><E111/><V121/><F72/><W110/><G110/><T64/><D64/><U52/><E67/><V21/><F121/><W82/><G82/><T40/><D40/><U20/><E86/><V74/><F74/><W113/><G43/><T23/><D23/><U47/><E84/><V81/><F81/><W36/><G113/><T93/><D93/><U130/><E85/><V103/><F21/><W75/><G75/><T49/><D49/><U4/><E20/><V29/><F29/><W99/><G51/><T117/><D117/><U71/><E22/><V61/><F50/><RYUUKYOKU ba="0,1" sc="240,30,250,-10,250,-10,250,-10" hai0="10,14,16,39,41,46,58,59,65,70,90,95,96" />
</Scene>
<Scene>
<INIT seed="0,1,1,4,2,44" ten="270,240,240,240" oya="0" hai0="71,51,40,17,84,127,103,28,91,99,79,118,36" hai1="95,110,30,47,10,92,32,4,11,48,16,125,77" hai2="74,24,130,39,60,58,133,129,86,54,38,89,6" hai3="31,100,82,7,66,19,94,52,104,72,3,34,25"/><T9/><D71/><U20/><E110/><V113/><F74/><W65/><G104/><T22/><D36/><U8/><E77/><V126/><F113/><W14/><G72/><T124/><D118/><U80/><E80/><V116/><F116/><W46/><G82/><T63/><D79/><U21/><E4/><V5/><F24/><W45/><G45/><N who="0" m="26023" /><D63/><U57/><E32/><V33/><F33/><W23/><G94/><N who="0" m="58871" /><D9/><U49/><E125/><N who="0" m="48201" /><D28/><U98/><E30/><V27/><F126/><W107/><G100/><T37/><D37/><U83/><E83/><N who="2" m="49375" /><F39/><W18/><G107/><T114/><D114/><U43/><E95/><V109/><F38/><W70/><G70/><T132/><D132/><U128/><E92/><V75/><F133/><W15/><G3/><T101/><D101/><U35/><E8/><V134/><F134/><W50/><G7/><T135/><D135/><U67/><E10/><AGARI ba="1,1" hai="10,14,15,18,19,23,25,31,34,46,50,52,65,66" machi="10" ten="30,3900,0" yaku="7,1,52,1,54,1" doraHai="44" who="3" fromWho="1" sc="270,0,240,-42,240,0,240,52" />
</Scene>
<Scene>
<INIT seed="1,0,0,1,5,126" ten="270,198,240,292" oya="1" hai0="60,23,93,70,34,98,63,105,73,80,50,22,99" hai1="39,125,12,132,97,18,21,16,117,101,92,95,24" hai2="91,112,122,25,27,47,83,42,107,79,128,20,120" hai3="9,116,45,131,104,123,127,124,111,56,118,87,94"/><U106/><E117/><N who="3" m="45162" /><G104/><T66/><D34/><U5/><E125/><N who="3" m="48202" /><G123/><T1/><D1/><U7/><E132/><V72/><F107/><W119/><G119/><T53/><D63/><U67/><E39/><V62/><F62/><W40/><G9/><T59/><D99/><U13/><E67/><V36/><F112/><W89/><G56/><T55/><D53/><U11/><REACH who="1" step="1"/><E5/><REACH who="1" ten="270,188,240,292" step="2"/><V65/><F65/><W44/><G111/><T26/><D66/><U52/><E52/><V49/><F36/><N who="3" m="21511" /><G45/><T85/><D55/><U115/><E115/><V29/><F47/><W71/><G71/><T4/><D70/><U2/><E2/><V108/><F108/><W130/><AGARI ba="0,1" hai="87,89,94,130,131" m="21511,48202,45162" machi="130" ten="40,8000,1" yaku="12,1,18,1,52,2" doraHai="126" who="3" fromWho="3" sc="270,-20,188,-40,240,-20,292,90" />
</Scene>
<Scene>
<INIT seed="2,0,0,2,1,58" ten="250,148,220,382" oya="2" hai0="108,110,69,52,135,64,5,96,121,45,20,104,127" hai1="29,0,133,132,75,19,102,134,131,59,112,101,115" hai2="106,80,65,32,39,47,82,93,107,56,17,74,62" hai3="49,111,95,28,60,118,79,125,130,71,15,97,53"/><V87/><F32/><W123/><G118/><T114/><D121/><U50/><E0/><V128/><F128/><W40/><G123/><T90/><D114/><N who="1" m="43563" /><E29/><V84/><F93/><W4/><G130/><T37/><D5/><U109/><E131/><V16/><F74/><W122/><G122/><T24/><D135/><N who="1" m="34563" /><U77/><DORA hai="2" /><E19/><N who="2" m="7243" /><F107/><W94/><G28/><T42/><D104/><U23/><E23/><V88/><F106/><W129/><G129/><T30/><D127/><U33/><E33/><V36/><F36/><W51/><G125/><T14/><D14/><U1/><E1/><V46/><F39/><W68/><G15/><T85/><D96/><U18/><E18/><V83/><F83/><W34/><G97/><T76/><D20/><U61/><E50/><V117/><F117/><W7/><G49/><T13/><D13/><U67/><E109/><V119/><F119/><W12/><G12/><T73/><D24/><U43/><E43/><V113/><F113/><W99/><G40/><T48/><D42/><U10/><E10/><V57/><F57/><W91/><G51/><T44/><D48/><U3/><E3/><V25/><F25/><W81/><G34/><T98/><D37/><U27/><E27/><V63/><F63/><W22/><G60/><T116/><D116/><U78/><E75/><V126/><F126/><W41/><G22/><T105/><D73/><U103/><AGARI ba="0,0" hai="59,61,67,77,78,101,102,103" m="34563,43563" machi="103" ten="50,3200,0" yaku="20,1,52,1" doraHai="58,2" who="1" fromWho="1" sc="250,-8,148,32,220,-16,382,-8" />
</Scene>
<Scene>
<INIT seed="3,0,0,4,1,49" ten="242,180,204,374" oya="3" hai0="110,65,122,22,13,68,107,50,100,31,55,61,54" hai1="27,127,86,59,112,43,121,35,76,132,125,130,19" hai2="44,63,38,8,66,70,108,111,53,88,58,123,75" hai3="42,126,81,84,39,2,0,36,95,34,77,41,56"/><W105/><G105/><T24/><D122/><U45/><E121/><V89/><F75/><W9/><G34/><T3/><D3/><U21/><E112/><V30/><F30/><W92/><G126/><N who="1" m="48138" /><E132/><V1/><F123/><W90/><G95/><T128/><D128/><U47/><E130/><V114/><F114/><W101/><G101/><T80/><D110/><N who="2" m="42026" /><F8/><W57/><G41/><T46/><D80/><N who="1" m="47367" /><E43/><N who="2" m="22647" /><F1/><W25/><G2/><T20/><D13/><N who="1" m="9455" /><E59/><V115/><F115/><W4/><G25/><T29/><D107/><U33/><E33/><V18/><F18/><W135/><G135/><T91/><D31/><AGARI ba="0,0" hai="27,31,35,45,47" m="9455,47367,48138" machi="31" ten="30,1000,0" yaku="18,1" doraHai="49" who="1" fromWho="0" sc="242,-10,180,10,204,0,374,0" />
</Scene>
<Scene>
<INIT seed="4,0,0,1,2,14" ten="232,190,204,374" oya="0" hai0="67,58,19,128,71,110,7,68,92,21,80,130,1" hai1="64,31,48,76,82,44,103,90,10,28,127,22,9" hai2="119,101,46,131,98,12,69,32,35,60,63,105,89" hai3="18,50,43,33,51,88,29,124,97,78,85,86,45"/><T99/><D110/><U13/><E127/><V16/><F131/><N who="0" m="50218" /><D80/><U0/><E0/><V8/><F119/><W94/><G124/><T111/><D111/><U34/><E34/><V91/><F46/><N who="3" m="25951" /><G33/><T40/><D40/><U6/><E103/><V106/><F106/><W52/><G29/><T122/><D122/><U108/><E108/><V11/><F11/><W109/><G109/><T117/><D117/><U114/><E9/><V120/><F120/><W61/><G78/><T3/><D58/><U73/><E114/><V77/><F77/><W121/><G121/><T65/><D7/><U24/><E64/><N who="0" m="24649" /><D3/><U116/><E116/><V102/><F35/><W115/><G61/><T83/><D83/><U25/><E90/><V133/><F32/><W15/><G115/><T81/><D81/><U37/><E37/><V66/><F63/><W135/><G135/><T36/><D36/><U104/><E104/><V42/><F133/><W132/><G132/><T100/><D1/><U41/><REACH who="1" step="1"/><E25/><AGARI ba="0,0" hai="19,21,25,68,71,92,99,100" m="24649,50218" machi="25" ten="30,2900,0" yaku="19,1,52,1" doraHai="14" who="0" fromWho="1" sc="232,29,190,-29,204,0,374,0" />
</Scene>
<Scene>
<INIT seed="4,1,0,1,4,80" ten="261,161,204,374" oya="0" hai0="37,135,11,117,50,89,32,86,71,7,81,2,122" hai1="75,44,90,24,131,83,48,36,47,110,118,55,79" hai2="128,38,99,27,105,57,23,120,134,28,54,43,126" hai3="20,121,40,46,129,123,12,88,119,82,104,17,111"/><T108/><D37/><U6/><E118/><V94/><F120/><N who="3" m="46155" /><G111/><T70/><D117/><U49/><E110/><V9/><F126/><W35/><G119/><T60/><D32/><U93/><E36/><V61/><F134/><W10/><G35/><T103/><D108/><U51/><E131/><V42/><F128/><W78/><G129/><T125/><D122/><U107/><E107/><V22/><F105/><W69/><G104/><T97/><D135/><U127/><E127/><V4/><F23/><W73/><G69/><T85/><D125/><U59/><E6/><V67/><F54/><W3/><G88/><T58/><D50/><U116/><E116/><V21/><F21/><W98/><G98/><T0/><D0/><U115/><E115/><V76/><F76/><W87/><G3/><T56/><D86/><U33/><E33/><V114/><F114/><W112/><G112/><T52/><REACH who="0" step="1"/><D58/><REACH who="0" ten="251,161,204,374" step="2"/><U65/><E49/><V92/><F38/><N who="3" m="21783" /><G10/><T34/><D34/><U95/><E51/><V13/><REACH who="2" step="1"/><F92/><AGARI ba="1,1" hai="2,7,11,52,56,60,70,71,81,85,89,92,97,103" machi="92" ten="30,11600,0" yaku="1,1,7,1,52,1,54,1,53,0" doraHai="80" doraHaiUra="100" who="0" fromWho="2" sc="251,129,161,0,204,-119,374,0" />
</Scene>
<Scene>
<INIT seed="4,2,0,5,5,103" ten="380,161,85,374" oya="0" hai0="67,32,4,49,133,30,37,34,89,114,66,83,3" hai1="104,81,131,35,118,128,15,6,51,62,59,11,8" hai2="50,119,79,75,99,18,29,96,86,61,80,110,17" hai3="40,106,93,31,48,58,45,47,1,21,60,56,112"/><T121/><D37/><U38/><E38/><V20/><F110/><W120/><G1/><T78/><D121/><U95/><E35/><V68/><F75/><W19/><G120/><T54/><D133/><U88/><E118/><V94/><F119/><W130/><G106/><T76/><D114/><U126/><E126/><V82/><F82/><W108/><G108/><T16/><D3/><U70/><E81/><V102/><F68/><W13/><G112/><T72/><D4/><U92/><E104/><V2/><F2/><W36/><G130/><N who="1" m="49706" /><E11/><V71/><F71/><W123/><G123/><T46/><D78/><U41/><E70/><V27/><F61/><W73/><G73/><T5/><D5/><U63/><E92/><V69/><F69/><W87/><G60/><T23/><D89/><U65/><E65/><V135/><F135/><W91/><REACH who="3" step="1"/><G31/><REACH who="3" ten="380,161,85,364" step="2"/><T24/><REACH who="0" step="1"/><D34/><REACH who="0" ten="370,161,85,364" step="2"/><U33/><E33/><V105/><REACH who="2" step="1"/><F50/><REACH who="2" ten="370,161,75,364" step="2"/><W39/><G39/><T132/><D132/><U55/><E51/><V84/><F84/><W100/><G100/><AGARI ba="2,3" hai="17,18,20,27,29,79,80,86,94,96,99,100,102,105" machi="100" ten="30,7700,0" yaku="1,1,7,1,52,1,53,1" doraHai="103" doraHaiUra="77" who="2" fromWho="3" sc="370,0,161,0,75,113,364,-83" />
</Scene>
<Scene>
<INIT seed="5,0,0,5,3,85" ten="370,161,188,281" oya="1" hai0="122,16,63,42,32,106,18,3,46,96,116,93,127" hai1="77,29,34,49,45,67,118,69,71,55,97,57,103" hai2="95,59,72,82,50,37,107,2,44,105,129,78,38" hai3="58,102,12,108,109,5,110,64,20,48,14,65,104"/><U91/><E118/><V81/><F129/><W101/><G5/><T115/><D116/><U54/><E77/><V130/><F130/><W4/><G4/><T39/><D106/><U26/><E67/><V35/><F35/><W134/><G134/><T41/><D32/><U92/><REACH who="1" step="1"/><E103/><REACH who="1" ten="370,151,188,281" step="2"/><V124/><F78/><W53/><G65/><T19/><D122/><U17/><E17/><V111/><F72/><W30/><G64/><T131/><D16/><U47/><E47/><V28/><F44/><W94/><G101/><T74/><D18/><U133/><E133/><V123/><F123/><W1/><G102/><T98/><D19/><U86/><E86/><V70/><F70/><W132/><G132/><T0/><D46/><U119/><E119/><V36/><F111/><W66/><G66/><T33/><D131/><U10/><E10/><V135/><F135/><W117/><G117/><T114/><D74/><U87/><E87/><V113/><F28/><W60/><G30/><T121/><D121/><U23/><E23/><V11/><F11/><W52/><G20/><T31/><D31/><U126/><E126/><V89/><F124/><W73/><G73/><T80/><D33/><U99/><E99/><V43/><F113/><W25/><G109/><T13/><D127/><U21/><E21/><V15/><F107/><W90/><G104/><T88/><D115/><U125/><E125/><V76/><F105/><W75/><G110/><T128/><D114/><U22/><E22/><V79/><F76/><W9/><G108/><T120/><D128/><U7/><E7/><V27/><F79/><RYUUKYOKU ba="0,1" sc="370,-10,151,30,188,-10,281,-10" hai1="26,29,34,45,49,54,55,57,69,71,91,92,97" />
</Scene>
<Scene>
<INIT seed="5,1,1,0,3,63" ten="360,181,178,271" oya="1" hai0="129,65,24,5,97,96,12,32,8,128,104,17,126" hai1="39,64,101,108,4,109,99,19,33,49,46,94,75" hai2="51,35,73,74,119,43,91,68,55,38,107,88,34" hai3="9,47,59,21,125,31,2,112,86,28,72,133,95"/><U89/><E33/><V18/><F107/><W115/><G72/><T50/><D126/><U54/><E75/><V130/><F130/><N who="0" m="50282" /><D104/><U45/><E4/><V77/><F68/><W93/><G125/><T111/><D111/><N who="1" m="42571" /><E19/><V117/><F55/><W44/><G133/><T83/><D83/><U134/><E134/><V132/><F51/><W79/><G9/><T121/><D50/><N who="1" m="29007" /><E39/><V131/><F38/><W102/><G2/><T84/><D121/><U69/><E101/><V118/><F18/><W135/><G102/><T20/><D32/><U23/><E23/><V67/><F118/><W29/><G21/><T15/><D12/><U13/><E13/><V76/><F132/><W71/><G135/><T26/><D24/><U42/><E69/><V62/><F131/><W106/><G71/><T37/><D37/><U6/><E6/><V36/><F36/><W105/><G105/><T52/><D5/><U90/><E90/><V41/><REACH who="2" step="1"/><F62/><REACH who="2" ten="360,181,168,271" step="2"/><W100/><G106/><T3/><D17/><U85/><E99/><V53/><F53/><W56/><G29/><T27/><D52/><U7/><E7/><V66/><AGARI ba="1,2" hai="34,35,41,43,66,67,73,74,76,77,88,91,117,119" machi="66" ten="25,12000,2" yaku="1,1,0,1,22,2,52,2,54,1,53,0" doraHai="63" doraHaiUra="25" who="2" fromWho="2" sc="360,-31,181,-61,168,143,271,-31" />
</Scene>
<Scene>
<INIT seed="6,0,0,2,2,34" ten="329,120,311,240" oya="2" hai0="5,36,48,89,74,49,41,87,100,40,79,90,35" hai1="107,97,6,65,88,126,103,0,11,104,33,109,116" hai2="21,70,44,42,77,25,51,101,80,58,99,131,29" hai3="67,114,120,106,2,26,18,19,45,112,17,127,38"/><V3/><F131/><W125/><G106/><T56/><D35/><U96/><E109/><V57/><F70/><W64/><G120/><T1/><D100/><U118/><E126/><N who="3" m="48138" /><G26/><T108/><D108/><U129/><E129/><V105/><REACH who="2" step="1"/><F3/><REACH who="2" ten="329,120,301,240" step="2"/><W27/><G2/><T95/><D1/><U132/><E132/><V72/><AGARI ba="0,1" hai="21,25,29,42,44,51,57,58,72,77,80,99,101,105" machi="72" ten="20,7800,0" yaku="1,1,2,1,0,1,7,1,53,0" doraHai="34" doraHaiUra="10" who="2" fromWho="2" sc="329,-26,120,-26,301,88,240,-26" />
</Scene>
<Scene>
<INIT seed="6,1,0,4,4,33" ten="303,94,389,214" oya="2" hai0="14,78,55,112,83,127,81,87,109,59,60,64,63" hai1="94,38,130,5,4,7,18,23,32,103,97,115,12" hai2="40,107,111,16,58,88,90,11,36,131,117,135,10" hai3="80,67,19,22,102,118,84,128,122,24,129,49,114"/><V119/><F107/><W68/><G118/><T39/><D109/><U76/><E38/><V82/><F36/><W86/><G122/><T52/><D127/><U35/><E115/><V66/><F40/><W69/><G114/><T6/><D112/><U85/><E130/><N who="3" m="50282" /><G67/><T26/><D39/><U70/><E70/><N who="3" m="27242" /><G80/><T21/><D63/><U50/><E76/><V108/><F131/><W15/><G102/><T126/><D126/><U48/><E35/><V28/><F28/><N who="3" m="17431" /><G49/><T31/><D83/><U34/><E34/><V2/><F135/><W74/><G74/><T121/><D121/><U71/><E32/><V57/><F82/><W120/><G120/><T105/><D105/><U91/><REACH who="1" step="1"/><E71/><REACH who="1" ten="303,84,389,214" step="2"/><V133/><F119/><W116/><G116/><T98/><D78/><U110/><E110/><V8/><F117/><W101/><G101/><T25/><D60/><U132/><E132/><V73/><F133/><W17/><G17/><T42/><D31/><U54/><E54/><V123/><F123/><W100/><G100/><T95/><D52/><U53/><E53/><V37/><F111/><W45/><G45/><T44/><D55/><U20/><E20/><AGARI ba="1,1" hai="15,19,20,84,86" m="17431,27242,50282" machi="20" ten="30,1000,0" yaku="19,1" doraHai="33" who="3" fromWho="1" sc="303,0,84,-13,389,0,214,23" />
</Scene>
<Scene>
<INIT seed="7,0,0,3,2,25" ten="303,71,389,237" oya="3" hai0="129,71,117,61,29,115,62,123,26,69,88,13,8" hai1="15,86,70,73,59,134,4,92,116,85,65,5,52" hai2="130,78,75,77,83,56,91,112,36,42,49,0,66" hai3="94,33,122,82,17,18,7,81,14,106,76,104,135"/><W12/><G122/><T126/><D117/><U97/><E73/><V132/><F78/><W80/><G33/><T95/><D123/><U113/><E113/><V55/><F112/><W127/><G76/><T68/><D115/><U50/><E134/><V101/><F101/><W1/><G135/><T39/><D39/><U96/><E116/><V131/><F0/><W46/><G127/><T64/><D126/><U38/><E38/><V51/><F91/><W37/><G1/><T100/><D100/><U103/><E70/><V98/><F98/><W43/><G7/><T110/><D110/><U114/><E114/><V72/><F66/><W108/><G108/><T67/><D129/><N who="2" m="49162" /><F132/><W111/><G111/><T6/><D71/><U102/><E65/><V58/><F36/><W35/><G35/><T57/><D57/><U74/><E74/><N who="2" m="43447" /><F58/><W41/><G94/><T133/><D133/><U109/><E109/><V9/><F9/><W53/><G53/><T19/><D6/><U32/><E32/><V23/><F23/><W93/><G93/><T11/><D11/><U63/><E63/><V30/><F75/><W60/><G60/><T105/><D105/><N who="3" m="40553" /><G46/><T2/><D2/><U79/><E79/><V89/><F72/><W120/><G37/><T34/><D95/><U21/><E5/><V10/><F56/><W47/><G47/><T87/><D87/><U128/><E4/><V118/><F118/><W22/><G120/><T16/><D19/><N who="3" m="7177" /><G22/><T24/><D24/><U20/><E52/><V124/><F55/><W45/><G45/><T54/><D54/><U99/><E85/><RYUUKYOKU ba="0,0" sc="303,15,71,-15,389,-15,237,15" hai0="8,13,16,26,29,34,61,62,64,67,68,69,88" hai3="12,14,41,43,80,81,82" />
</Scene>
<Scene>
<INIT seed="7,1,0,4,1,115" ten="318,56,374,252" oya="3" hai0="49,113,125,84,106,44,80,50,30,35,47,8,58" hai1="3,48,5,9,92,36,93,65,110,27,85,18,77" hai2="97,7,16,0,26,95,46,21,122,78,119,81,61" hai3="4,91,37,134,89,90,68,14,120,135,45,69,74"/><W133/><G120/><T83/><D106/><U23/><E110/><V43/><F119/><W76/><G4/><T114/><D125/><U40/><E36/><V88/><F122/><W130/><G130/><T51/><D58/><U127/><E127/><V94/><F0/><W56/><G14/><T28/><D35/><U118/><E65/><V25/><F7/><W42/><REACH who="3" step="1"/><G56/><REACH who="3" ten="318,56,374,242" step="2"/><T108/><D108/><U20/><E118/><V99/><F26/><W57/><G57/><T82/><D8/><U86/><E40/><V70/><F70/><W19/><G19/><T41/><D84/><U98/><E48/><N who="2" m="26719" /><F61/><W109/><G109/><T34/><D41/><U121/><E121/><V39/><F39/><W54/><G54/><T60/><D60/><U2/><E2/><V123/><F123/><W73/><G73/><T129/><D129/><U15/><E77/><V12/><F12/><W63/><G63/><T87/><D87/><U124/><E124/><V33/><F25/><W38/><G38/><T75/><D75/><U79/><E79/><V126/><F78/><W55/><G55/><T24/><REACH who="0" step="1"/><D30/><REACH who="0" ten="308,56,374,242" step="2"/><U105/><E15/><V107/><F126/><W117/><G117/><T11/><D11/><U13/><E18/><V59/><F16/><W10/><G10/><T131/><D131/><U52/><E52/><V62/><F59/><W31/><G31/><T102/><D102/><U103/><E103/><V111/><F62/><W6/><G6/><T66/><D66/><U96/><E5/><V72/><F111/><W128/><G128/><T53/><D53/><U71/><E3/><RYUUKYOKU ba="1,2" sc="308,15,56,-15,374,-15,242,15" hai0="24,28,34,44,47,49,50,51,80,82,83,113,114" hai3="37,42,45,68,69,74,76,89,90,91,133,134,135" />
</Scene>
<Scene>
<INIT seed="7,2,2,1,1,114" ten="323,41,359,257" oya="3" hai0="47,28,30,35,84,0,66,45,50,40,69,68,15" hai1="2,52,95,115,60,120,48,58,105,42,88,12,130" hai2="71,31,38,123,133,112,116,80,43,21,63,132,29" hai3="110,117,27,8,90,104,20,26,22,85,55,33,86"/><W23/><G104/><T78/><D0/><U121/><E105/><V76/><F116/><W4/><G117/><T83/><D66/><U124/><E2/><V119/><F119/><W129/><G129/><T36/><D15/><U32/><E32/><V44/><F112/><W46/><G110/><T59/><D59/><U9/><E130/><V61/><F123/><W107/><G107/><T118/><D118/><U41/><E115/><V79/><F79/><W62/><G33/><T126/><D126/><U75/><E75/><N who="2" m="43039" /><F21/><W100/><G100/><T13/><D13/><U102/><E124/><V109/><F109/><W70/><G70/><T87/><D84/><U113/><E113/><V128/><F128/><W98/><G98/><T93/><D93/><U122/><E102/><V19/><F19/><W10/><G86/><T3/><D3/><U65/><E65/><N who="2" m="41391" /><F63/><W25/><G4/><T134/><D134/><AGARI ba="2,2" hai="29,31,38,43,44,132,133,134" m="41391,43039" machi="134" ten="30,1000,0" yaku="20,1" doraHai="114" who="2" fromWho="0" sc="323,-16,41,0,359,36,257,0" owari="307,11.0,41,-46.0,395,49.0,257,-14.0" />
</Scene>
</mjloggm>