<mjloggm ver="2.3"><GO type="169" lobby="0"/><UN n0="%E3%81%98%E3%82%83%E3%82%80%E2%99%AD" n1="%E9%8A%80%E9%81%8A%E7%A7%81%E4%BA%BA" n2="%E3%82%B3%E3%83%8F%E3%83%AB%E3%82%B9%E3%82%BF%E3%83%BC" n3="%41%53%41%50%49%4E" dan="16,17,16,18" rate="2050.22,2070.21,2076.67,2254.64" sx="M,M,F,M"/><TAIKYOKU oya="0"/>

<Scene>
<INIT seed="0,0,0,3,1,67" ten="250,250,250,250" oya="0" hai0="72,96,132,12,32,18,49,84,15,93,31,64,76" hai1="116,42,44,111,9,85,46,65,25,48,37,34,110" hai2="71,40,124,131,100,109,2,101,118,13,28,113,119" hai3="22,135,41,95,21,117,114,74,127,79,87,23,29"/><T51/><D72/><U128/><E116/><V121/><F2/><W68/><G117/><T133/><D64/><U75/><E75/><V73/><F73/><W115/><G74/><T47/><D32/><U45/><E128/><V107/><F40/><W105/><G105/><T35/><D35/><U59/><E9/><V53/><F13/><N who="0" m="5194" /><D18/><U50/><E45/><V83/><F83/><W130/><G29/><T27/><D27/><U3/><E3/><V54/><F54/><W129/><G21/><T58/><D58/><U103/><E103/><V14/><F14/><W43/><G22/><T56/><D56/><U78/><E78/><V4/><F4/><W1/><G23/><T38/><D38/><U126/><E85/><V90/><F28/><W24/><G1/><T88/><D47/><U52/><E25/><V33/><F33/><W98/><G24/><T91/><D31/><U80/><E80/><V123/><F107/><W77/><G129/><T30/><D30/><U97/><E34/><V16/><F131/><W104/><G130/><T86/><D76/><U102/><E65/><V108/><F119/><W26/><G77/><T62/><D62/><U94/><REACH who="1" step="1"/><E126/><REACH who="1" ten="250,240,250,250" step="2"/><V0/><F124/><W19/><G127/><T112/><D86/><U39/><E39/><V20/><F0/><W66/><G87/><T36/><D36/><U106/><E106/><V55/><F118/><W10/><G79/><T69/><D84/><U99/><E99/><V8/><F101/><W81/><G98/><T89/><D96/><U61/><E61/><V134/><F100/><W120/><G104/><RYUUKYOKU ba="0,1" sc="250,-10,240,30,250,-10,250,-10" hai1="37,42,44,46,48,50,52,59,94,97,102,110,111" />
</Scene>
<Scene>
<INIT seed="1,1,1,2,5,83" ten="240,270,240,240" oya="1" hai0="101,86,71,123,50,35,91,102,64,1,0,55,127" hai1="80,105,99,60,78,12,18,27,82,37,45,133,20" hai2="54,84,15,68,90,58,24,118,29,56,2,39,43" hai3="28,65,17,81,96,114,93,5,79,88,72,100,129"/><U121/><E121/><V132/><F132/><W92/><G129/><T9/><D123/><U40/><E133/><V125/><F2/><W119/><G114/><T113/><D113/><U59/><E105/><V135/><F68/><W10/><G119/><T16/><D35/><U116/><E116/><V6/><F135/><W131/><G131/><T21/><D127/><U87/><E99/><V104/><F104/><W25/><G65/><T26/><D64/><U36/><E82/><V97/><F97/><W128/><G128/><T13/><D71/><U111/><E111/><V108/><F108/><W98/><G17/><N who="0" m="12591" /><D1/><U122/><E122/><V70/><F70/><W130/><G130/><T57/><D0/><U33/><E33/><V95/><F118/><W107/><G107/><T32/><D32/><U106/><E106/><V23/><F125/><W31/><REACH who="3" step="1"/><G25/><REACH who="3" ten="240,270,240,230" step="2"/><T74/><D74/><U11/><E27/><V46/><F6/><W120/><G120/><T73/><D73/><U48/><REACH who="1" step="1"/><E11/><REACH who="1" ten="240,260,240,230" step="2"/><V30/><F24/><W41/><G41/><T8/><D9/><U44/><E44/><V19/><F56/><W115/><G115/><T67/><D67/><AGARI ba="1,3" hai="12,18,20,36,37,40,45,48,59,60,67,78,80,87" machi="67" ten="30,5800,0" yaku="1,1,7,1,52,1,53,0" doraHai="83" doraHaiUra="94" who="1" fromWho="0" sc="240,-61,260,91,240,0,230,0" />
</Scene>
<Scene>
<INIT seed="1,2,0,4,4,135" ten="179,351,240,230" oya="1" hai0="28,37,123,119,22,105,54,58,93,62,23,46,103" hai1="9,52,108,64,18,43,79,63,39,122,26,3,85" hai2="49,82,132,133,10,20,118,95,80,101,131,32,21" hai3="124,113,127,17,19,71,13,0,104,117,65,30,8"/><U78/><E122/><V2/><F32/><W112/><G104/><T126/><D119/><U100/><E108/><V25/><F118/><W42/><G117/><T88/><D123/><U6/><E100/><V29/><F131/><W125/><G42/><T106/><D126/><U31/><E18/><V15/><F2/><W116/><G116/><T87/><D103/><U89/><E43/><V110/><F110/><W68/><G0/><T16/><D28/><U77/><E39/><V92/><F21/><W134/><G134/><N who="2" m="51817" /><F49/><W34/><G65/><T48/><D37/><U107/><E107/><V86/><F101/><W128/><G128/><T35/><D22/><U94/><E52/><V33/><F33/><W129/><G129/><T53/><REACH who="0" step="1"/><D35/><REACH who="0" ten="169,351,240,230" step="2"/><U67/><E31/><V7/><F82/><W114/><G34/><T84/><D84/><U45/><E85/><V24/><F24/><AGARI ba="2,1" hai="16,23,24,46,48,53,54,58,62,87,88,93,105,106" machi="24" ten="30,7700,0" yaku="1,1,7,1,54,2,53,0" doraHai="135" doraHaiUra="5" who="0" fromWho="2" sc="169,93,351,0,240,-83,230,0" />
</Scene>
<Scene>
<INIT seed="2,0,0,1,2,110" ten="262,351,157,230" oya="2" hai0="98,29,47,40,86,126,21,123,23,116,54,19,118" hai1="103,31,13,87,7,11,1,131,80,4,65,74,71" hai2="46,84,35,85,122,62,20,5,34,70,105,57,43" hai3="48,66,3,134,94,75,63,56,60,0,129,107,76"/><V15/><F70/><W30/><G107/><T24/><D123/><U50/><E74/><V109/><F122/><W121/><G121/><T124/><D86/><U49/><E131/><V61/><F109/><W17/><G129/><T64/><D64/><U25/><E103/><V114/><F105/><W53/><G134/><T130/><D54/><U133/><E133/><V44/><F57/><W52/><G30/><T32/><D98/><U113/><E113/><V108/><F108/><W8/><G94/><T26/><D130/><U93/><E93/><V112/><F20/><W115/><G115/><T97/><D97/><U9/><E65/><V77/><F15/><W36/><G36/><T59/><D59/><U120/><E71/><V42/><F5/><W12/><G53/><T79/><D79/><AGARI ba="0,0" hai="34,35,42,43,44,46,61,62,77,79,84,85,112,114" machi="79" ten="25,9600,0" yaku="22,2,52,2" doraHai="110" who="2" fromWho="0" sc="262,-96,351,0,157,96,230,0" />
</Scene>
<Scene>
<INIT seed="2,1,0,4,5,38" ten="166,351,253,230" oya="2" hai0="100,119,24,44,50,117,52,45,121,72,2,93,130" hai1="69,40,73,104,74,29,116,131,60,26,62,114,101" hai2="78,6,10,109,18,30,75,127,46,124,5,128,28" hai3="91,106,86,64,36,134,79,35,31,92,135,82,21"/><V107/><F107/><W8/><G35/><T39/><D121/><U105/><E114/><V125/><F75/><W110/><G36/><T59/><D72/><U84/><E116/><N who="0" m="44617" /><D2/><U48/><E131/><V14/><F78/><W123/><G123/><T19/><D39/><U1/><E1/><V12/><F128/><W43/><G106/><T3/><D3/><U51/><E84/><V49/><F109/><W17/><G31/><N who="2" m="11817" /><F14/><W7/><G64/><T53/><D130/><U83/><E29/><V63/><F63/><W88/><G110/><T27/><D19/><U33/><E33/><V23/><F10/><W22/><G7/><T67/><D67/><U95/><E95/><V70/><F70/><W80/><G8/><T115/><D115/><U37/><E37/><V57/><F57/><W111/><G111/><T102/><D102/><U11/><E101/><V98/><F98/><N who="3" m="57607" /><G17/><T9/><D9/><U13/><E11/><V34/><F34/><W68/><G68/><T32/><D32/><U113/><E69/><V77/><F77/><W0/><G0/><T97/><D45/><U90/><E113/><V126/><F126/><W122/><G122/><T20/><D20/><U66/><E74/><V89/><F89/><W25/><G22/><T112/><D112/><U103/><E90/><V94/><F94/><W58/><G21/><T61/><AGARI ba="1,0" hai="24,27,44,50,52,53,59,61,93,97,100" m="44617" machi="61" ten="30,2000,0" yaku="12,1,54,1" doraHai="38" who="0" fromWho="0" sc="166,23,351,-6,253,-11,230,-6" />
</Scene>
<Scene>
<INIT seed="3,0,0,0,5,70" ten="189,345,242,224" oya="3" hai0="100,101,49,114,45,52,35,8,124,131,56,120,61" hai1="110,116,58,98,68,92,27,99,84,87,135,26,90" hai2="112,32,51,76,14,97,31,2,126,43,48,122,89" hai3="13,60,81,42,130,10,36,18,80,4,108,15,132"/><W66/><G130/><T113/><D35/><U0/><E68/><V127/><F2/><W54/><G132/><T24/><D120/><U30/><E135/><V95/><F122/><W34/><G34/><T74/><D131/><U33/><E0/><V123/><F123/><W105/><G105/><T94/><D74/><U109/><E116/><V6/><F112/><N who="0" m="43114" /><D24/><U9/><E9/><N who="2" m="4407" /><F31/><W134/><G134/><T19/><D94/><U17/><E58/><V69/><F69/><W103/><G103/><T50/><D124/><N who="2" m="47658" /><F32/><W118/><G118/><T102/><D45/><U3/><E3/><V111/><F111/><N who="1" m="42505" /><E99/><V5/><F5/><W106/><G108/><T28/><D28/><U72/><E72/><V46/><F76/><W47/><G106/><T82/><D82/><U57/><E57/><V63/><F63/><W129/><G129/><T75/><D75/><U125/><E125/><V78/><F78/><W83/><G83/><T22/><D22/><AGARI ba="0,0" hai="17,22,26,27,30,33,84,87,90,92,98" m="42505" machi="22" ten="30,1000,0" yaku="14,1" doraHai="70" who="1" fromWho="0" sc="189,-10,345,10,242,0,224,0" />
</Scene>
<Scene>
<INIT seed="4,0,0,3,4,44" ten="179,355,242,224" oya="0" hai0="113,37,10,66,59,93,25,78,63,57,99,114,62" hai1="97,75,129,49,117,46,87,100,116,50,86,1,112" hai2="54,74,36,18,101,82,28,104,26,2,118,3,13" hai3="72,134,9,83,98,79,119,109,96,90,107,39,70"/><T22/><D37/><U17/><E75/><V33/><F36/><W111/><G70/><T16/><D10/><U47/><E1/><V89/><F118/><W31/><G31/><T8/><D8/><U53/><E129/><V88/><F89/><W71/><G71/><T61/><D78/><U122/><E122/><V27/><F27/><W126/><G9/><T130/><D130/><U42/><E112/><N who="0" m="43113" /><D66/><U43/><E17/><V40/><F40/><W29/><G29/><T12/><D12/><U123/><E123/><V60/><F101/><AGARI ba="0,0" hai="16,22,25,57,59,61,62,63,93,99,101" m="43113" machi="101" ten="30,2900,0" yaku="15,1,54,1" doraHai="44" who="0" fromWho="2" sc="179,29,355,0,242,-29,224,0" />
</Scene>
<Scene>
<INIT seed="4,1,0,2,1,38" ten="208,355,213,224" oya="0" hai0="126,40,53,4,45,8,117,111,105,14,99,13,20" hai1="26,70,115,62,106,91,94,114,33,125,39,93,19" hai2="56,28,50,107,135,92,29,113,52,17,1,23,121" hai3="119,123,31,69,30,90,131,5,12,64,51,24,133"/><T76/><D117/><U108/><E106/><V34/><F107/><W96/><G119/><T128/><D126/><U41/><E108/><V9/><F34/><W47/><G131/><T118/><D128/><U22/><E125/><V11/><F121/><W58/><G123/><T43/><D118/><U18/><E33/><V48/><F113/><N who="1" m="43017" /><E18/><V134/><F48/><W37/><G133/><N who="2" m="50697" /><F92/><N who="3" m="56343" /><G69/><T103/><D76/><U63/><E70/><V74/><F74/><W75/><G37/><T98/><D111/><U55/><E55/><V66/><F66/><W67/><G24/><T15/><D99/><N who="1" m="57791" /><E94/><V68/><F68/><W16/><G67/><T130/><D130/><U132/><E132/><V73/><F73/><W77/><G75/><T60/><D60/><U6/><E6/><N who="2" m="1231" /><F11/><W122/><G122/><T101/><D101/><U10/><E10/><V104/><F104/><W3/><G64/><T95/><D105/><U35/><E35/><V86/><F86/><W27/><G5/><T124/><D124/><U36/><E36/><V109/><F109/><W65/><G65/><T61/><D61/><U44/><AGARI ba="1,0" hai="19,22,26,39,41,44,62,63" m="57791,43017" machi="44" ten="30,4000,0" yaku="15,1,11,1,52,1" doraHai="38" who="1" fromWho="1" sc="208,-21,355,43,213,-11,224,-11" />
</Scene>
<Scene>
<INIT seed="5,0,0,4,1,28" ten="187,398,202,213" oya="1" hai0="123,99,75,24,14,27,86,10,111,77,104,98,30" hai1="21,87,89,15,1,82,11,0,6,12,65,54,128" hai2="43,49,60,118,95,22,39,8,31,2,100,51,18" hai3="38,96,125,17,133,26,61,23,56,113,48,72,32"/><U42/><E128/><V46/><F118/><W58/><G38/><T117/><D117/><U106/><E106/><V67/><F31/><W35/><G72/><T85/><D111/><U53/><E42/><V110/><F110/><W45/><G113/><T13/><D104/><U25/><E65/><V4/><F100/><W119/><G119/><T40/><D40/><U74/><E74/><V3/><F95/><W94/><G133/><T69/><D75/><U107/><E107/><V116/><F116/><W64/><G56/><T132/><D132/><U115/><E115/><V112/><F2/><W105/><G125/><T47/><D47/><U79/><E79/><V73/><F73/><W84/><G84/><N who="0" m="32363" /><D69/><U33/><E33/><V70/><REACH who="2" step="1"/><F112/><REACH who="2" ten="187,398,192,213" step="2"/><W63/><G105/><T114/><D114/><U120/><E0/><V109/><F109/><W81/><G81/><T121/><D121/><U9/><E120/><V88/><F88/><W78/><G78/><T20/><D77/><U101/><E101/><V71/><F71/><W92/><G92/><T62/><D123/><U80/><E80/><V135/><F135/><W68/><G94/><T34/><D99/><U91/><E91/><V127/><F127/><W59/><G96/><T16/><D98/><U122/><E1/><V37/><F37/><W55/><G68/><T83/><D83/><U41/><E122/><V90/><F90/><W29/><G29/><T66/><D30/><U97/><E97/><V50/><F50/><W126/><G126/><T76/><D76/><U102/><E102/><V129/><F129/><W108/><G108/><RYUUKYOKU ba="0,1" sc="187,-15,398,-15,192,15,213,15" hai2="3,4,8,18,22,39,43,46,49,51,60,67,70" hai3="17,23,26,32,35,45,48,55,58,59,61,63,64" />
</Scene>
<Scene>
<INIT seed="6,1,1,0,2,114" ten="172,383,207,228" oya="2" hai0="21,72,115,60,94,80,86,29,46,15,74,4,58" hai1="113,26,56,62,31,85,110,43,92,77,95,126,76" hai2="51,71,20,48,104,124,123,122,17,64,83,67,108" hai3="10,53,24,55,91,70,90,100,81,135,107,68,69"/><V50/><F104/><W45/><G135/><T23/><D115/><U118/><E110/><V39/><F39/><W38/><G107/><T9/><D94/><U111/><E111/><V63/><F108/><W119/><G119/><T109/><D109/><U73/><E113/><V19/><F124/><W130/><G100/><T75/><D46/><U99/><E118/><V33/><F33/><W16/><G130/><T28/><D23/><U87/><E73/><V8/><F83/><W7/><G38/><T12/><D12/><U40/><E126/><V13/><REACH who="2" step="1"/><F67/><REACH who="2" ten="172,383,197,228" step="2"/><W47/><G81/><T1/><D1/><U103/><E92/><V121/><F121/><W0/><G0/><T112/><D112/><U93/><E93/><V78/><F78/><W42/><G42/><T6/><D6/><U11/><E77/><V5/><F5/><W25/><G7/><T116/><D116/><U59/><E76/><V133/><F133/><W132/><G132/><T54/><REACH who="0" step="1"/><D21/><REACH who="0" ten="162,383,197,228" step="2"/><U101/><E95/><V128/><F128/><W88/><G10/><T134/><D134/><U117/><E11/><V32/><F32/><W36/><G36/><T106/><D106/><U102/><E117/><V18/><F18/><W52/><G16/><T14/><D14/><AGARI ba="1,3" hai="8,13,14,17,19,20,48,50,51,63,64,71,122,123" machi="14" ten="40,2000,0" yaku="1,1,53,0" doraHai="114" doraHaiUra="3" who="2" fromWho="0" sc="162,-23,383,0,197,53,228,0" />
</Scene>
<Scene>
<INIT seed="6,2,0,0,3,82" ten="139,383,250,228" oya="2" hai0="9,69,95,39,134,55,0,84,88,22,36,131,89" hai1="68,23,107,45,51,73,132,90,72,16,50,111,117" hai2="130,29,46,80,47,70,66,104,26,38,14,99,31" hai3="33,64,92,102,123,28,57,35,18,79,20,103,65"/><V98/><F31/><W76/><G123/><T129/><D69/><U15/><E111/><V37/><F99/><N who="3" m="59751" /><G35/><T34/><D34/><U43/><E107/><V126/><F46/><W8/><G33/><T40/><D134/><U119/><E68/><V53/><F130/><N who="0" m="49674" /><D55/><U112/><E132/><V44/><F44/><W63/><G103/><T87/><D40/><U4/><E51/><V115/><F115/><W54/><G8/><T91/><D22/><U108/><E108/><V61/><F14/><N who="3" m="9303" /><G28/><T116/><D116/><U3/><E112/><V101/><F126/><W1/><G1/><T10/><D91/><U12/><E90/><V106/><F106/><W100/><G100/><T118/><D118/><U11/><E3/><V49/><REACH who="2" step="1"/><F80/><REACH who="2" ten="139,383,240,228" step="2"/><W77/><AGARI ba="2,1" hai="54,57,63,64,65,76,77,79" m="9303,59751" machi="77" ten="30,1100,0" yaku="8,1" doraHai="82" who="3" fromWho="3" sc="139,-5,383,-5,240,-7,228,27" />
</Scene>
<Scene>
<INIT seed="7,0,0,5,3,112" ten="134,378,233,255" oya="3" hai0="95,57,65,68,15,54,99,30,114,135,104,4,96" hai1="46,71,66,44,78,79,97,110,18,76,64,125,130" hai2="83,121,19,93,122,9,61,16,33,123,89,13,128" hai3="132,45,29,48,108,39,0,77,133,109,52,36,70"/><W92/><G0/><T105/><D135/><N who="3" m="51785" /><G29/><T58/><D30/><U43/><E110/><N who="3" m="42602" /><G77/><T51/><D114/><U75/><E75/><V56/><F128/><W88/><G70/><T102/><D68/><U100/><E130/><V81/><F33/><W94/><G94/><T21/><D65/><U82/><E64/><N who="2" m="38951" /><F19/><W116/><G116/><T32/><D32/><U7/><E78/><V69/><F69/><W103/><G103/><T120/><D120/><N who="2" m="30722" /><V37/><DORA hai="27" /><F37/><W23/><G23/><T20/><D95/><U31/><E79/><V50/><F50/><W91/><G91/><T85/><D51/><U26/><E76/><V101/><F101/><W118/><G118/><T14/><D102/><U41/><E100/><V119/><F119/><W12/><G12/><T72/><D72/><U73/><E73/><V131/><F131/><W127/><G127/><T10/><D85/><AGARI ba="0,0" hai="9,13,16,81,83,85,89,93" m="30722,38951" machi="85" ten="40,2600,0" yaku="13,1,54,1" doraHai="112,27" who="2" fromWho="0" sc="134,-26,378,0,233,26,255,0" /><AGARI ba="0,0" hai="36,39,45,48,52,85,88,92" m="42602,51785" machi="85" ten="30,11600,0" yaku="20,1,10,1,54,2" doraHai="112,27" who="3" fromWho="0" sc="108,-116,378,0,259,0,255,116" owari="-8,-51.0,378,48.0,259,-14.0,371,17.0" />
</Scene>
</mjloggm>