<mjloggm ver="2.3"><GO type="169"/><UN n0="%E8%8D%89%E5%8E%9F%E3%81%AE%E6%B6%BC%E9%A2%A8" n1="%E3%81%82%E3%81%A4%E3%81%82%E3%81%A4%E6%B9%AF%E8%B1%86%E8%85%90" n2="%41%53%41%50%49%4E" n3="%E5%8F%8D%E9%99%BD%E5%AD%90%E3%81%95%E3%82%93" dan="16,18,18,18" rate="2132,2261,2242,2250" sx="F,M,M,F"/><TAIKYOKU oya="0"/>

<Scene>
<INIT seed="0,0,0,4,4,73" ten="250,250,250,250" oya="0" hai0="74,70,132,96,116,0,62,30,49,131,104,114,63" hai1="48,53,85,95,113,68,55,18,115,39,88,14,40" hai2="59,6,123,20,12,75,64,34,16,125,108,28,66" hai3="45,21,44,31,42,76,128,79,1,24,126,81,134"/><T109/><RYUUKYOKU type="yao9" ba="0,0" sc="250,0,250,0,250,0,250,0" hai0="0,30,49,62,63,70,74,96,104,109,114,116,131,132" />
</Scene>
<Scene>
<INIT seed="0,1,0,2,4,109" ten="250,250,250,250" oya="0" hai0="46,43,128,103,80,116,91,48,40,33,76,120,132" hai1="65,6,82,130,9,51,133,16,11,110,13,21,74" hai2="64,125,32,38,26,88,63,93,108,53,68,115,100" hai3="49,67,31,66,18,12,77,78,50,19,45,15,52"/><T30/><D120/><U72/><E110/><V37/><F108/><W106/><G106/><T69/><D69/><U17/><E133/><V58/><F115/><W112/><G31/><T89/><D132/><U73/><E130/><V54/><F125/><W61/><G112/><T41/><D116/><U121/><E121/><V87/><F54/><W57/><G50/><T20/><D33/><U122/><E122/><V5/><F5/><W23/><REACH who="3" step="1"/><G67/><REACH who="3" ten="250,250,250,240" step="2"/><T70/><D128/><U99/><E65/><V123/><F123/><W127/><G127/><T114/><D114/><U60/><E51/><V97/><F64/><W119/><G119/><T10/><D70/><U29/><E29/><V55/><F68/><W105/><G105/><T94/><D30/><U7/><E60/><V71/><F71/><W47/><G47/><T75/><D46/><U117/><E117/><V24/><F32/><W118/><G118/><T84/><D48/><U8/><E6/><V124/><F124/><W101/><G101/><T86/><D103/><U126/><E7/><V2/><F55/><W59/><G59/><T107/><D107/><U35/><E35/><V39/><REACH who="2" step="1"/><F2/><REACH who="2" ten="250,250,240,240" step="2"/><W102/><G102/><T36/><D36/><U81/><E126/><V34/><F34/><W0/><G0/><T90/><D43/><U28/><E28/><V96/><F96/><W129/><G129/><T42/><D40/><U104/><E17/><V1/><F1/><W134/><G134/><T56/><D41/><U113/><E113/><V131/><F131/><W44/><G44/><T22/><D42/><U95/><E104/><AGARI ba="1,2" hai="24,26,37,38,39,53,58,63,87,88,93,97,100,104" machi="104" ten="40,5200,0" yaku="1,1,6,1,54,1,53,0" doraHai="109" doraHaiUra="79" who="2" fromWho="1" sc="250,0,250,-55,240,75,240,0" />
</Scene>
<Scene>
<INIT seed="1,0,0,4,1,46" ten="250,195,315,240" oya="1" hai0="103,119,110,77,134,100,79,90,0,73,98,31,112" hai1="60,127,3,115,123,17,40,74,89,130,7,117,132" hai2="108,91,4,80,24,11,6,19,8,37,5,43,114" hai3="56,57,101,97,94,72,38,58,85,106,116,83,87"/><U63/><E123/><V105/><F105/><W128/><G38/><T135/><D119/><U59/><E117/><V36/><F108/><W47/><G116/><T66/><D0/><U81/><E115/><V113/><F43/><W53/><G128/><T107/><D110/><U55/><E130/><V50/><F80/><W121/><G121/><T104/><D66/><U92/><E127/><V41/><F91/><W69/><G69/><T45/><D31/><U30/><E30/><V84/><F84/><W10/><G72/><T76/><D45/><U13/><E40/><V29/><F19/><W33/><G33/><T70/><D70/><U16/><E132/><N who="0" m="50729" /><D112/><N who="2" m="43114" /><F50/><N who="3" m="28895" /><G106/><N who="0" m="40491" /><D73/><U131/><E74/><V120/><F120/><W2/><G2/><T20/><D20/><U111/><E111/><V23/><F41/><W54/><G10/><AGARI ba="0,0" hai="4,5,6,8,10,11,23,24,29,36,37" m="43114" machi="10" ten="30,1000,0" yaku="11,1" doraHai="46" who="2" fromWho="3" sc="250,0,195,0,315,10,240,-10" />
</Scene>
<Scene>
<INIT seed="2,0,0,3,3,33" ten="250,195,325,230" oya="2" hai0="56,8,117,67,69,129,122,57,85,62,63,46,64" hai1="86,104,100,107,17,65,11,34,78,103,40,105,94" hai2="6,124,134,29,71,15,25,73,49,68,50,31,97" hai3="110,91,90,3,53,18,93,44,51,22,47,95,135"/><V58/><F73/><W35/><G35/><T41/><D122/><U48/><E34/><V119/><F119/><W13/><G110/><T52/><D85/><U32/><E32/><V120/><F120/><W126/><G126/><T60/><D117/><U123/><E123/><V5/><F97/><W38/><G135/><T70/><D8/><U23/><E65/><V7/><F15/><W27/><G3/><T19/><D19/><U2/><E40/><V37/><F58/><W111/><G111/><T59/><REACH who="0" step="1"/><D129/><REACH who="0" ten="240,195,325,230" step="2"/><U4/><E78/><V99/><F31/><W55/><G13/><T82/><D82/><U80/><E80/><V43/><F29/><W101/><G101/><T12/><D12/><U131/><E131/><V16/><F134/><W132/><G132/><T83/><D83/><U26/><REACH who="1" step="1"/><E48/><AGARI ba="0,1" hai="41,46,48,52,56,57,59,60,62,63,64,67,69,70" machi="48" ten="30,24000,4" yaku="1,1,7,1,9,1,35,6,54,1,53,1" doraHai="33" doraHaiUra="39" who="0" fromWho="1" sc="240,250,195,-240,325,0,230,0" owari="490,59.0,-45,-55.0,325,13.0,230,-17.0" />
</Scene>
</mjloggm>