<mjloggm ver="2.3"><GO type="169" lobby="0"/><UN n0="%6D%65%24%6F" n1="%41%53%41%50%49%4E" n2="%E3%83%88%E3%83%90%E3%82%BE" n3="%E3%83%A6%E3%83%8B%E3%82%B7%E3%83%AD" dan="16,19,17,16" rate="2059,2222,2157,2047" sx="M,M,M,M"/><TAIKYOKU oya="0"/>

<Scene>
<INIT seed="0,0,0,5,0,92" ten="250,250,250,250" oya="0" hai0="110,135,122,128,99,11,121,39,5,85,25,115,77" hai1="91,83,104,98,48,36,114,84,16,75,58,19,20" hai2="57,64,54,1,31,28,132,125,105,73,119,55,44" hai3="41,13,35,95,102,112,108,81,65,49,67,27,12"/><T100/><D115/><U4/><E36/><V6/><F73/><W78/><G112/><T87/><D39/><U70/><E114/><V127/><F119/><W103/><G108/><T33/><D110/><U9/><E70/><V96/><F132/><W101/><G35/><T7/><D135/><U107/><E75/><V8/><F64/><N who="3" m="24651" /><G27/><T76/><D128/><U109/><E109/><V111/><F111/><W29/><G29/><T89/><D5/><U126/><E126/><N who="2" m="48139" /><F44/><N who="3" m="25743" /><G95/><T130/><D130/><U131/><E131/><V82/><F82/><W80/><G80/><T133/><D133/><U0/><E19/><V17/><F17/><W10/><G10/><T69/><D69/><U14/><E58/><V93/><F105/><W26/><G26/><T37/><D37/><U106/><REACH who="1" step="1"/><E48/><REACH who="1" ten="250,240,250,250" step="2"/><N who="2" m="30919" /><F55/><W116/><G116/><T118/><D118/><U43/><E43/><V15/><F1/><W66/><G66/><T134/><D134/><U52/><E52/><V71/><F71/><W38/><G38/><T32/><D7/><U3/><E3/><V88/><AGARI ba="0,1" hai="6,8,15,28,31,88,93,96" m="30919,48139" machi="88" ten="30,4000,0" yaku="18,1,52,1,54,1" doraHai="92" who="2" fromWho="2" sc="250,-20,240,-10,250,50,250,-10" />
</Scene>
<Scene>
<INIT seed="1,0,0,4,0,76" ten="230,230,300,240" oya="1" hai0="25,24,53,61,54,77,113,69,81,30,105,79,86" hai1="111,9,72,128,67,50,0,123,96,84,134,97,101" hai2="3,1,93,99,26,13,33,43,78,122,120,103,32" hai3="22,104,51,21,89,4,36,27,117,42,100,44,49"/><U2/><E123/><V60/><F43/><W74/><G4/><T75/><D113/><U132/><E72/><V19/><F120/><W56/><G117/><T34/><D105/><U114/><E114/><V71/><F122/><W7/><G7/><T59/><D69/><U37/><E37/><V87/><F33/><W119/><G119/><T130/><D130/><U124/><E128/><V28/><F71/><W17/><G74/><T83/><REACH who="0" step="1"/><D24/><REACH who="0" ten="220,230,300,240" step="2"/><U108/><E134/><V40/><F26/><W68/><G68/><T20/><D20/><U109/><E132/><V112/><F112/><W116/><G116/><T38/><D38/><U39/><E39/><V63/><F32/><W106/><G21/><T91/><D91/><U107/><E107/><V29/><F103/><W31/><G100/><T80/><D80/><U15/><E111/><V5/><F93/><W131/><G131/><T129/><D129/><U47/><E108/><V35/><F35/><W135/><G135/><T46/><D46/><U66/><E109/><V98/><F78/><W126/><G89/><T115/><D115/><U102/><E102/><V64/><F29/><W92/><G92/><T118/><D118/><U70/><E101/><V6/><F28/><W88/><G88/><T125/><D125/><U58/><E124/><V45/><F45/><W121/><G126/><T48/><D48/><U62/><E47/><V82/><F82/><W11/><G121/><T12/><D12/><U127/><E127/><V16/><F13/><N who="3" m="7359" /><G36/><T18/><D18/><U133/><E70/><V57/><F19/><W65/><G51/><RYUUKYOKU ba="0,1" sc="220,15,230,-15,300,-15,240,15" hai0="25,30,34,53,54,59,61,75,77,79,81,83,86" hai3="22,27,31,42,44,49,56,65,104,106" />
</Scene>
<Scene>
<INIT seed="2,1,1,2,4,90" ten="235,215,285,255" oya="2" hai0="45,132,104,0,86,97,92,113,2,58,83,31,17" hai1="62,133,47,6,106,74,27,28,131,42,54,49,134" hai2="57,46,19,79,21,118,9,103,119,95,68,116,120" hai3="65,126,37,64,38,3,108,26,100,22,73,34,39"/><V121/><F68/><W69/><G3/><T23/><D113/><U67/><E74/><V10/><F79/><W91/><G73/><T87/><D132/><N who="1" m="50795" /><E106/><V78/><F78/><W14/><G108/><T81/><D104/><U25/><E131/><V52/><F46/><W59/><G69/><T61/><D31/><U124/><E124/><V44/><F44/><W89/><G100/><N who="0" m="60455" /><D0/><U51/><E6/><V105/><F105/><W112/><G126/><T60/><D2/><U50/><E25/><V13/><F9/><W71/><G71/><T128/><D128/><U129/><E129/><V123/><F10/><W101/><G101/><T111/><D111/><U29/><E29/><V33/><F33/><W7/><G112/><T35/><D35/><N who="1" m="20895" /><E42/><V15/><F15/><W32/><G32/><T75/><D75/><U130/><E130/><V36/><F36/><W85/><G34/><T41/><D41/><U43/><E43/><V84/><F121/><W82/><G39/><T56/><D83/><U110/><E110/><V53/><F53/><W98/><G37/><T16/><D17/><U4/><E4/><V102/><F102/><W107/><G38/><T40/><D40/><U114/><E114/><V12/><F12/><W96/><G107/><T93/><D81/><U55/><E55/><V76/><F103/><W94/><G7/><T109/><D109/><U24/><E24/><V20/><F123/><W122/><G122/><T99/><D16/><U70/><AGARI ba="1,1" hai="47,49,50,51,54,62,67,70" m="20895,50795" machi="70" ten="30,1100,0" yaku="20,1" doraHai="90" who="1" fromWho="1" sc="235,-4,215,24,285,-6,255,-4" />
</Scene>
<Scene>
<INIT seed="3,0,0,2,3,19" ten="231,239,279,251" oya="3" hai0="76,10,67,109,78,6,52,80,5,97,129,132,108" hai1="71,16,81,43,3,63,105,60,0,33,29,114,24" hai2="75,17,95,46,25,68,77,36,7,53,8,28,111" hai3="45,92,88,89,70,98,99,21,119,96,85,126,87"/><W59/><G70/><T39/><D39/><U4/><E114/><V128/><F68/><W18/><G119/><T124/><D67/><U122/><E122/><V49/><F128/><W115/><G115/><T118/><D118/><U13/><E105/><V62/><F111/><N who="0" m="42570" /><D129/><U2/><E43/><V34/><F36/><W112/><G112/><T26/><D132/><U135/><E135/><V133/><F133/><W38/><G126/><T110/><D124/><U117/><E117/><V90/><F62/><W121/><G121/><T1/><D6/><U56/><E71/><V125/><F125/><W40/><G59/><T66/><D66/><U116/><E116/><V44/><F17/><W57/><G57/><T65/><D65/><U58/><E58/><V123/><F123/><W127/><G127/><T27/><D97/><U20/><E81/><V42/><F46/><W12/><REACH who="3" step="1"/><G85/><REACH who="3" ten="231,239,279,241" step="2"/><N who="0" m="48263" /><D110/><U47/><E47/><V74/><F44/><W55/><G55/><T41/><D41/><U73/><E56/><V104/><F42/><W101/><G101/><T30/><D52/><U32/><E63/><V51/><F53/><W64/><G64/><T37/><D37/><U9/><E60/><V14/><F51/><W86/><G86/><T94/><D78/><U93/><E73/><V102/><F74/><W48/><G48/><T107/><D30/><U100/><E100/><V22/><F75/><W72/><G72/><T11/><D1/><N who="1" m="619" /><E93/><AGARI ba="0,1" hai="12,18,21,38,40,45,87,88,89,92,93,96,98,99" machi="93" ten="30,11600,0" yaku="1,1,7,1,52,1,54,1,53,0" doraHai="19" doraHaiUra="31" who="3" fromWho="1" sc="231,0,239,-116,279,0,241,126" />
</Scene>
<Scene>
<INIT seed="3,1,0,0,1,108" ten="231,123,279,367" oya="3" hai0="21,12,77,131,70,93,17,0,11,44,116,42,73" hai1="39,23,95,81,80,54,53,62,30,29,132,82,104" hai2="135,35,94,66,27,114,37,34,84,117,72,25,32" hai3="20,97,1,107,67,118,87,64,36,10,59,112,103"/><W69/><G36/><T61/><D116/><U33/><E39/><V124/><F117/><W13/><G118/><T98/><D131/><U5/><E104/><V83/><F37/><W3/><G69/><T22/><D77/><U130/><E33/><V48/><F72/><W26/><G87/><T85/><D73/><U110/><E110/><V78/><F135/><W15/><G15/><T86/><D70/><U106/><E106/><V65/><F124/><W45/><G45/><T28/><D61/><U2/><E130/><V133/><F133/><W50/><G67/><T90/><D0/><U9/><E132/><V123/><F123/><W122/><G122/><T57/><D57/><U100/><E23/><V91/><F48/><W128/><G128/><T16/><D28/><U49/><E62/><V63/><F66/><W105/><G105/><T129/><D129/><U47/><REACH who="1" step="1"/><E54/><REACH who="1" ten="231,113,279,367" step="2"/><V96/><F63/><N who="3" m="38015" /><G107/><T101/><D22/><U4/><E4/><V115/><REACH who="2" step="1"/><F65/><REACH who="2" ten="231,113,269,367" step="2"/><W6/><G6/><T24/><REACH who="0" step="1"/><D101/><REACH who="0" ten="221,113,269,367" step="2"/><U92/><E92/><V134/><F134/><W56/><G103/><T55/><D55/><U19/><E19/><V40/><F40/><W14/><G50/><AGARI ba="1,3" hai="11,12,16,17,21,24,42,44,50,85,86,90,93,98" machi="50" ten="30,8000,1" yaku="1,1,7,1,8,1,54,1,53,1" doraHai="108" doraHaiUra="46" who="0" fromWho="3" sc="221,113,113,0,269,0,367,-83" />
</Scene>
<Scene>
<INIT seed="4,0,0,4,4,6" ten="334,113,269,284" oya="0" hai0="18,113,65,27,60,31,106,81,36,32,19,46,56" hai1="55,10,52,23,105,101,87,20,58,117,128,99,133" hai2="29,14,50,28,79,42,66,88,63,129,45,109,126" hai3="132,16,21,4,135,120,96,43,98,80,12,124,62"/><T75/><D106/><U74/><E74/><V53/><F109/><W0/><G43/><T5/><D113/><U89/><E117/><V93/><F129/><W91/><G124/><T125/><D125/><U26/><E128/><V8/><F79/><W13/><G120/><T61/><D61/><U110/><E110/><V86/><F42/><W15/><G62/><T25/><D36/><U73/><E73/><V34/><F34/><W112/><G112/><T118/><D46/><U82/><E133/><N who="3" m="51274" /><G0/><T59/><D118/><U83/><E83/><V17/><REACH who="2" step="1"/><F126/><REACH who="2" ten="334,113,259,284" step="2"/><W92/><G4/><T71/><D5/><U11/><E55/><V119/><F119/><W121/><G121/><T77/><D32/><U123/><E123/><V37/><F37/><W47/><G47/><T64/><D71/><AGARI ba="0,1" hai="8,14,17,28,29,45,50,53,63,66,71,86,88,93" machi="71" ten="30,8000,1" yaku="1,1,7,1,52,1,54,1,53,1" doraHai="6" doraHaiUra="84" who="2" fromWho="0" sc="334,-80,113,0,259,90,284,0" />
</Scene>
<Scene>
<INIT seed="5,0,0,0,5,119" ten="254,113,349,284" oya="1" hai0="95,35,82,21,73,39,127,46,88,65,24,126,38" hai1="7,51,130,17,30,90,115,32,71,12,125,128,72" hai2="55,102,42,27,20,122,103,131,92,104,106,123,47" hai3="67,49,3,68,28,1,14,9,5,41,129,60,117"/><U83/><E71/><V84/><F131/><N who="1" m="50217" /><E115/><V81/><F55/><W93/><G28/><T86/><D35/><U91/><E125/><N who="0" m="47625" /><D65/><U64/><E64/><V52/><F52/><W15/><G129/><T96/><D73/><U114/><E114/><V48/><F92/><W89/><G117/><T18/><D46/><U57/><E7/><V26/><F26/><W33/><G33/><T16/><D18/><U37/><E37/><V100/><F106/><W56/><G14/><T133/><D133/><U23/><E51/><V10/><F10/><W80/><G80/><T31/><D31/><U36/><E36/><V85/><F104/><W11/><G68/><T66/><D66/><U61/><E61/><V118/><F118/><W76/><G76/><AGARI ba="0,0" hai="16,21,24,38,39,76,82,86,88,95,96" m="47625" machi="76" ten="30,3900,0" yaku="18,1,54,2" doraHai="119" who="0" fromWho="3" sc="254,39,113,0,349,0,284,-39" />
</Scene>
<Scene>
<INIT seed="6,0,0,5,1,78" ten="293,113,349,245" oya="2" hai0="66,7,28,24,52,1,41,114,4,18,31,61,99" hai1="93,71,102,75,123,113,49,54,135,25,27,129,0" hai2="57,133,10,79,16,64,90,96,76,50,134,37,98" hai3="94,87,63,73,19,124,30,82,132,29,43,51,119"/><V46/><F37/><W121/><G119/><T39/><D114/><U118/><E118/><V17/><F64/><W127/><G121/><T44/><D1/><U48/><E113/><V100/><F57/><W92/><G73/><T83/><D18/><N who="2" m="7274" /><F10/><W65/><G132/><N who="2" m="50793" /><F90/><W125/><G19/><T23/><D31/><N who="3" m="11785" /><G51/><T97/><D52/><U122/><E71/><V14/><F14/><W131/><G43/><T8/><D8/><U40/><E135/><V15/><F15/><W104/><G104/><T81/><D99/><N who="2" m="37930" /><F100/><W47/><G47/><T69/><REACH who="0" step="1"/><D97/><REACH who="0" ten="283,113,349,245" step="2"/><U62/><E102/><V56/><F56/><N who="3" m="37095" /><G131/><T116/><D116/><U117/><E129/><V128/><F128/><W108/><G108/><T21/><D21/><U112/><E117/><V86/><F86/><W5/><G5/><AGARI ba="0,1" hai="4,5,7,23,24,28,39,41,44,61,66,69,81,83" machi="5" ten="40,8000,1" yaku="1,1,52,2,53,1" doraHai="78" doraHaiUra="26" who="0" fromWho="3" sc="283,90,113,0,349,0,245,-80" />
</Scene>
<Scene>
<INIT seed="7,0,0,3,0,105" ten="373,113,349,165" oya="3" hai0="115,10,26,13,84,118,29,125,46,133,56,135,32" hai1="33,87,58,123,96,12,59,53,78,73,98,68,108" hai2="93,88,134,70,52,27,116,11,47,49,132,38,62" hai3="1,37,109,19,54,57,113,128,100,61,101,25,39"/><W74/><G1/><T95/><D118/><U79/><E108/><V5/><F116/><W24/><G109/><T124/><D115/><U103/><E68/><V82/><F82/><W129/><G113/><T17/><D56/><U28/><E123/><V30/><F38/><N who="3" m="14347" /><G74/><T20/><D46/><U94/><E87/><V9/><F62/><W80/><G80/><T122/><D122/><U31/><E12/><V72/><F72/><W40/><G40/><T65/><D65/><U114/><E114/><V131/><F131/><N who="3" m="50251" /><G19/><N who="0" m="8631" /><D95/><U0/><E0/><V8/><F5/><W23/><G25/><N who="0" m="18479" /><D84/><U120/><E120/><V77/><F77/><W44/><G44/><T43/><D43/><U3/><E3/><V51/><F51/><W126/><G126/><AGARI ba="0,0" hai="17,20,26,124,125,126,133,135" m="18479,8631" machi="126" ten="30,3900,0" yaku="18,1,34,2" doraHai="105" who="0" fromWho="3" sc="373,39,113,0,349,0,165,-39" owari="412,51.0,113,-39.0,349,15.0,126,-27.0" />
</Scene>
</mjloggm>