<mjloggm ver="2.3"><GO type="169"/><UN n0="%E6%9C%A7%E5%A4%8F%E6%9C%88" n1="%E9%BA%BB%E9%9B%80%E6%88%A6%E5%A3%AB%E2%98%86%E3%81%AA%E3%81%AE%E3%81%AF" n2="%41%53%41%50%49%4E" n3="%53%45%4C%45%43%54%2A" dan="18,16,18,17" rate="2196,2148,2237,2194" sx="M,F,M,M"/><TAIKYOKU oya="0"/>

<Scene>
<INIT seed="0,0,0,1,3,122" ten="250,250,250,250" oya="0" hai0="15,41,130,23,95,111,43,19,5,63,72,79,105" hai1="9,46,20,85,87,28,104,11,125,88,35,6,120" hai2="92,8,121,10,112,134,38,114,89,12,78,60,115" hai3="75,119,36,128,40,117,0,1,135,101,66,76,110"/><T52/><D105/><U126/><E104/><V83/><F121/><W118/><G66/><T97/><D130/><U62/><E120/><V124/><F38/><W99/><G128/><T73/><D5/><U29/><E87/><V42/><F42/><W133/><G76/><T81/><D73/><U103/><E103/><V13/><F134/><N who="3" m="51211" /><G75/><T56/><REACH who="0" step="1"/><D111/><REACH who="0" ten="240,250,250,250" step="2"/><U74/><E74/><V86/><F115/><W45/><G110/><T57/><D57/><U106/><E6/><V64/><F114/><W84/><G84/><T55/><D55/><U82/><E106/><AGARI ba="0,1" hai="0,1,36,40,45,99,101,106,117,118,119" m="51211" machi="106" ten="40,2600,0" yaku="20,1,23,1" doraHai="122" who="3" fromWho="1" sc="240,0,250,-26,250,0,250,36" />
</Scene>
<Scene>
<INIT seed="1,0,0,5,0,117" ten="240,224,250,286" oya="1" hai0="102,50,123,41,26,2,94,90,135,124,101,29,118" hai1="114,14,134,51,126,20,21,133,106,110,74,32,92" hai2="93,108,25,79,112,69,10,15,55,72,132,23,27" hai3="84,96,63,33,45,38,86,6,64,49,39,48,130"/><U125/><E106/><V34/><F69/><W97/><G33/><T13/><D2/><U120/><E32/><V115/><F132/><N who="1" m="50793" /><E74/><V40/><F108/><W80/><G6/><T127/><D118/><U67/><E67/><V81/><F34/><W128/><G63/><T42/><D13/><U95/><E114/><N who="2" m="43563" /><F40/><W18/><G64/><T61/><D61/><U113/><E113/><V19/><F93/><N who="1" m="35913" /><E110/><V131/><F131/><W104/><G104/><T78/><D135/><U88/><E88/><V116/><F116/><W68/><G68/><T89/><D94/><U75/><E75/><V1/><F55/><W103/><G80/><T111/><D111/><U76/><E76/><V82/><F82/><W100/><G45/><T30/><D78/><U66/><E66/><V17/><F1/><W59/><G59/><T99/><D99/><U56/><E120/><V129/><F129/><W121/><G18/><T5/><D5/><U44/><E56/><V46/><F46/><W43/><G43/><T109/><D109/><U85/><E85/><V60/><F60/><W22/><G22/><N who="1" m="8810" /><E14/><AGARI ba="0,0" hai="10,14,15,17,19,23,25,27,72,79,81" m="43563" machi="14" ten="30,1000,0" yaku="11,1" doraHai="117" who="2" fromWho="1" sc="240,0,224,-10,250,10,286,0" />
</Scene>
<Scene>
<INIT seed="2,0,0,3,3,0" ten="240,214,260,286" oya="2" hai0="109,19,115,98,102,81,132,99,66,34,1,57,60" hai1="15,74,80,32,24,93,9,112,50,14,44,33,129" hai2="52,35,71,49,12,133,37,96,114,120,42,83,89" hai3="6,46,124,54,55,65,90,48,21,68,40,17,67"/><V103/><F114/><W119/><G119/><T75/><D115/><U126/><E112/><V38/><F120/><W63/><G124/><T25/><D109/><U87/><E126/><V62/><F35/><W59/><G90/><T73/><D132/><U23/><E129/><V26/><F133/><W121/><G6/><T107/><D1/><U43/><E93/><V122/><F122/><W27/><G121/><T70/><D99/><U11/><E74/><V84/><F42/><W105/><G105/><T47/><D57/><U135/><E135/><V36/><F26/><W86/><G86/><T30/><D81/><U13/><E32/><V8/><F62/><W7/><G68/><T106/><D106/><U72/><E72/><V127/><F71/><W58/><G7/><T131/><D131/><U113/><E33/><V18/><F127/><W85/><G85/><T110/><D110/><U108/><E108/><V28/><F28/><W69/><REACH who="3" step="1"/><G69/><REACH who="3" ten="240,214,260,276" step="2"/><T78/><D78/><U118/><E118/><V76/><F76/><W29/><G29/><T128/><D128/><U104/><E104/><V88/><F89/><W134/><G134/><T51/><REACH who="0" step="1"/><D19/><REACH who="0" ten="230,214,260,276" step="2"/><N who="1" m="12415" /><E113/><V77/><F77/><AGARI ba="0,2" hai="9,11,13,14,15,43,44,50,77,80,87" m="12415" machi="77" ten="30,1000,0" yaku="8,1" doraHai="0" who="1" fromWho="2" sc="230,0,214,30,260,-10,276,0" />
</Scene>
<Scene>
<INIT seed="3,0,0,1,1,119" ten="230,244,250,276" oya="3" hai0="116,69,39,74,68,56,135,7,82,92,6,101,2" hai1="97,60,50,38,30,15,125,9,86,23,44,8,12" hai2="59,111,96,89,41,98,48,37,65,126,21,133,17" hai3="113,100,36,27,54,102,28,80,85,14,5,10,40"/><W114/><G40/><T47/><D116/><U19/><E38/><V78/><F37/><W93/><G36/><T22/><D22/><U87/><E125/><V131/><F126/><W67/><G67/><T43/><D56/><U84/><E60/><N who="2" m="38047" /><F78/><W134/><G134/><T11/><D7/><U61/><E61/><V112/><F112/><W83/><G83/><T76/><REACH who="0" step="1"/><D135/><REACH who="0" ten="220,244,250,276" step="2"/><U75/><E30/><V20/><F133/><W18/><G28/><T52/><D52/><N who="1" m="29767" /><E75/><V73/><F20/><W42/><G54/><T130/><D130/><U121/><E121/><V110/><F73/><W33/><G114/><T0/><D0/><U32/><E32/><V77/><F21/><W13/><G33/><T118/><D118/><U129/><E129/><V53/><F53/><W34/><G34/><T72/><D72/><U63/><E63/><V107/><F131/><W99/><G113/><T103/><D103/><U45/><E45/><V24/><F41/><W128/><G102/><T109/><D109/><U49/><E49/><V26/><F48/><W66/><G42/><T25/><D25/><U127/><E127/><V117/><F24/><W91/><G27/><T95/><D95/><U108/><E108/><V64/><F26/><W29/><G29/><T51/><D51/><U31/><E31/><V94/><F117/><W3/><G128/><T79/><D79/><U71/><E71/><V35/><F77/><W106/><G93/><T70/><D70/><U120/><E120/><V88/><F35/><W1/><G66/><T55/><D55/><U132/><E132/><V58/><F64/><RYUUKYOKU ba="0,1" sc="220,15,244,-15,250,-15,276,15" hai0="2,6,11,39,43,47,68,69,74,76,82,92,101" hai3="1,3,5,10,13,14,18,80,85,91,99,100,106" />
</Scene>
<Scene>
<INIT seed="3,1,1,0,2,66" ten="235,229,235,291" oya="3" hai0="98,8,87,14,110,20,128,97,68,35,82,100,127" hai1="55,42,118,119,78,93,28,34,59,13,58,95,50" hai2="7,76,15,54,17,69,71,70,2,126,26,21,103" hai3="29,16,104,9,101,12,27,102,132,40,53,135,109"/><W1/><G40/><T77/><D35/><U107/><E107/><V43/><F126/><W25/><G1/><T123/><D123/><U86/><E28/><V48/><F43/><W83/><G109/><T120/><D120/><U80/><E34/><V117/><F117/><W81/><G53/><T75/><D127/><U122/><E122/><V92/><F2/><W111/><G111/><T74/><D110/><U0/><E0/><V32/><F76/><W47/><G47/><T94/><D128/><U19/><E42/><V130/><F130/><W90/><G27/><T49/><D68/><U131/><E131/><V10/><F32/><N who="3" m="20527" /><G104/><T6/><D20/><U62/><E118/><V4/><F92/><W64/><G64/><T11/><D11/><N who="1" m="6591" /><E119/><V96/><F96/><W108/><G108/><T125/><D125/><U30/><E30/><V73/><F103/><N who="3" m="39435" /><G90/><T33/><D33/><U113/><E113/><V31/><REACH who="2" step="1"/><F73/><REACH who="2" ten="235,229,225,291" step="2"/><W67/><G83/><T5/><D98/><U44/><E59/><AGARI ba="1,2" hai="4,7,10,15,17,21,26,31,48,54,59,69,70,71" machi="59" ten="40,8000,1" yaku="1,1,2,1,52,3,53,0" doraHai="66" doraHaiUra="91" who="2" fromWho="1" sc="235,0,229,-83,225,103,291,0" />
</Scene>
<Scene>
<INIT seed="4,0,0,3,1,124" ten="235,146,328,291" oya="0" hai0="108,126,2,74,61,46,105,87,8,49,72,127,112" hai1="101,82,0,63,59,4,36,132,106,76,69,37,93" hai2="22,18,38,6,73,114,113,89,79,94,99,20,21" hai3="111,109,129,3,57,10,44,33,51,52,50,19,55"/><T12/><D105/><U92/><E132/><V5/><F38/><W103/><G33/><T120/><D120/><U78/><E69/><V66/><F66/><W9/><G103/><T40/><D112/><N who="2" m="43114" /><F18/><W14/><REACH who="3" step="1"/><G129/><REACH who="3" ten="235,146,328,281" step="2"/><T25/><D127/><U96/><E4/><AGARI ba="0,1" hai="3,4,9,10,14,19,44,50,51,52,55,57,109,111" machi="4" ten="40,8000,1" yaku="1,1,2,1,54,1,53,1" doraHai="124" doraHaiUra="42" who="3" fromWho="1" sc="235,0,146,-80,328,0,281,90" />
</Scene>
<Scene>
<INIT seed="5,0,0,3,1,69" ten="235,66,328,371" oya="1" hai0="15,65,14,31,18,22,27,54,124,74,11,91,85" hai1="121,98,110,73,75,117,95,49,120,51,67,103,58" hai2="80,48,97,40,129,59,63,13,111,0,108,126,17" hai3="104,76,9,23,3,106,28,115,38,32,119,12,88"/><U53/><E117/><V100/><F0/><W134/><G76/><T118/><D74/><U130/><E110/><V78/><F129/><W24/><G115/><T46/><D118/><U29/><E130/><V101/><F126/><W79/><G119/><T43/><D124/><U42/><E75/><V66/><F101/><W71/><G71/><T99/><D65/><U41/><E73/><V61/><F61/><W16/><G79/><T127/><D127/><U86/><E29/><V132/><F132/><W105/><G134/><T1/><D99/><U68/><E68/><V60/><F60/><W36/><G88/><T4/><D54/><U90/><E67/><V82/><F40/><W125/><G125/><T92/><REACH who="0" step="1"/><D31/><REACH who="0" ten="225,66,328,371" step="2"/><U2/><E2/><V109/><F97/><W44/><G44/><T83/><D83/><U102/><E102/><V57/><F82/><W128/><G128/><T89/><D89/><U131/><E131/><V107/><F80/><W133/><G133/><T25/><D25/><U5/><E5/><AGARI ba="0,1" hai="3,5,9,12,16,23,24,28,32,36,38,104,105,106" machi="5" ten="40,8000,1" yaku="24,2,52,2,54,1" doraHai="69" who="3" fromWho="1" sc="225,0,66,-80,328,0,371,90" owari="225,-17.0,-14,-51.0,328,13.0,461,55.0" />
</Scene>
</mjloggm>