<mjloggm ver="2.3"><GO type="169" lobby="0"/><UN n0="%E5%A4%A9%E5%9F%8E%E5%B0%8F%E6%AC%A1%E9%83%8E" n1="%EF%BC%A0%E6%A3%AE" n2="%E3%82%82%E3%81%A3%E3%81%97%E3%83%BC" n3="%41%53%41%50%49%4E" dan="16,17,16,18" rate="2060,2121,2163,2209" sx="M,F,M,M"/><TAIKYOKU oya="0"/>

<Scene>
<INIT seed="0,0,0,1,1,72" ten="250,250,250,250" oya="0" hai0="10,41,84,19,43,105,38,75,69,93,85,14,25" hai1="108,57,87,1,111,121,49,2,88,112,37,15,90" hai2="133,61,82,113,29,132,78,73,92,48,116,51,0" hai3="59,34,44,97,123,23,31,8,70,66,130,102,55"/><T27/><D105/><U67/><E37/><V79/><F113/><W122/><G130/><T120/><D120/><U35/><E121/><V109/><F0/><W3/><G23/><T76/><D69/><U40/><E112/><V106/><F106/><W20/><G20/><T134/><D134/><N who="2" m="51818" /><F109/><N who="1" m="42057" /><E35/><V110/><F110/><W12/><G44/><T118/><D118/><U77/><E15/><V131/><F131/><W101/><G3/><N who="1" m="1034" /><E40/><N who="0" m="15433" /><D75/><U24/><E24/><V16/><F29/><W91/><G31/><T135/><D38/><U95/><E90/><V30/><F30/><W64/><G34/><T9/><D9/><U125/><E125/><V81/><F116/><W17/><G122/><T28/><D28/><U83/><E67/><V100/><F61/><W86/><G66/><T18/><D135/><U119/><E119/><V115/><F115/><W117/><G64/><T32/><D32/><U45/><E45/><V47/><F47/><W98/><G117/><T56/><D27/><U42/><E42/><V52/><F52/><W126/><G123/><T65/><D25/><U129/><E129/><V39/><F39/><W22/><G126/><T127/><D127/><U36/><E36/><V46/><F46/><W74/><G55/><T99/><D65/><U50/><E57/><V54/><F54/><W62/><G59/><T7/><D56/><U21/><E21/><V6/><F6/><W103/><G22/><T33/><D33/><U68/><E68/><V5/><F5/><W26/><G70/><T94/><D7/><U89/><E89/><V63/><F63/><W53/><G62/><RYUUKYOKU ba="0,0" sc="250,-10,250,30,250,-10,250,-10" hai1="49,50,77,83,87,88,95" />
</Scene>
<Scene>
<INIT seed="1,1,0,2,2,25" ten="240,280,240,240" oya="1" hai0="77,103,127,91,101,134,119,118,21,48,72,113,51" hai1="47,40,45,44,125,50,66,97,123,49,8,57,65" hai2="98,85,68,95,24,79,7,84,27,86,58,52,76" hai3="126,18,59,78,100,42,30,13,26,94,29,120,90"/><U2/><E123/><V110/><F68/><W112/><G120/><T102/><D113/><U116/><E116/><V37/><F37/><W111/><G112/><T69/><D69/><U81/><E81/><V10/><F110/><W99/><G111/><T28/><D134/><U115/><E115/><V34/><F79/><W73/><G126/><T107/><D107/><U3/><E125/><V15/><F76/><W53/><G42/><T117/><D127/><U20/><E97/><V88/><REACH who="2" step="1"/><F34/><REACH who="2" ten="240,280,230,240" step="2"/><W43/><G78/><T108/><D108/><U135/><E135/><V12/><F12/><W132/><G13/><T122/><D122/><U60/><E2/><V62/><AGARI ba="1,1" hai="7,10,15,24,27,52,58,62,84,85,86,88,95,98" machi="62" ten="30,8000,1" yaku="1,1,0,1,8,1,54,2,53,0" doraHai="25" doraHaiUra="104" who="2" fromWho="2" sc="240,-21,280,-41,230,93,240,-21" />
</Scene>
<Scene>
<INIT seed="2,0,0,2,3,54" ten="219,239,323,219" oya="2" hai0="6,115,98,57,70,33,63,37,103,49,12,32,51" hai1="90,27,93,36,8,43,1,119,108,83,28,116,44" hai2="26,10,135,91,110,94,23,7,105,126,80,53,113" hai3="60,96,85,92,35,40,122,69,133,79,29,104,41"/><V81/><F113/><W77/><G122/><T88/><D115/><U39/><E39/><V42/><F105/><W127/><G133/><T16/><D37/><U45/><E108/><V89/><F110/><W132/><G132/><T87/><D70/><U84/><E45/><V67/><F135/><W56/><G69/><T18/><D32/><U124/><E124/><V82/><F126/><W134/><G127/><T65/><D33/><U48/><E36/><V34/><F34/><W30/><G104/><T62/><D62/><U50/><E50/><N who="0" m="18953" /><D98/><U86/><E8/><V72/><F72/><W112/><G112/><T3/><D103/><U4/><E4/><V128/><F128/><W106/><G106/><T24/><D3/><U58/><E1/><V61/><F53/><W25/><G134/><T22/><D6/><U71/><E71/><V19/><F42/><W74/><G74/><T123/><D123/><U73/><E73/><V109/><F109/><W118/><G118/><T125/><D125/><U15/><E15/><V46/><F46/><W129/><G129/><T17/><D12/><U64/><E27/><V114/><F114/><W111/><G111/><T31/><D31/><U76/><REACH who="1" step="1"/><E28/><REACH who="1" ten="219,229,323,219" step="2"/><V102/><F10/><W100/><G30/><T20/><D24/><U59/><E59/><N who="2" m="37311" /><F7/><W5/><G5/><T52/><D65/><U131/><E131/><V9/><F9/><W99/><G35/><T121/><D121/><U66/><E66/><V0/><F0/><W95/><G29/><T101/><D57/><U107/><E107/><V75/><F75/><W2/><G2/><RYUUKYOKU ba="0,1" sc="219,-15,229,15,323,15,219,-15" hai1="43,44,48,58,64,76,83,84,86,90,93,116,119" hai2="19,23,26,80,81,82,89,91,94,102" />
</Scene>
<Scene>
<INIT seed="2,1,1,2,2,97" ten="204,244,338,204" oya="2" hai0="118,134,82,60,23,11,106,62,113,51,84,129,53" hai1="38,2,67,66,7,10,95,9,68,73,109,104,85" hai2="43,31,108,41,20,77,24,98,74,59,1,25,17" hai3="33,90,117,79,92,54,27,4,71,57,78,89,93"/><V48/><F1/><W72/><G117/><T46/><D113/><U6/><E104/><V115/><F115/><W116/><G116/><T88/><D106/><U39/><E73/><V130/><F130/><W56/><G71/><T120/><D118/><U132/><E68/><V35/><F108/><W18/><G4/><T75/><D120/><U15/><E109/><V70/><F70/><W105/><G105/><T14/><D129/><U107/><E107/><V19/><F98/><N who="3" m="57615" /><G33/><T131/><D131/><U50/><E50/><V55/><REACH who="2" step="1"/><F19/><REACH who="2" ten="204,244,328,204" step="2"/><W83/><G18/><N who="0" m="8543" /><D134/><U69/><E132/><V42/><F42/><W125/><G125/><T123/><D123/><U8/><E69/><V87/><F87/><W135/><G135/><T30/><D75/><U26/><E85/><V127/><F127/><W63/><G72/><T96/><D96/><U58/><E2/><V29/><F29/><W13/><G79/><T21/><D30/><U44/><E6/><V52/><F52/><W110/><G54/><T119/><D119/><U61/><E7/><V37/><F37/><W122/><G78/><T65/><D65/><U100/><E66/><V34/><F34/><W94/><G110/><T99/><D99/><U114/><E38/><V102/><F102/><W16/><G16/><T86/><D84/><U47/><E39/><V124/><F124/><W103/><G103/><T40/><D53/><U36/><E36/><V49/><F49/><W112/><G112/><T64/><D64/><U133/><E67/><V3/><F3/><W128/><G128/><T5/><D5/><U76/><E133/><RYUUKYOKU ba="1,2" sc="204,15,244,-15,328,15,204,-15" hai0="21,23,40,46,51,60,62,82,86,88" hai2="17,20,24,25,31,35,41,43,48,55,59,74,77" />
</Scene>
<Scene>
<INIT seed="2,2,2,4,5,102" ten="219,229,343,189" oya="2" hai0="17,119,78,46,125,55,62,93,13,30,28,90,127" hai1="1,77,135,19,110,64,80,96,47,85,54,43,16" hai2="3,2,101,113,9,41,74,57,26,73,117,5,112" hai3="53,15,29,83,114,45,44,124,75,22,70,128,79"/><V8/><F117/><W95/><G70/><T116/><D78/><U71/><E110/><V52/><F41/><W103/><G128/><T66/><D55/><U14/><E1/><V69/><F69/><W23/><G124/><N who="0" m="47691" /><D46/><U61/><E135/><V106/><F26/><W67/><G114/><T88/><D62/><U48/><E14/><V126/><F126/><W115/><G115/><T25/><D66/><U81/><E81/><V21/><F21/><W107/><G67/><T27/><D90/><U118/><E118/><N who="0" m="45097" /><D27/><U131/><E131/><V130/><F130/><W98/><G53/><T50/><D50/><U10/><E10/><V32/><F113/><W56/><G56/><T51/><D51/><U134/><E134/><V38/><F38/><W123/><G45/><T87/><D25/><U84/><E84/><V37/><F37/><W91/><G44/><T34/><D34/><U24/><E24/><V36/><F32/><W12/><G79/><T6/><D6/><U133/><E133/><V11/><F36/><W31/><G91/><T63/><D63/><U105/><REACH who="1" step="1"/><E43/><REACH who="1" ten="219,219,343,189" step="2"/><V65/><F112/><W49/><G15/><T72/><D72/><U59/><E59/><V132/><F132/><W104/><G12/><T33/><D33/><U40/><E40/><V120/><F74/><W7/><G75/><T100/><D100/><AGARI ba="2,3" hai="16,19,47,48,54,61,64,71,77,80,85,96,100,105" machi="100" ten="40,5200,0" yaku="1,1,52,1,54,1,53,0" doraHai="102" doraHaiUra="111" who="1" fromWho="0" sc="219,-58,219,88,343,0,189,0" />
</Scene>
<Scene>
<INIT seed="3,0,0,4,2,18" ten="161,307,343,189" oya="3" hai0="65,62,94,90,112,46,27,15,19,131,1,123,77" hai1="130,22,37,74,3,67,107,128,47,34,84,20,12" hai2="125,6,108,56,68,21,102,32,28,69,113,8,51" hai3="95,70,17,91,13,40,80,114,54,73,0,72,89"/><W93/><G114/><T122/><D1/><U10/><E107/><V83/><F113/><W59/><G0/><T79/><D112/><U60/><E74/><V2/><F108/><W106/><G106/><T36/><D123/><U92/><E34/><V110/><F110/><W121/><G70/><T116/><D122/><U132/><E3/><V5/><F125/><W111/><G121/><T9/><D116/><U64/><E132/><V55/><F6/><W44/><G111/><T35/><D131/><N who="1" m="50219" /><E37/><V99/><F32/><W124/><G124/><T117/><D117/><U135/><E47/><V33/><F33/><W43/><G80/><T86/><D36/><U126/><E135/><V26/><REACH who="2" step="1"/><F83/><REACH who="2" ten="161,307,333,189" step="2"/><W63/><G72/><T88/><D35/><U52/><E126/><V96/><F96/><N who="3" m="57391" /><G73/><T115/><D115/><U76/><E84/><V24/><F24/><W103/><G103/><T127/><D127/><U81/><E81/><V61/><F61/><W66/><G63/><T104/><D62/><U50/><E60/><V11/><F11/><W118/><G118/><T30/><D27/><U29/><E10/><V75/><F75/><W53/><G66/><T105/><D65/><U134/><E67/><V120/><F120/><W4/><G4/><T119/><D119/><U58/><E64/><V97/><F97/><W49/><G40/><T71/><D9/><U78/><E134/><V41/><F41/><W39/><G43/><T42/><D42/><U38/><E38/><V16/><F16/><W31/><G39/><T14/><D19/><U7/><E7/><V48/><F48/><RYUUKYOKU ba="0,1" sc="161,-10,307,-10,333,30,189,-10" hai2="2,5,8,21,26,28,51,55,56,68,69,99,102" />
</Scene>
<Scene>
<INIT seed="4,1,1,1,5,134" ten="151,297,363,179" oya="0" hai0="128,116,31,102,70,39,126,40,29,79,15,92,97" hai1="86,60,6,47,63,18,11,84,23,62,115,59,42" hai2="105,16,121,41,94,1,55,120,44,71,75,77,38" hai3="45,52,95,106,21,107,49,64,124,53,127,98,129"/><T85/><D116/><U57/><E115/><V90/><F105/><W56/><G129/><T69/><D128/><U34/><E34/><V96/><F1/><W82/><G64/><T101/><D101/><U10/><E6/><V13/><F71/><W36/><G82/><N who="0" m="47327" /><D39/><U117/><E117/><V122/><F55/><W54/><G21/><T131/><D70/><U58/><E84/><V35/><F35/><W103/><G36/><T9/><D69/><U0/><E86/><V22/><F77/><W3/><G3/><T83/><D131/><U113/><E113/><V12/><REACH who="2" step="1"/><F75/><REACH who="2" ten="151,297,353,179" step="2"/><W66/><G66/><T67/><D67/><U81/><E0/><V91/><F91/><W73/><G73/><T123/><D123/><U50/><REACH who="1" step="1"/><E81/><REACH who="1" ten="151,287,353,179" step="2"/><V65/><F65/><W5/><G5/><T30/><D83/><U43/><E43/><V108/><F108/><W89/><G54/><T100/><D40/><U78/><E78/><V20/><F20/><W25/><G53/><T19/><D9/><U109/><E109/><V27/><AGARI ba="1,3" hai="12,13,16,22,27,38,41,44,90,94,96,120,121,122" machi="27" ten="30,7900,0" yaku="1,1,0,1,54,1,53,1" doraHai="134" doraHaiUra="37" who="2" fromWho="2" sc="151,-40,287,-21,353,112,179,-21" />
</Scene>
<Scene>
<INIT seed="5,0,0,5,5,100" ten="111,266,465,158" oya="1" hai0="106,36,77,68,107,109,45,72,93,0,122,27,23" hai1="37,28,51,4,61,119,54,118,84,56,50,17,89" hai2="48,99,127,86,15,53,113,60,20,47,114,110,39" hai3="85,34,55,66,19,103,95,129,130,7,108,102,62"/><U9/><E37/><V126/><F110/><W29/><G108/><T115/><D109/><U101/><E28/><V69/><F99/><W21/><G7/><T2/><D122/><U125/><E125/><V49/><F86/><W26/><G55/><T43/><D68/><U57/><E101/><V44/><F39/><W97/><G85/><T3/><D115/><N who="2" m="44042" /><F20/><W111/><G103/><T46/><D93/><U24/><E17/><V5/><F5/><W10/><G10/><T82/><REACH who="0" step="1"/><D46/><REACH who="0" ten="101,266,465,158" step="2"/><U92/><E24/><V65/><F127/><W135/><G111/><T64/><D64/><U90/><E119/><V128/><F126/><W133/><G135/><T94/><D94/><U83/><E118/><V88/><F47/><W87/><G133/><T75/><D75/><U8/><E57/><V73/><F73/><W6/><G87/><T71/><D71/><U41/><E41/><V124/><F124/><W1/><G66/><T32/><D32/><U134/><E134/><V35/><F35/><W96/><G34/><T98/><D98/><N who="1" m="57615" /><E4/><V58/><F58/><W59/><G97/><T80/><D80/><U31/><E31/><AGARI ba="0,1" hai="0,2,3,23,27,31,36,43,45,72,77,82,106,107" machi="31" ten="40,8000,1" yaku="1,1,52,2,53,1" doraHai="100" doraHaiUra="70" who="0" fromWho="1" sc="101,90,266,-80,465,0,158,0" />
</Scene>
<Scene>
<INIT seed="6,0,0,0,3,24" ten="191,186,465,158" oya="2" hai0="130,134,97,102,12,61,17,70,125,78,105,122,11" hai1="13,48,90,65,39,100,23,81,124,64,68,16,74" hai2="6,54,119,27,43,75,128,29,9,120,135,94,42" hai3="10,83,104,110,108,19,66,2,127,36,20,106,34"/><V45/><F75/><W86/><G36/><T4/><D122/><U1/><E124/><V111/><F120/><W99/><G127/><T129/><D125/><U3/><E39/><V91/><F119/><W59/><G34/><T69/><D134/><U77/><E100/><V132/><F128/><N who="0" m="49258" /><D78/><U37/><E37/><V107/><F107/><W22/><G108/><T114/><D114/><U55/><E90/><V7/><F54/><W57/><G110/><T101/><D101/><U33/><E33/><V126/><F111/><W49/><G99/><T121/><D121/><U133/><E133/><V96/><F126/><W47/><G104/><T56/><D17/><U5/><E5/><V21/><F6/><W89/><G106/><T26/><D26/><U118/><E118/><V58/><F135/><W50/><G2/><T46/><D46/><U103/><E103/><V63/><F45/><W38/><G38/><T62/><D62/><U0/><REACH who="1" step="1"/><E68/><REACH who="1" ten="191,176,465,158" step="2"/><V84/><F132/><W51/><G89/><T117/><D117/><U93/><E93/><V98/><F94/><W31/><G83/><T8/><D70/><U131/><E131/><V92/><F92/><W73/><G47/><AGARI ba="0,1" hai="0,1,3,13,16,23,47,48,55,64,65,74,77,81" machi="47" ten="40,2600,0" yaku="1,1,54,1,53,0" doraHai="24" doraHaiUra="109" who="1" fromWho="3" sc="191,0,176,36,465,0,158,-26" />
</Scene>
<Scene>
<INIT seed="7,0,0,5,0,96" ten="191,212,465,132" oya="3" hai0="135,82,113,66,112,100,103,2,50,40,123,45,119" hai1="48,107,55,101,109,7,69,20,118,106,70,74,110" hai2="53,1,25,78,39,61,37,63,26,56,92,65,30" hai3="12,73,11,10,80,42,71,35,51,94,127,8,88"/><W68/><G35/><T52/><D119/><U43/><E74/><V41/><F1/><W38/><G38/><T59/><D123/><U44/><E118/><V126/><F126/><W122/><G122/><T17/><D2/><U86/><E7/><V84/><F41/><W36/><G36/><N who="0" m="21639" /><D66/><U34/><E34/><V128/><F128/><W62/><G127/><T58/><D58/><U108/><E86/><V22/><F25/><W111/><G111/><T24/><D82/><U124/><E124/><V46/><F46/><W102/><G12/><T72/><D72/><U76/><E76/><V27/><F27/><W97/><G62/><T49/><D49/><U5/><E5/><V99/><F84/><W130/><G130/><T64/><D64/><U115/><E115/><N who="0" m="44105" /><D135/><U9/><E9/><V83/><F83/><W117/><G117/><T23/><AGARI ba="0,0" hai="17,23,24,50,52,59,100,103" m="44105,21639" machi="23" ten="30,8000,1" yaku="15,1,11,1,52,2,54,1" doraHai="96" who="0" fromWho="0" sc="191,80,212,-20,465,-20,132,-40" owari="271,7.0,192,-21.0,445,55.0,92,-41.0" />
</Scene>
</mjloggm>