<mjloggm ver="2.3"><GO type="169" lobby="0"/><UN n0="%75%73%6B%31%31%31%35" n1="%4D%61%52%63%48" n2="%EF%BC%A6%EF%BC%B8%E9%9B%80%E5%A3%AB" n3="%41%53%41%50%49%4E" dan="16,16,17,19" rate="2131.24,2149.16,2175.61,2250.12" sx="M,M,M,M"/><TAIKYOKU oya="0"/>

<Scene>
<INIT seed="0,0,0,0,1,34" ten="250,250,250,250" oya="0" hai0="95,89,17,76,37,125,52,22,84,9,5,115,3" hai1="97,32,50,103,80,60,68,92,13,27,64,120,114" hai2="25,44,106,46,30,111,101,123,4,55,126,31,0" hai3="43,66,75,122,109,42,74,91,16,49,108,96,105"/><T19/><D115/><U23/><E120/><V26/><F123/><W39/><G122/><T104/><D104/><U128/><E128/><V107/><F101/><W135/><G39/><T77/><D125/><U59/><E114/><V78/><F78/><W131/><G131/><T90/><D37/><U112/><E112/><V70/><F70/><W1/><G135/><T47/><D90/><U8/><E32/><V79/><F79/><W57/><G1/><T119/><D119/><U61/><E80/><V15/><F15/><W67/><G91/><T132/><D132/><U62/><E50/><V35/><F126/><W72/><G96/><T14/><REACH who="0" step="1"/><D19/><REACH who="0" ten="240,250,250,250" step="2"/><N who="1" m="8615" /><E68/><V118/><F107/><W86/><G16/><AGARI ba="0,1" hai="16,23,27,59,60,61,62,64,92,97,103" m="8615" machi="16" ten="30,2000,0" yaku="8,1,54,1" doraHai="34" who="1" fromWho="3" sc="240,0,250,30,250,0,250,-20" />
</Scene>
<Scene>
<INIT seed="1,0,0,2,2,123" ten="240,280,250,230" oya="1" hai0="46,9,103,116,20,74,16,29,6,60,106,18,126" hai1="96,122,101,83,120,119,109,91,57,7,33,8,131" hai2="25,40,129,5,48,4,81,37,0,39,128,94,13" hai3="111,115,135,56,121,78,12,86,55,95,24,87,71"/><U97/><E119/><V72/><F0/><W51/><G121/><T50/><D116/><U47/><E33/><V67/><F67/><W26/><G71/><T107/><D74/><U105/><E47/><V112/><F112/><W64/><G115/><T118/><D118/><U52/><E131/><V23/><F94/><W110/><G64/><T104/><D103/><U62/><E109/><N who="3" m="41482" /><G135/><T100/><D100/><U77/><E96/><V134/><F37/><W84/><G78/><T132/><D126/><U11/><E91/><V82/><F39/><W124/><G124/><T1/><D132/><U113/><E113/><V63/><F134/><W80/><G80/><T102/><D102/><U30/><E30/><V69/><F81/><W41/><G95/><T54/><D60/><U79/><E79/><V21/><F82/><W31/><G31/><T19/><REACH who="0" step="1"/><D29/><REACH who="0" ten="230,280,250,230" step="2"/><U133/><E133/><V38/><F128/><W70/><G70/><T44/><D44/><U45/><E45/><V59/><F69/><W53/><G41/><T32/><D32/><U66/><E66/><V27/><F40/><W10/><G53/><T99/><D99/><U73/><REACH who="1" step="1"/><E11/><REACH who="1" ten="230,270,250,230" step="2"/><V58/><F129/><W43/><G43/><T92/><D92/><U28/><E28/><V88/><F88/><W90/><G90/><T34/><D34/><U17/><E17/><AGARI ba="0,2" hai="10,12,17,24,26,51,55,56,84,86,87" m="41482" machi="17" ten="30,7700,0" yaku="14,1,52,3" doraHai="123" who="3" fromWho="1" sc="230,0,270,-77,250,0,230,97" />
</Scene>
<Scene>
<INIT seed="2,0,0,1,1,104" ten="230,193,250,327" oya="2" hai0="21,107,108,15,11,89,44,101,135,113,31,134,75" hai1="130,93,10,67,97,54,78,29,34,63,18,72,6" hai2="0,99,58,112,94,32,133,27,102,7,126,66,100" hai3="74,86,57,121,30,12,17,77,22,62,13,24,95"/><V50/><F112/><W43/><G121/><T105/><D113/><U9/><E130/><V2/><F126/><W91/><G43/><T35/><D35/><U84/><E34/><V16/><F133/><N who="0" m="50698" /><D108/><U98/><E29/><V55/><F66/><W20/><G77/><T90/><D44/><U110/><E110/><V46/><F7/><W23/><G74/><T83/><D101/><U111/><E111/><V124/><F124/><W38/><G38/><T70/><D70/><U19/><E54/><V73/><F73/><W68/><G68/><T114/><D114/><U117/><E117/><V4/><F4/><W88/><G91/><N who="0" m="34827" /><D21/><U42/><E42/><V39/><F100/><W25/><REACH who="3" step="1"/><G23/><REACH who="3" ten="230,193,250,317" step="2"/><T79/><D31/><U64/><E72/><V123/><F123/><W76/><G76/><T92/><D92/><U103/><E78/><V60/><F39/><W33/><G33/><T47/><D47/><U127/><E127/><V28/><F32/><W41/><G41/><T131/><D131/><U26/><E9/><V128/><F128/><W116/><G116/><T59/><D59/><U65/><E10/><V37/><F37/><W56/><G56/><T87/><D75/><U106/><E93/><V81/><F28/><W51/><G51/><T132/><D132/><U45/><E106/><V82/><F46/><W71/><G71/><T120/><D120/><U5/><E45/><V115/><F115/><W36/><G36/><T85/><D105/><U96/><E63/><V1/><F60/><W53/><AGARI ba="0,1" hai="12,13,17,20,22,24,25,30,53,57,62,86,88,95" machi="53" ten="20,8000,1" yaku="1,1,0,1,7,1,8,1,54,1,53,0" doraHai="104" doraHaiUra="118" who="3" fromWho="3" sc="230,-20,193,-20,250,-40,317,90" />
</Scene>
<Scene>
<INIT seed="3,0,0,3,0,105" ten="210,173,210,407" oya="3" hai0="66,107,12,64,79,1,83,104,118,134,53,68,133" hai1="51,18,93,126,67,11,27,15,106,92,44,60,109" hai2="71,77,74,81,50,43,80,108,115,84,102,5,34" hai3="98,55,122,31,38,135,78,132,58,28,32,116,100"/><W24/><G116/><T96/><D1/><U95/><E106/><V19/><F115/><W49/><G122/><T63/><D118/><U33/><E109/><V56/><F71/><W16/><G38/><T113/><D113/><U120/><E120/><V42/><F34/><W72/><G31/><T3/><D3/><U103/><E126/><V22/><F102/><W117/><G117/><T65/><D12/><U110/><E110/><V131/><F5/><W9/><G98/><T13/><D13/><U87/><E27/><V41/><F131/><W0/><G100/><T62/><D53/><U4/><E33/><V7/><F7/><W76/><G76/><T61/><D68/><U130/><E130/><V75/><F108/><W97/><G97/><T88/><D107/><U25/><E103/><V2/><F2/><W26/><G0/><T129/><D129/><U91/><E25/><V30/><F30/><W99/><G99/><T121/><D121/><U52/><REACH who="1" step="1"/><E4/><REACH who="1" ten="210,163,210,407" step="2"/><V36/><F36/><W73/><G24/><T20/><D104/><U17/><E17/><V10/><F19/><W94/><G16/><T21/><D20/><U89/><E89/><V85/><F22/><W47/><G26/><T127/><D21/><U8/><E8/><V119/><F10/><W48/><G9/><T6/><D6/><U86/><E86/><V101/><F101/><W125/><G32/><T59/><D127/><U111/><E111/><V112/><F119/><W46/><G125/><T124/><D124/><U57/><AGARI ba="0,1" hai="11,15,18,44,51,52,57,60,67,87,91,92,93,95" machi="57" ten="20,8000,1" yaku="1,1,0,1,7,1,8,1,54,1,53,0" doraHai="105" doraHaiUra="70" who="1" fromWho="1" sc="210,-20,163,90,210,-20,407,-40" />
</Scene>
<Scene>
<INIT seed="4,0,0,2,4,128" ten="190,253,190,367" oya="0" hai0="101,82,10,120,43,95,48,130,61,18,76,100,4" hai1="27,84,105,112,50,123,98,19,37,42,12,17,64" hai2="63,23,133,72,65,69,1,67,125,66,26,103,21" hai3="20,78,109,52,68,88,33,30,94,117,74,2,0"/><T122/><D130/><U41/><E37/><V39/><F72/><W80/><G109/><T46/><D18/><U73/><E73/><V106/><F1/><W90/><G117/><T77/><D61/><U8/><E123/><V131/><F39/><W16/><G68/><T135/><D77/><U75/><E75/><V126/><F131/><W31/><G90/><T93/><D93/><U24/><E112/><V71/><F23/><W51/><G33/><T134/><D120/><U40/><E64/><V56/><F71/><W34/><G34/><T119/><D122/><U124/><E124/><N who="2" m="47723" /><F103/><W129/><G129/><T13/><D119/><U116/><E116/><V35/><F35/><W22/><G22/><T115/><D115/><U79/><E17/><N who="2" m="12591" /><F106/><W28/><G16/><T96/><REACH who="0" step="1"/><D101/><REACH who="0" ten="180,253,190,367" step="2"/><U111/><E105/><V58/><F63/><W85/><REACH who="3" step="1"/><G20/><REACH who="3" ten="180,253,190,357" step="2"/><T102/><D102/><U107/><E111/><V81/><F69/><W38/><G38/><T54/><D54/><U60/><E107/><V108/><F108/><W113/><G113/><T132/><D132/><U6/><E19/><V118/><F118/><W110/><G110/><T7/><D7/><U99/><E6/><V14/><F133/><W83/><G83/><T89/><D89/><U121/><E121/><V97/><F81/><W86/><G86/><AGARI ba="0,2" hai="4,10,13,43,46,48,76,82,86,95,96,100,134,135" machi="86" ten="40,12000,1" yaku="1,1,25,2,52,2,53,0" doraHai="128" doraHaiUra="49" who="0" fromWho="3" sc="180,140,253,0,190,0,357,-120" />
</Scene>
<Scene>
<INIT seed="4,1,0,2,1,101" ten="320,253,190,237" oya="0" hai0="88,121,29,67,23,41,26,63,37,59,7,122,34" hai1="9,28,51,116,55,64,36,133,97,32,56,106,94" hai2="119,78,107,109,93,42,100,112,83,99,82,57,108" hai3="124,17,14,76,21,65,130,115,72,111,35,46,30"/><T96/><D34/><U48/><E36/><V6/><F42/><W8/><G111/><N who="2" m="42569" /><F57/><W13/><G115/><T85/><D7/><U19/><E133/><V131/><F6/><W68/><G130/><T89/><D37/><U20/><E116/><V2/><F2/><W22/><G124/><T84/><D59/><U33/><E9/><V134/><F112/><W75/><G76/><T86/><D41/><U103/><E28/><V18/><F18/><W16/><G8/><T114/><D114/><U43/><E64/><V38/><F38/><W27/><REACH who="3" step="1"/><G46/><REACH who="3" ten="320,253,190,227" step="2"/><T80/><D122/><U66/><E43/><V60/><F131/><W128/><G128/><T53/><D121/><U40/><E40/><V113/><F113/><W90/><G90/><T73/><D89/><U92/><E66/><V127/><F127/><W81/><G81/><T132/><D132/><U1/><E1/><V54/><F134/><W62/><AGARI ba="1,1" hai="13,14,16,17,21,22,27,30,35,62,65,68,72,75" machi="62" ten="30,7900,0" yaku="1,1,0,1,9,1,54,1,53,0" doraHai="101" doraHaiUra="74" who="3" fromWho="3" sc="320,-40,253,-21,190,-21,227,92" />
</Scene>
<Scene>
<INIT seed="5,0,0,1,1,83" ten="280,232,169,319" oya="1" hai0="5,18,44,38,92,14,95,134,82,100,115,105,64" hai1="55,89,125,43,37,131,35,17,20,57,102,117,85" hai2="123,29,78,28,103,73,8,1,40,113,126,121,19" hai3="107,112,104,111,124,91,62,122,9,46,6,63,26"/><U13/><E117/><V10/><F103/><W21/><G111/><T4/><D64/><U88/><E35/><V27/><F40/><W16/><G122/><T42/><D115/><U67/><E131/><V33/><F78/><W71/><G112/><T77/><D134/><U70/><E125/><V54/><F73/><W11/><G124/><T96/><D95/><U108/><E108/><V76/><F76/><W36/><G11/><T99/><D18/><U74/><E74/><V87/><F113/><W79/><G79/><T120/><D14/><U48/><E102/><V0/><F126/><W23/><G36/><T133/><D133/><U84/><E70/><V72/><F72/><W3/><G46/><T119/><D120/><U56/><E37/><V41/><F41/><W68/><G68/><T116/><D4/><U45/><E67/><V59/><F121/><W61/><G71/><T132/><D5/><U127/><E127/><V106/><F106/><W51/><G51/><T24/><D24/><U135/><E135/><V90/><F1/><W118/><G118/><T53/><D53/><U39/><REACH who="1" step="1"/><E57/><REACH who="1" ten="280,222,169,319" step="2"/><V65/><F65/><W25/><REACH who="3" step="1"/><G91/><AGARI ba="0,1" hai="13,17,20,39,43,45,48,55,56,84,85,88,89,91" machi="91" ten="40,18000,2" yaku="1,1,2,1,52,2,54,1,53,1" doraHai="83" doraHaiUra="47" who="1" fromWho="3" sc="280,0,222,190,169,0,319,-180" />
</Scene>
<Scene>
<INIT seed="5,1,0,0,3,133" ten="280,412,169,139" oya="1" hai0="111,83,116,26,74,57,29,70,22,37,24,10,61" hai1="114,102,117,58,25,134,96,106,20,38,32,98,56" hai2="86,121,17,113,120,127,34,79,104,12,68,30,59" hai3="87,36,85,128,67,62,21,63,129,84,99,13,93"/><U49/><E117/><V124/><F68/><W66/><G36/><T105/><D116/><U9/><E38/><V40/><F104/><W19/><G63/><T6/><D105/><U78/><E134/><V69/><F69/><W8/><G8/><T89/><D37/><U97/><E114/><V118/><F118/><W48/><G48/><T2/><D70/><U72/><E32/><V107/><F107/><W5/><G5/><T82/><D111/><U44/><E9/><N who="2" m="6287" /><F40/><W54/><G54/><T47/><D47/><U77/><E72/><V7/><F7/><W88/><REACH who="3" step="1"/><G62/><REACH who="3" ten="280,412,169,129" step="2"/><T33/><D61/><U1/><E1/><V92/><F113/><W11/><G11/><T27/><D57/><N who="1" m="22123" /><E106/><V18/><F59/><W43/><G43/><T71/><D71/><U53/><E102/><V31/><F120/><W100/><G100/><T75/><D33/><U131/><E131/><AGARI ba="1,1" hai="13,19,21,66,67,84,85,87,88,93,99,128,129,131" machi="131" ten="40,5200,0" yaku="1,1,19,1,54,1,53,0" doraHai="133" doraHaiUra="130" who="3" fromWho="1" sc="280,0,412,-55,169,0,129,65" />
</Scene>
<Scene>
<INIT seed="6,0,0,3,5,103" ten="280,357,169,194" oya="2" hai0="124,113,116,73,119,53,89,81,8,55,106,62,19" hai1="110,52,72,32,37,27,91,46,40,104,87,63,25" hai2="1,125,6,101,9,23,114,54,133,120,31,28,43" hai3="44,30,92,36,98,66,111,35,80,105,12,112,15"/><V2/><F43/><W13/><G111/><T127/><D113/><U20/><E110/><V16/><F120/><W56/><G112/><T51/><D62/><U130/><E72/><V3/><F114/><W83/><G105/><T128/><D128/><U108/><E108/><V14/><F101/><W88/><G35/><T96/><D73/><U60/><E130/><V115/><F115/><W24/><G36/><T38/><D38/><U70/><E104/><V123/><F123/><W41/><G66/><T74/><D19/><U102/><E102/><V29/><F125/><N who="0" m="48202" /><D8/><U77/><E77/><V97/><F97/><W17/><G56/><N who="0" m="32831" /><D55/><U122/><E122/><V21/><F54/><W7/><G7/><T93/><D106/><U5/><E5/><V4/><F133/><W65/><G65/><T11/><D11/><U45/><E70/><V94/><F94/><W82/><G30/><T61/><D61/><U26/><E32/><V50/><F50/><N who="3" m="26895" /><G24/><T134/><D134/><U0/><E0/><N who="2" m="135" /><F6/><W135/><G135/><T47/><D47/><U59/><E46/><V71/><F71/><W95/><G95/><T129/><D129/><U75/><E63/><V68/><F68/><W76/><G17/><T49/><D49/><U100/><E75/><V39/><F39/><W99/><G99/><T79/><AGARI ba="0,0" hai="74,79,81,89,93,96,116,119" m="32831,48202" machi="79" ten="30,1100,0" yaku="18,1" doraHai="103" who="0" fromWho="0" sc="280,11,357,-3,169,-5,194,-3" />
</Scene>
<Scene>
<INIT seed="7,0,0,0,1,134" ten="291,354,164,191" oya="3" hai0="36,51,96,68,1,106,123,4,77,26,86,16,98" hai1="15,100,71,3,61,94,80,43,75,57,116,34,85" hai2="88,22,55,126,124,93,54,73,58,120,92,11,64" hai3="69,45,83,46,105,112,5,50,41,90,67,49,60"/><W78/><G112/><T79/><D36/><U35/><E71/><V52/><F73/><W66/><G105/><T6/><D68/><U7/><E7/><V122/><F11/><W89/><G66/><T20/><D123/><N who="2" m="47146" /><F22/><W59/><G69/><T84/><D106/><U65/><E3/><V135/><F135/><W10/><G83/><T31/><D1/><U21/><E43/><V74/><F74/><W32/><G78/><T24/><D51/><U127/><E116/><V13/><F13/><N who="3" m="5327" /><G32/><T97/><D31/><U42/><E85/><N who="2" m="52239" /><F93/><W19/><G19/><T99/><D99/><U9/><E61/><AGARI ba="0,0" hai="52,54,55,58,61,64,124,126" m="52239,47146" machi="61" ten="40,8000,1" yaku="13,1,52,2,54,2" doraHai="134" who="2" fromWho="1" sc="291,0,354,-80,164,80,191,0" />
</Scene>
<Scene>
<INIT seed="8,0,0,0,5,37" ten="291,274,244,191" oya="0" hai0="52,51,121,50,42,113,119,125,21,8,0,105,70" hai1="129,115,62,107,26,6,56,79,31,84,91,135,103" hai2="35,73,118,65,2,127,39,36,19,11,4,25,60" hai3="128,89,20,28,29,100,109,95,112,27,117,76,47"/><T24/><D121/><U122/><E115/><V110/><F110/><W131/><G112/><T63/><D113/><U66/><E122/><V41/><F127/><W54/><G109/><T71/><D105/><U88/><E129/><N who="3" m="49738" /><G100/><T126/><D119/><U92/><E135/><V32/><F118/><W43/><G117/><T33/><D33/><U132/><E132/><V83/><F36/><N who="3" m="21991" /><G76/><T97/><D97/><N who="1" m="59815" /><E107/><V106/><F106/><W78/><G78/><T134/><D134/><U102/><E6/><V75/><F75/><W23/><G54/><T14/><D0/><U124/><E102/><V10/><F73/><W87/><G28/><N who="0" m="17423" /><D63/><U34/><E34/><AGARI ba="0,0" hai="20,23,27,29,34,87,89,95" m="21991,49738" machi="34" ten="30,2000,0" yaku="19,1,52,1" doraHai="37" who="3" fromWho="1" sc="291,0,274,-20,244,0,191,20" />
</Scene>
<Scene>
<INIT seed="9,0,0,5,3,35" ten="291,254,244,211" oya="1" hai0="15,64,39,104,132,109,8,129,126,117,106,101,32" hai1="2,73,123,33,115,114,29,63,96,19,118,66,1" hai2="78,79,38,42,23,7,43,108,122,21,57,86,40" hai3="133,135,95,26,103,47,10,49,68,58,44,82,71"/><U61/><E73/><V119/><F122/><W17/><G58/><T87/><D32/><U112/><E123/><V56/><F38/><W84/><G95/><T128/><D39/><U30/><E118/><V24/><F108/><W81/><G103/><T27/><D109/><U45/><E96/><V22/><F24/><W41/><G47/><T62/><D117/><U31/><E33/><V113/><F113/><W116/><G116/><T85/><D27/><U105/><E105/><V102/><F102/><W83/><G84/><N who="0" m="32331" /><D126/><U52/><E19/><V48/><F86/><W100/><G100/><T67/><D132/><N who="3" m="50761" /><G26/><T94/><D94/><U46/><E66/><N who="0" m="25129" /><D62/><N who="1" m="23563" /><E52/><N who="2" m="31751" /><F119/><W9/><G17/><N who="0" m="8423" /><D101/><U53/><E53/><V88/><F57/><W6/><G9/><T90/><D90/><U98/><E98/><V13/><F88/><W60/><G60/><T72/><D72/><U50/><E50/><V91/><F91/><W0/><AGARI ba="0,0" hai="0,6,10,41,44,49,68,71,81,82,83" m="50761" machi="0" ten="30,2000,0" yaku="20,1,52,1" doraHai="35" who="3" fromWho="3" sc="291,-5,254,-10,244,-5,211,20" />
</Scene>
<Scene>
<INIT seed="10,0,0,4,1,83" ten="286,244,239,231" oya="2" hai0="77,95,107,34,117,59,48,28,3,97,64,22,7" hai1="92,85,19,110,50,11,109,23,106,6,36,132,67" hai2="108,96,49,115,128,103,38,124,104,122,21,16,37" hai3="126,14,125,31,24,135,33,99,102,88,60,56,18"/><V75/><F115/><W15/><G135/><T66/><D107/><U63/><E106/><V84/><F75/><W133/><G133/><T42/><D34/><U5/><E36/><V29/><F122/><W74/><G74/><T0/><D0/><U101/><E132/><V100/><F108/><W105/><G88/><N who="0" m="55527" /><D3/><U45/><E101/><V94/><F29/><W25/><G25/><N who="0" m="16439" /><D7/><U129/><E129/><V47/><F128/><W134/><G134/><T17/><D77/><U121/><E121/><V35/><F35/><W1/><G1/><T78/><D78/><U73/><E73/><V30/><F30/><W91/><G91/><T89/><D117/><U27/><E6/><V119/><F119/><W61/><G15/><T86/><D17/><U4/><E4/><V130/><F130/><W51/><G51/><T120/><D120/><U79/><E50/><V8/><F100/><W40/><G40/><T62/><D48/><U131/><E79/><V112/><F112/><W54/><REACH who="3" step="1"/><G61/><REACH who="3" ten="286,244,239,221" step="2"/><T69/><D42/><U114/><E63/><V57/><F37/><W90/><G90/><T123/><D123/><U39/><E110/><V20/><F38/><W44/><G44/><T76/><D76/><U43/><E45/><V53/><F47/><W10/><AGARI ba="0,1" hai="10,14,18,24,31,33,54,56,60,99,102,105,125,126" machi="10" ten="30,2000,0" yaku="1,1,0,1,53,0" doraHai="83" doraHaiUra="118" who="3" fromWho="3" sc="286,-5,244,-5,239,-10,221,30" />
</Scene>
<Scene>
<INIT seed="11,0,0,2,5,86" ten="281,239,229,251" oya="3" hai0="12,101,34,29,91,116,10,93,60,103,107,76,59" hai1="22,52,75,69,74,42,44,47,0,70,118,38,94" hai2="92,18,99,51,30,72,55,119,121,135,7,20,14" hai3="117,61,8,82,114,113,71,48,89,120,108,134,13"/><W4/><G120/><T2/><D2/><U58/><E0/><V131/><F72/><W26/><G117/><T53/><D116/><U100/><E118/><V77/><F119/><W27/><G134/><T110/><D110/><U1/><E1/><V54/><F135/><W78/><G108/><T62/><D76/><U33/><E33/><V17/><F121/><W85/><G48/><N who="0" m="31143" /><D34/><U67/><E22/><V102/><F131/><W132/><G132/><T111/><D29/><U95/><E47/><N who="2" m="28031" /><F77/><W50/><G50/><T36/><D36/><U81/><E100/><N who="0" m="38473" /><D107/><U3/><E3/><V31/><F7/><W109/><G109/><T25/><D25/><U45/><E45/><V83/><F83/><W49/><G49/><T84/><D111/><U57/><E75/><V9/><F55/><W21/><G27/><T65/><D65/><U16/><E70/><V66/><F66/><W41/><G71/><T88/><D91/><U64/><E69/><V124/><F124/><W90/><G61/><T104/><D104/><U128/><E128/><V122/><F122/><W24/><G24/><T23/><D23/><U123/><E123/><V130/><F130/><W115/><REACH who="3" step="1"/><G41/><REACH who="3" ten="281,239,229,241" step="2"/><T19/><AGARI ba="0,1" hai="10,12,19,60,62,84,88,93" m="38473,31143" machi="19" ten="30,4000,0" yaku="8,1,52,1,54,1" doraHai="86" who="0" fromWho="0" sc="281,50,239,-10,229,-10,241,-20" owari="331,43.0,229,3.0,219,-28.0,221,-18.0" />
</Scene>
</mjloggm>