<mjloggm ver="2.3"><GO type="169"/><UN n0="%E9%B7%B9%EF%BC%93" n1="%6C%69%67%68%74%39%38" n2="%E3%83%A8%E3%83%BC%E3%83%87%E3%83%AB%E9%A3%9F%E3%81%B9%E6%94%BE%E9%A1%8C" n3="%41%53%41%50%49%4E" dan="16,16,16,18" rate="2113,2222,2112,2179" sx="M,M,F,M"/><TAIKYOKU oya="0"/>

<Scene>
<INIT seed="0,0,0,0,3,32" ten="250,250,250,250" oya="0" hai0="15,14,62,108,77,1,127,8,128,4,86,58,72" hai1="42,44,79,29,41,69,39,129,6,107,68,135,74" hai2="49,0,25,45,130,13,117,80,112,5,87,34,40" hai3="133,110,91,114,61,94,103,104,66,78,101,54,43"/><T97/><D127/><U23/><E107/><V71/><F117/><W115/><G110/><T60/><D128/><U57/><E129/><V93/><F71/><W52/><G133/><T10/><D72/><U84/><E135/><V59/><F130/><W28/><G43/><T22/><D108/><U73/><E41/><V105/><F105/><W35/><G78/><T18/><D97/><U47/><E47/><V134/><F134/><W125/><G125/><T20/><D1/><U124/><E124/><V7/><F93/><W85/><G115/><T36/><D36/><U30/><E73/><V95/><F95/><W126/><G114/><T46/><D46/><U70/><E84/><V16/><F112/><W106/><G106/><T24/><D24/><U98/><E98/><V65/><F0/><W9/><G9/><T11/><D11/><U123/><E123/><V111/><F25/><N who="3" m="18831" /><G103/><T96/><D96/><U83/><E23/><N who="0" m="8745" /><D58/><U37/><E39/><V27/><F27/><W132/><G132/><T17/><D4/><U100/><E100/><V21/><F34/><W26/><G26/><T19/><D19/><U67/><E6/><V113/><F113/><W38/><G38/><T12/><D12/><U82/><E57/><V64/><F111/><W56/><G126/><T88/><D77/><U51/><E37/><V121/><F121/><W2/><G2/><T81/><AGARI ba="0,0" hai="8,10,14,15,17,18,60,62,81,86,88" m="8745" machi="81" ten="30,3000,0" yaku="8,1,54,1" doraHai="32" who="0" fromWho="0" sc="250,30,250,-10,250,-10,250,-10" />
</Scene>
<Scene>
<INIT seed="0,1,0,3,4,34" ten="280,240,240,240" oya="0" hai0="69,31,131,113,128,16,21,24,12,5,109,95,111" hai1="40,117,115,55,76,98,35,7,75,127,28,129,1" hai2="135,53,13,106,58,3,64,97,118,33,59,120,72" hai3="73,0,124,39,83,70,2,110,114,43,15,103,67"/><T87/><D113/><U38/><E55/><V18/><F72/><W41/><G15/><T94/><D69/><U119/><E98/><V32/><F120/><W11/><G11/><N who="0" m="6175" /><D5/><U108/><E108/><N who="0" m="41545" /><D87/><U116/><E115/><V9/><F118/><W56/><G110/><T93/><AGARI ba="1,0" hai="21,24,31,93,94,95,128,131" m="41545,6175" machi="93" ten="40,7800,0" yaku="14,1,10,1,54,1" doraHai="34" who="0" fromWho="0" sc="280,81,240,-27,240,-27,240,-27" />
</Scene>
<Scene>
<INIT seed="0,2,0,1,3,109" ten="361,213,213,213" oya="0" hai0="25,10,132,85,24,3,73,68,125,44,8,63,113" hai1="107,99,110,38,15,34,90,59,6,16,11,100,81" hai2="98,62,83,128,35,36,23,41,1,30,114,37,21" hai3="123,57,104,54,28,52,78,130,82,47,49,111,27"/><T91/><D113/><U50/><E110/><V67/><F1/><W71/><G111/><T70/><D73/><U20/><E38/><V129/><F83/><W65/><G130/><N who="2" m="50281" /><F98/><W72/><G123/><T79/><D132/><U48/><E34/><V106/><F106/><W22/><G104/><T101/><D125/><U133/><E133/><V117/><F117/><W116/><G71/><T32/><D101/><U94/><E81/><V31/><F41/><W86/><G116/><T33/><D79/><U118/><E59/><V121/><F121/><W5/><G5/><T29/><D44/><U2/><REACH who="1" step="1"/><E118/><REACH who="1" ten="361,203,213,213" step="2"/><V93/><F37/><W9/><G72/><T75/><D75/><U74/><E74/><V53/><F36/><W55/><G9/><T76/><D10/><U7/><E7/><V88/><F35/><W131/><G131/><T58/><D33/><U61/><E61/><AGARI ba="2,1" hai="22,27,28,47,49,52,54,55,57,61,65,78,82,86" machi="61" ten="40,2600,0" yaku="8,1,54,1" doraHai="109" who="3" fromWho="1" sc="361,0,203,-32,213,0,213,42" />
</Scene>
<Scene>
<INIT seed="1,0,0,1,4,107" ten="361,171,213,255" oya="1" hai0="133,46,23,89,96,121,86,30,88,60,6,45,92" hai1="114,135,26,110,33,68,91,4,8,15,78,116,17" hai2="73,31,130,19,128,29,75,106,12,95,69,131,72" hai3="67,79,113,36,105,28,49,61,35,109,108,82,37"/><U93/><E68/><V58/><F69/><N who="3" m="42223" /><G113/><T124/><D133/><U119/><E78/><V90/><F106/><W126/><G105/><T112/><D112/><U13/><E114/><V11/><REACH who="2" step="1"/><F58/><REACH who="2" ten="361,171,203,255" step="2"/><W99/><G109/><T39/><D124/><U66/><E110/><V22/><F22/><W85/><G126/><T64/><D121/><U25/><E135/><V80/><F80/><W117/><G82/><T122/><D122/><U123/><E123/><V104/><F104/><W81/><G81/><T97/><D45/><U120/><E120/><V43/><F43/><W14/><G108/><T52/><D46/><U27/><E33/><V134/><F134/><W132/><G35/><T10/><D23/><U18/><E66/><V98/><AGARI ba="0,1" hai="11,12,19,29,31,72,73,75,90,95,98,128,130,131" machi="98" ten="40,12000,2" yaku="1,1,0,1,19,1,52,3,53,1" doraHai="107" doraHaiUra="84" who="2" fromWho="2" sc="361,-30,171,-60,203,130,255,-30" />
</Scene>
<Scene>
<INIT seed="2,0,0,1,3,83" ten="331,111,333,225" oya="2" hai0="79,27,49,75,50,114,52,90,38,24,0,120,94" hai1="88,26,39,55,59,35,63,80,107,20,48,44,106" hai2="31,4,74,57,7,72,40,89,32,6,3,113,42" hai3="87,130,109,16,19,14,37,2,134,41,127,28,45"/><V60/><F113/><W133/><G2/><T102/><D120/><U71/><E35/><V91/><F3/><W51/><G109/><T9/><D114/><U119/><E119/><V122/><F122/><W124/><G28/><T104/><D38/><U8/><E39/><V58/><F31/><W43/><G43/><T34/><D34/><U93/><E80/><V30/><F30/><W84/><G37/><T121/><D121/><U81/><E81/><V112/><F112/><W17/><G130/><T78/><D104/><U46/><E71/><V65/><F32/><W54/><G41/><T11/><D102/><U47/><E8/><N who="0" m="3145" /><D0/><U29/><REACH who="1" step="1"/><E48/><REACH who="1" ten="331,101,333,225" step="2"/><V66/><F4/><W15/><G14/><T135/><D49/><U132/><E132/><N who="3" m="50794" /><G15/><T128/><D128/><U77/><E77/><N who="0" m="29193" /><D135/><U68/><E68/><V70/><F70/><W103/><G103/><T36/><D75/><U118/><E118/><V1/><F1/><W62/><G62/><AGARI ba="0,1" hai="6,7,40,42,57,58,60,62,65,66,72,74,89,91" machi="62" ten="25,2400,0" yaku="22,2" doraHai="83" who="2" fromWho="3" sc="331,0,101,0,333,34,225,-24" />
</Scene>
<Scene>
<INIT seed="2,1,0,4,1,72" ten="331,101,367,201" oya="2" hai0="117,52,96,59,100,110,74,123,85,13,82,5,16" hai1="54,23,119,14,89,107,24,46,106,88,76,115,80" hai2="61,37,65,22,71,17,0,43,98,31,27,70,64" hai3="102,6,130,75,25,1,112,104,103,111,133,48,21"/><V94/><F0/><W12/><G1/><T131/><D123/><U67/><E115/><V91/><F43/><W32/><G112/><T127/><D117/><U83/><E119/><V63/><REACH who="2" step="1"/><F37/><REACH who="2" ten="331,101,357,201" step="2"/><W42/><G42/><T53/><D127/><U45/><E107/><V125/><F125/><W8/><G104/><T120/><D120/><U66/><E106/><V28/><AGARI ba="1,1" hai="17,22,27,28,31,61,63,64,65,70,71,91,94,98" machi="28" ten="30,6000,0" yaku="1,1,0,1,9,1,53,0" doraHai="72" doraHaiUra="126" who="2" fromWho="2" sc="331,-21,101,-21,357,73,201,-21" />
</Scene>
<Scene>
<INIT seed="2,2,0,1,5,36" ten="310,80,430,180" oya="2" hai0="18,119,8,82,41,4,32,135,0,67,79,47,108" hai1="70,65,30,94,57,131,48,49,39,31,117,122,62" hai2="101,58,89,83,53,95,133,75,129,63,103,52,88" hai3="13,24,76,11,106,128,77,127,116,28,3,34,6"/><V23/><F133/><W1/><G106/><T29/><D108/><U37/><E117/><V109/><F109/><W102/><G102/><N who="2" m="38921" /><F129/><W105/><G105/><T115/><D135/><U118/><E118/><V50/><F75/><W61/><G116/><T2/><D119/><U110/><E31/><V134/><F134/><W113/><G128/><T9/><D115/><U92/><E30/><V60/><F83/><W44/><G113/><T66/><D32/><U55/><E131/><V64/><F63/><W54/><G127/><T45/><D29/><U90/><E110/><V42/><F23/><W38/><G61/><T19/><D47/><U84/><E122/><V12/><F12/><W7/><G54/><N who="2" m="21097" /><F95/><W68/><G68/><T121/><D121/><U104/><E104/><V14/><F14/><W107/><G107/><T22/><D22/><U69/><E69/><V99/><F99/><W21/><G3/><T17/><D8/><U81/><E49/><V25/><F25/><W93/><G93/><T126/><D2/><U130/><E130/><V51/><F51/><W43/><G6/><T124/><D124/><U80/><E94/><V132/><F132/><W100/><G100/><T74/><REACH who="0" step="1"/><D126/><REACH who="0" ten="300,80,430,180" step="2"/><U123/><E123/><V56/><F56/><W20/><REACH who="3" step="1"/><G20/><REACH who="3" ten="300,80,430,170" step="2"/><T33/><D33/><U26/><E26/><V114/><F114/><W15/><G15/><T27/><D27/><U98/><REACH who="1" step="1"/><E80/><REACH who="1" ten="300,70,430,170" step="2"/><V71/><F71/><W87/><G87/><T16/><N who="0" m="4608" /><DORA hai="78" /><T112/><D112/><U59/><E59/><V91/><F58/><W120/><G120/><T40/><D40/><RYUUKYOKU ba="2,3" sc="300,10,70,10,430,-30,170,10" hai0="0,4,9,41,45,66,67,74,79,82" hai1="37,39,48,55,57,62,65,70,81,84,90,92,98" hai3="1,7,11,13,21,24,28,34,38,43,44,76,77" />
</Scene>
<Scene>
<INIT seed="3,3,3,1,2,61" ten="310,80,400,180" oya="3" hai0="135,105,38,106,127,128,28,34,98,17,12,55,54" hai1="67,91,109,4,35,11,88,14,45,20,47,5,6" hai2="99,44,8,65,76,21,104,102,13,110,9,25,36" hai3="40,69,15,132,112,53,92,74,63,100,120,39,0"/><W87/><G120/><T43/><D127/><U101/><E35/><V79/><F110/><W7/><G112/><T29/><D135/><U10/><E109/><V58/><F36/><W83/><G74/><T26/><D128/><U129/><E129/><V27/><F44/><N who="1" m="16969" /><E101/><V2/><F2/><W96/><G39/><T1/><D1/><U108/><E108/><V123/><F123/><W134/><G0/><T95/><D29/><U23/><E67/><V115/><F115/><W24/><G40/><T118/><D118/><U119/><E119/><V30/><F25/><W94/><G24/><T32/><D32/><U124/><E124/><V66/><F9/><N who="1" m="3081" /><E14/><V111/><F111/><W78/><G15/><T86/><D86/><U93/><E93/><N who="2" m="58735" /><F58/><N who="3" m="35279" /><G7/><N who="1" m="1794" /><U117/><DORA hai="121" /><E117/><V75/><F75/><W42/><G42/><T46/><D54/><U80/><E80/><V114/><F114/><W70/><G92/><T116/><D55/><U90/><AGARI ba="3,3" hai="20,23,88,90,91" m="1794,3081,16969" machi="90" ten="40,8000,1" yaku="28,2,8,1,54,1" doraHai="61,121" who="1" fromWho="1" sc="310,-23,80,119,400,-23,180,-43" />
</Scene>
<Scene>
<INIT seed="4,0,0,4,0,109" ten="287,199,377,137" oya="0" hai0="31,8,32,52,74,83,110,119,95,82,50,58,36" hai1="35,7,135,38,55,29,92,66,15,122,67,54,108" hai2="39,51,124,88,61,14,12,22,28,132,45,127,68" hai3="80,102,49,112,37,25,4,87,101,69,121,81,10"/><T85/><D119/><U96/><E108/><V41/><F132/><W70/><G37/><T84/><D110/><U11/><E122/><V0/><F0/><W76/><G121/><T86/><D36/><U111/><E111/><V133/><F133/><W97/><G25/><T73/><D8/><U130/><E135/><V72/><F72/><W103/><G97/><T115/><D115/><U131/><E38/><V46/><F61/><W17/><G17/><T91/><D32/><U128/><E29/><V34/><F68/><W60/><G60/><T126/><D31/><U62/><E35/><V78/><F78/><W100/><N who="3" m="25600" /><DORA hai="1" /><W33/><G33/><T134/><D134/><U98/><E67/><V114/><F114/><W64/><G64/><T19/><D126/><U27/><E27/><V79/><F79/><W63/><G63/><T59/><D59/><U2/><E2/><V107/><F34/><W90/><G49/><T118/><D118/><U71/><REACH who="1" step="1"/><E92/><REACH who="1" ten="287,189,377,137" step="2"/><V117/><F117/><W5/><G112/><T21/><D74/><U13/><E13/><V105/><F12/><W77/><G70/><T65/><D73/><U30/><E30/><V116/><F28/><W18/><G69/><T48/><D65/><U20/><E20/><V3/><F3/><W104/><G104/><T93/><D93/><U113/><E113/><V24/><F116/><W99/><G81/><N who="0" m="30731" /><D50/><U75/><E75/><V23/><F107/><W106/><G106/><T6/><D95/><U120/><E120/><V56/><F105/><W42/><G80/><T57/><D48/><U89/><E89/><RYUUKYOKU ba="0,1" sc="287,-10,189,30,377,-10,137,-10" hai1="7,11,15,54,55,62,66,71,96,98,128,130,131" />
</Scene>
<Scene>
<INIT seed="5,1,1,0,2,29" ten="277,219,367,127" oya="1" hai0="111,57,4,35,1,75,16,110,7,30,43,24,69" hai1="70,47,61,134,118,129,10,6,112,19,117,54,65" hai2="105,66,130,97,51,67,119,103,135,11,28,3,91" hai3="106,104,22,132,32,26,125,36,42,99,62,122,98"/><U85/><E112/><V64/><F119/><W74/><G122/><T131/><D69/><U25/><E134/><V88/><F135/><W101/><G132/><T27/><D75/><U100/><E129/><V107/><F107/><W116/><G116/><T48/><D131/><U34/><E100/><V31/><F130/><W81/><G125/><T18/><D43/><U72/><E72/><V53/><F11/><W52/><G42/><T113/><D113/><U38/><E85/><V46/><F3/><W76/><G36/><T87/><D87/><U124/><E124/><V78/><F78/><W37/><G37/><T83/><D83/><U49/><E38/><V50/><F31/><W96/><G104/><T20/><D57/><U92/><E92/><V9/><F9/><W95/><G106/><T73/><D48/><U13/><REACH who="1" step="1"/><E19/><REACH who="1" ten="277,209,367,127" step="2"/><V56/><REACH who="2" step="1"/><F28/><AGARI ba="1,2" hai="6,10,13,25,28,34,47,49,54,61,65,70,117,118" machi="28" ten="40,7700,0" yaku="1,1,2,1,52,1,53,0" doraHai="29" doraHaiUra="128" who="1" fromWho="2" sc="277,0,209,100,367,-80,127,0" />
</Scene>
<Scene>
<INIT seed="5,2,0,5,0,72" ten="277,309,287,127" oya="1" hai0="51,117,133,89,99,101,55,22,18,24,42,16,36" hai1="95,120,43,44,12,84,37,114,56,49,97,111,14" hai2="79,50,103,61,63,82,21,26,100,9,65,41,131" hai3="125,76,29,13,126,68,34,113,66,104,39,48,87"/><U60/><E120/><V85/><F131/><W106/><G39/><T19/><D133/><U88/><E114/><V77/><F9/><W64/><G113/><T4/><D117/><U109/><E37/><V59/><F63/><W1/><G1/><T35/><D35/><U105/><E105/><V57/><F79/><W25/><G13/><T71/><D71/><U83/><E111/><V93/><F93/><W122/><G122/><T112/><D112/><U92/><E109/><V86/><F86/><W32/><G48/><T134/><D134/><U80/><E80/><V53/><REACH who="2" step="1"/><F41/><REACH who="2" ten="277,309,277,127" step="2"/><W5/><G87/><T90/><D42/><U0/><E92/><V52/><F52/><W8/><G76/><T116/><D116/><U128/><E128/><V58/><F58/><W62/><G66/><T118/><D118/><U98/><E0/><V96/><F96/><N who="1" m="36969" /><E95/><V124/><F124/><W30/><G125/><T6/><D6/><U54/><AGARI ba="2,1" hai="12,14,43,44,49,54,56,60,83,84,88" m="36969" machi="54" ten="30,3000,0" yaku="8,1,54,1" doraHai="72" who="1" fromWho="1" sc="277,-12,309,46,277,-12,127,-12" />
</Scene>
<Scene>
<INIT seed="5,3,0,2,1,67" ten="265,355,265,115" oya="1" hai0="45,11,60,71,101,27,109,20,130,36,83,48,23" hai1="14,106,80,108,63,6,93,129,42,95,135,78,62" hai2="22,18,24,112,114,44,123,72,33,88,100,21,53" hai3="56,65,90,97,86,116,121,37,120,77,73,12,13"/><U81/><E106/><V43/><F72/><W28/><G37/><T113/><D113/><N who="2" m="43626" /><F100/><W47/><G116/><T111/><D130/><U110/><E42/><V91/><F123/><W26/><G47/><T68/><D101/><U128/><E14/><N who="2" m="9431" /><F53/><W29/><G120/><T126/><D126/><U124/><E6/><V70/><F33/><W34/><G121/><T127/><D127/><U96/><E124/><V0/><F70/><W122/><G122/><T9/><D36/><U75/><E135/><V5/><F5/><W19/><G29/><T1/><D1/><U107/><E62/><V10/><F10/><W35/><G35/><T64/><D71/><U7/><E63/><V50/><F0/><W105/><G56/><T4/><D83/><U51/><E7/><V115/><N who="2" m="43634" /><V99/><DORA hai="87" /><F99/><W15/><G65/><T17/><D23/><U31/><E81/><V16/><AGARI ba="3,0" hai="16,22,24,43,44,50,88,91" m="9431,43634" machi="16" ten="40,12000,2" yaku="15,1,11,1,52,2,54,2" doraHai="67,87" who="2" fromWho="2" sc="265,-33,355,-63,265,129,115,-33" />
</Scene>
<Scene>
<INIT seed="6,0,0,2,2,11" ten="232,292,394,82" oya="2" hai0="115,44,132,1,123,4,135,16,74,109,96,48,112" hai1="13,42,87,30,102,34,33,65,62,40,29,45,113" hai2="100,58,38,88,26,41,50,101,84,55,122,108,46" hai3="37,10,126,67,79,56,97,133,134,24,129,99,61"/><V81/><F122/><W21/><G37/><T47/><D123/><U105/><E113/><N who="0" m="43593" /><D74/><U92/><E105/><V0/><F0/><W72/><G72/><T119/><D109/><U107/><E107/><V23/><REACH who="2" step="1"/><F108/><REACH who="2" ten="232,292,384,82" step="2"/><W114/><G114/><T19/><D119/><U8/><E34/><V116/><F116/><W39/><G133/><T25/><D135/><U49/><E33/><V52/><F52/><W77/><G134/><T103/><D132/><U78/><E40/><V130/><F130/><W71/><G129/><T68/><D1/><U9/><E42/><V82/><F82/><W2/><G2/><T14/><D47/><U66/><E45/><V27/><F27/><W53/><G24/><T35/><D44/><U93/><E66/><V85/><F85/><W5/><G53/><T118/><D25/><U124/><E87/><V80/><F80/><W31/><G67/><T90/><D35/><U18/><E65/><V36/><F36/><W32/><G39/><T131/><D118/><U86/><E86/><V83/><F83/><W73/><G32/><T125/><D131/><U69/><E69/><V94/><F94/><W121/><G71/><T54/><D54/><U7/><E92/><V89/><F89/><W12/><G73/><T110/><D68/><U106/><E93/><V59/><F59/><W70/><G70/><T127/><D110/><U17/><E106/><V91/><F91/><W76/><G121/><T111/><D111/><U15/><E78/><V28/><AGARI ba="0,1" hai="23,26,28,38,41,46,50,55,58,81,84,88,100,101" machi="28" ten="20,7800,0" yaku="1,1,0,1,7,1,54,1,53,0" doraHai="11" doraHaiUra="75" who="2" fromWho="2" sc="232,-26,292,-26,384,88,82,-26" />
</Scene>
<Scene>
<INIT seed="6,1,0,5,0,87" ten="206,266,472,56" oya="2" hai0="76,92,8,6,25,124,132,5,134,135,36,62,3" hai1="69,30,112,15,47,17,60,81,18,125,129,28,95" hai2="10,55,24,64,133,126,102,67,107,35,7,22,71" hai3="57,93,72,104,41,46,98,49,90,86,27,32,121"/><V118/><F35/><W48/><G121/><T103/><D124/><U20/><E125/><V16/><F126/><W42/><G72/><T63/><D36/><U96/><E112/><V100/><F133/><W99/><G104/><T115/><D115/><U119/><E119/><V101/><F107/><W61/><G32/><T97/><D76/><U85/><E129/><V2/><F118/><W26/><G99/><T131/><D131/><U11/><E47/><V38/><F38/><W78/><G49/><T127/><D127/><U56/><E69/><V94/><F71/><W111/><G42/><T37/><D37/><U105/><E105/><V106/><F106/><W14/><G111/><T116/><D116/><U21/><E85/><V109/><F109/><W66/><G78/><T89/><D5/><U58/><E81/><V117/><F117/><W39/><G39/><T19/><REACH who="0" step="1"/><D103/><REACH who="0" ten="196,266,472,56" step="2"/><N who="1" m="60831" /><E21/><AGARI ba="1,1" hai="3,6,8,19,21,25,62,63,89,92,97,132,134,135" machi="21" ten="40,5200,0" yaku="1,1,20,1,52,1,53,0" doraHai="87" doraHaiUra="50" who="0" fromWho="1" sc="196,65,266,-55,472,0,56,0" />
</Scene>
<Scene>
<INIT seed="7,0,0,3,2,122" ten="261,211,472,56" oya="3" hai0="73,84,64,55,26,21,10,38,45,11,83,118,126" hai1="116,43,9,33,134,119,98,113,85,63,19,46,72" hai2="80,111,71,92,117,133,37,108,35,41,68,81,42" hai3="61,31,93,1,70,97,30,132,102,4,3,17,112"/><W15/><G112/><T54/><D126/><U57/><E72/><V29/><F92/><W75/><G75/><T95/><D118/><N who="1" m="45099" /><E33/><V18/><F117/><W40/><G132/><T5/><D73/><U115/><E98/><V106/><F106/><W8/><G1/><T76/><D64/><U88/><E134/><V69/><F133/><W13/><G3/><T79/><D79/><U36/><E9/><V65/><F65/><W59/><G40/><T49/><D38/><U48/><E19/><V60/><F60/><W99/><G99/><T90/><D55/><N who="1" m="34239" /><E36/><V16/><F71/><W128/><G128/><T51/><D51/><U114/><E85/><V77/><F37/><W62/><G70/><T25/><D5/><U124/><E88/><V78/><F35/><W121/><G121/><T2/><D2/><U14/><E14/><V104/><F104/><W56/><G62/><T120/><D120/><U131/><E124/><V86/><F86/><W32/><G32/><T7/><D7/><U130/><AGARI ba="0,0" hai="43,46,48,113,114,115,130,131" m="34239,45099" machi="130" ten="40,8000,1" yaku="15,1,12,1,34,2" doraHai="122" who="1" fromWho="1" sc="261,-20,211,80,472,-20,56,-40" owari="241,-16.0,291,9.0,452,55.0,16,-48.0" />
</Scene>
</mjloggm>