<mjloggm ver="2.3"><GO type="169" lobby="0"/><UN n0="%E9%BA%BB%E9%9B%80%E6%88%A6%E5%A3%AB%E2%98%86%E3%81%AA%E3%81%AE%E3%81%AF" n1="%41%53%41%50%49%4E" n2="%E6%B0%97%E6%A5%BD%E3%81%AB%E6%89%93%E3%81%A4" n3="%E9%AB%98%E7%94%BA%EF%BC%A0%E3%81%AA%E3%81%AE%E3%81%AF" dan="16,19,16,16" rate="2103,2216,2174,2071" sx="F,M,M,F"/><TAIKYOKU oya="0"/>

<Scene>
<INIT seed="0,0,0,1,1,36" ten="250,250,250,250" oya="0" hai0="26,28,46,49,51,68,33,57,103,116,40,91,111" hai1="86,45,118,133,100,128,105,27,130,41,62,125,89" hai2="20,123,8,50,48,53,2,80,99,0,23,106,76" hai3="94,88,30,52,127,6,84,58,65,17,110,112,87"/><T43/><D116/><U119/><E133/><V114/><F114/><W37/><G112/><T70/><D111/><U44/><E44/><V113/><F113/><W31/><G37/><T61/><D103/><U81/><E125/><V79/><F123/><W75/><G75/><T38/><D91/><U135/><E135/><V60/><F106/><W120/><G120/><T90/><D90/><U92/><E105/><V13/><F99/><W12/><G6/><T69/><REACH who="0" step="1"/><D43/><REACH who="0" ten="240,250,250,250" step="2"/><U78/><E100/><V98/><F79/><W11/><G110/><T102/><D102/><U72/><E119/><V67/><F76/><W56/><G127/><T63/><D63/><U134/><E118/><V96/><F60/><N who="3" m="38039" /><G84/><T16/><D16/><U71/><E134/><V54/><F98/><W4/><G4/><T117/><D117/><U115/><E115/><V129/><F96/><W132/><G132/><T74/><D74/><U55/><E62/><AGARI ba="0,1" hai="11,12,17,30,31,52,56,62,87,88,94" m="38039" machi="62" ten="30,3900,0" yaku="8,1,54,2" doraHai="36" who="3" fromWho="1" sc="240,0,250,-39,250,0,250,49" />
</Scene>
<Scene>
<INIT seed="1,0,0,4,4,58" ten="240,211,250,299" oya="1" hai0="110,15,44,109,61,63,31,46,17,87,100,65,132" hai1="47,80,114,59,5,18,124,103,73,0,32,111,1" hai2="77,89,14,69,105,133,37,21,23,88,74,79,92" hai3="64,78,62,121,129,131,106,85,112,116,41,70,36"/><U98/><E114/><V30/><F133/><W68/><G106/><T126/><D65/><U24/><E124/><V51/><F37/><W39/><G112/><T76/><D126/><U104/><E111/><N who="0" m="42505" /><D132/><U108/><E108/><V56/><F69/><N who="3" m="42135" /><G116/><T125/><D31/><U120/><E120/><V81/><F105/><W117/><G117/><T10/><D125/><U107/><E107/><V19/><F79/><W27/><G27/><T83/><D100/><U28/><E5/><V3/><F3/><W40/><G85/><T101/><D101/><U86/><E73/><V93/><F30/><W48/><G78/><T91/><D76/><U95/><E104/><V50/><F77/><W53/><G121/><T16/><D17/><U42/><E18/><V123/><F74/><W60/><G36/><T2/><D2/><U118/><E118/><V72/><F72/><W29/><G29/><T35/><D35/><U4/><E4/><V49/><F123/><W8/><G8/><T75/><D75/><U134/><E134/><V97/><F81/><W6/><G6/><T52/><D44/><U20/><E32/><V115/><F115/><W82/><G82/><T66/><D66/><U34/><E34/><V90/><F23/><W57/><G39/><T43/><D43/><N who="3" m="16457" /><G48/><AGARI ba="0,0" hai="10,15,16,46,48,52,61,63,83,87,91" m="42505" machi="48" ten="30,12000,2" yaku="25,1,14,1,52,2,54,2" doraHai="58" who="0" fromWho="3" sc="240,120,211,0,250,0,299,-120" />
</Scene>
<Scene>
<INIT seed="2,0,0,3,2,25" ten="360,211,250,179" oya="2" hai0="88,15,52,94,125,20,60,36,122,64,0,49,56" hai1="134,41,81,105,40,73,22,10,78,92,76,53,107" hai2="124,27,21,30,98,66,126,87,3,118,5,101,44" hai3="58,34,23,67,43,29,115,99,12,93,114,50,24"/><V59/><F118/><W135/><G135/><T28/><D0/><U120/><E134/><V75/><F75/><W95/><G67/><T85/><D125/><N who="2" m="48234" /><F44/><N who="3" m="25887" /><G58/><T46/><D122/><U97/><E120/><V17/><F87/><W119/><G99/><T127/><D127/><U55/><E41/><V42/><F42/><W19/><G119/><T117/><D117/><U91/><E76/><V74/><F74/><W68/><G68/><T51/><D36/><U63/><E63/><N who="2" m="38271" /><F3/><W113/><AGARI ba="0,0" hai="12,19,23,24,29,34,93,95,113,114,115" m="25887" machi="113" ten="30,2000,0" yaku="11,1,52,1" doraHai="25" who="3" fromWho="3" sc="360,-5,211,-5,250,-10,179,20" />
</Scene>
<Scene>
<INIT seed="3,0,0,0,2,18" ten="355,206,240,199" oya="3" hai0="82,106,71,33,25,92,28,128,102,135,70,7,51" hai1="117,99,47,104,111,113,52,59,119,27,9,30,101" hai2="118,108,54,94,40,83,44,58,100,21,32,2,72" hai3="39,38,23,87,46,114,34,91,1,10,65,96,103"/><W124/><G34/><T127/><D127/><U66/><E113/><V116/><F32/><W19/><G114/><T50/><D128/><U56/><E111/><V105/><F105/><W89/><G65/><T53/><D135/><U85/><E9/><V3/><F108/><W133/><G133/><T123/><D123/><U22/><E85/><V62/><F21/><W31/><G31/><T42/><D106/><U121/><E121/><V115/><F115/><W93/><G124/><T11/><D42/><U109/><E109/><V122/><F122/><W63/><G63/><T43/><D43/><U125/><E125/><V20/><F20/><W8/><G89/><T80/><D70/><U134/><E134/><V45/><F116/><N who="1" m="44617" /><E66/><V16/><F118/><W36/><G1/><T4/><D71/><U6/><E6/><V13/><F2/><W14/><REACH who="3" step="1"/><G46/><REACH who="3" ten="355,206,240,189" step="2"/><T86/><D28/><U64/><E64/><V76/><F3/><W120/><G120/><T26/><D33/><U126/><E126/><V130/><F45/><W77/><G77/><T69/><D69/><U73/><E73/><V0/><F0/><W49/><G49/><AGARI ba="0,1" hai="22,27,30,47,49,52,56,59,99,101,104" m="44617" machi="49" ten="30,3900,0" yaku="12,1,52,1,54,1" doraHai="18" who="1" fromWho="3" sc="355,0,206,49,240,0,189,-39" />
</Scene>
<Scene>
<INIT seed="4,0,0,3,2,93" ten="355,255,240,150" oya="0" hai0="29,125,98,10,78,103,86,106,79,124,118,72,51" hai1="113,26,107,7,92,135,101,47,84,76,40,49,66" hai2="16,13,128,37,99,70,19,22,73,134,14,119,112" hai3="75,32,114,24,61,30,56,88,9,89,97,123,46"/><T11/><D29/><U100/><E135/><V53/><F134/><W59/><G75/><T38/><D38/><U34/><E107/><V87/><F73/><W90/><G123/><T126/><D118/><U109/><E109/><V102/><F119/><W31/><G114/><T83/><D51/><U60/><E113/><V57/><F112/><W18/><G46/><T133/><D133/><U63/><E63/><V3/><F70/><W58/><G31/><T45/><D45/><U52/><E34/><V41/><F3/><W0/><G0/><T80/><AGARI ba="0,0" hai="10,11,72,78,79,80,83,86,98,103,106,124,125,126" machi="80" ten="40,7800,0" yaku="0,1,18,1,52,1" doraHai="93" who="0" fromWho="0" sc="355,78,255,-26,240,-26,150,-26" />
</Scene>
<Scene>
<INIT seed="4,1,0,3,2,22" ten="433,229,214,124" oya="0" hai0="59,131,82,53,5,34,3,119,40,100,45,79,125" hai1="73,12,113,67,38,106,6,56,23,4,20,87,49" hai2="61,47,1,21,0,19,118,64,98,86,24,127,28" hai3="108,17,93,77,37,70,16,132,7,123,111,29,112"/><T134/><D119/><U52/><E38/><V89/><F118/><W110/><G37/><T124/><D34/><U78/><E106/><V30/><F127/><N who="0" m="48714" /><D131/><U2/><E73/><V55/><F98/><W109/><N who="3" m="27648" /><DORA hai="135" /><W92/><G70/><T128/><D134/><U104/><E104/><V51/><F0/><W60/><G132/><T121/><D128/><U48/><E2/><V58/><REACH who="2" step="1"/><F1/><REACH who="2" ten="433,229,204,124" step="2"/><W69/><G123/><T50/><D121/><U72/><E113/><V114/><F114/><W80/><G112/><T8/><D100/><U97/><E97/><V15/><F15/><W18/><G7/><T107/><D107/><U116/><E12/><V75/><F75/><W31/><G69/><T102/><D102/><U68/><E72/><V76/><F76/><W99/><G60/><T126/><D126/><U46/><E4/><V26/><F26/><W133/><G133/><T14/><D3/><U101/><E6/><V74/><F74/><W36/><G99/><T105/><D105/><U88/><E101/><V57/><F57/><W13/><G13/><T9/><D9/><U11/><E11/><V54/><F54/><W83/><G77/><T90/><D79/><U94/><E78/><V66/><F66/><W122/><G122/><T95/><D59/><U25/><E116/><V120/><F120/><W35/><G35/><T65/><D65/><U115/><E115/><V91/><F91/><W63/><G63/><T129/><D53/><N who="1" m="31791" /><E25/><V10/><F10/><W32/><G32/><T41/><D129/><U71/><E71/><V39/><F39/><W43/><G36/><RYUUKYOKU ba="1,1" sc="433,-15,229,15,204,15,124,-15" hai1="20,23,46,48,52,67,68,87,88,94" hai2="19,21,24,28,30,47,51,55,58,61,64,86,89" />
</Scene>
<Scene>
<INIT seed="5,2,1,2,3,63" ten="418,244,219,109" oya="1" hai0="8,125,29,11,104,98,12,36,120,96,40,111,109" hai1="79,122,92,1,35,133,121,57,39,64,46,37,25" hai2="23,128,58,26,94,3,102,70,72,108,30,76,42" hai3="61,126,95,45,0,107,4,22,87,41,105,69,86"/><U129/><E1/><V83/><F108/><W97/><G126/><T124/><D120/><U32/><E129/><V55/><F128/><W112/><G112/><T135/><D29/><U2/><E2/><V28/><F70/><W16/><G4/><T7/><D135/><U10/><E133/><V66/><F3/><W88/><G0/><T62/><D11/><U51/><E10/><V84/><F42/><W127/><G127/><N who="0" m="48715" /><D62/><U110/><E110/><N who="0" m="41993" /><D104/><U123/><E79/><V73/><F30/><W5/><G5/><T75/><D75/><U116/><E116/><V118/><F118/><W17/><G17/><T78/><D78/><U93/><E35/><V134/><F134/><W106/><G69/><T34/><D34/><U44/><E32/><V103/><F73/><W74/><G61/><T24/><D24/><U21/><E25/><V20/><F20/><W6/><G74/><T99/><D40/><U65/><E123/><V54/><F72/><W131/><G131/><T48/><D48/><U60/><E60/><N who="2" m="38167" /><F103/><W52/><G6/><T14/><D36/><U49/><E21/><V82/><F83/><W56/><G41/><T31/><D31/><U47/><E47/><V101/><F101/><W114/><G45/><T115/><D12/><U67/><E67/><V80/><F82/><W132/><G132/><T15/><D15/><U130/><E130/><V68/><F68/><W9/><G9/><T33/><D33/><U50/><E50/><V100/><F100/><W113/><G113/><AGARI ba="2,1" hai="7,8,14,96,98,99,113,115" m="41993,48715" machi="113" ten="40,1300,0" yaku="18,1" doraHai="63" who="0" fromWho="3" sc="418,29,244,0,219,0,109,-19" />
</Scene>
<Scene>
<INIT seed="6,0,0,4,0,87" ten="447,244,219,90" oya="2" hai0="130,111,73,11,17,25,47,118,44,124,15,53,126" hai1="51,113,131,35,50,40,61,21,6,63,109,20,54" hai2="62,19,42,127,3,107,16,85,59,77,2,106,5" hai3="91,14,119,30,34,75,0,18,66,65,116,74,7"/><V10/><F127/><N who="0" m="48682" /><D73/><U101/><E109/><V133/><F133/><W24/><G74/><T48/><D111/><U27/><E113/><V43/><F2/><W39/><G39/><T123/><D123/><U103/><E131/><V36/><F106/><W45/><G45/><N who="0" m="27791" /><D130/><U102/><E35/><V104/><F104/><W38/><G38/><T129/><D129/><U72/><E72/><V67/><F107/><W105/><G105/><T110/><D110/><U78/><E78/><V37/><F37/><W4/><G75/><T89/><D118/><N who="3" m="45097" /><G66/><T71/><D71/><U114/><E6/><V60/><F60/><N who="1" m="23113" /><E114/><V86/><F86/><W28/><G65/><T29/><D89/><U23/><E40/><V95/><F77/><W79/><G91/><T8/><D8/><U69/><E69/><V76/><F76/><W12/><G79/><T100/><D100/><U70/><E50/><V81/><F36/><W46/><G46/><T84/><D84/><U128/><E70/><V41/><REACH who="2" step="1"/><F81/><REACH who="2" ten="447,244,209,90" step="2"/><W125/><G125/><T52/><D52/><U68/><E128/><V88/><AGARI ba="0,1" hai="3,5,10,16,19,41,42,43,59,62,67,85,88,95" machi="88" ten="30,18000,2" yaku="1,1,2,1,0,1,52,1,54,2,53,0" doraHai="87" doraHaiUra="112" who="2" fromWho="2" sc="447,-60,244,-60,209,190,90,-60" />
</Scene>
<Scene>
<INIT seed="6,1,0,3,3,34" ten="387,184,399,30" oya="2" hai0="95,47,55,86,59,85,94,72,43,10,102,17,70" hai1="125,5,6,78,117,101,50,30,100,57,114,51,97" hai2="25,28,90,88,87,12,127,115,134,98,32,123,24" hai3="73,67,99,11,58,52,71,81,118,68,119,111,7"/><V9/><F123/><W93/><G111/><T27/><D70/><U103/><E117/><V39/><F115/><W2/><G118/><T91/><D72/><U48/><E114/><V130/><F127/><W131/><G131/><T66/><D66/><U44/><E125/><V65/><F130/><W20/><G119/><T19/><D27/><U75/><E30/><V62/><F39/><W21/><G67/><T129/><D129/><U124/><E124/><V13/><F134/><W18/><G73/><T8/><D8/><U35/><E35/><V69/><F25/><W3/><G81/><T63/><D10/><U31/><E31/><V45/><F45/><W106/><G106/><T26/><D26/><U49/><E75/><V16/><F98/><W74/><G74/><T76/><D76/><U116/><E78/><V54/><F54/><W133/><G133/><T128/><D128/><U37/><E116/><V77/><REACH who="2" step="1"/><F13/><REACH who="2" ten="387,184,389,30" step="2"/><W14/><G2/><T84/><D47/><U40/><E97/><V112/><F112/><W107/><G107/><T80/><D43/><U1/><E1/><V83/><AGARI ba="1,1" hai="9,12,16,24,28,32,62,65,69,77,83,87,88,90" machi="83" ten="30,12000,1" yaku="1,1,0,1,54,2,53,1" doraHai="34" doraHaiUra="4" who="2" fromWho="2" sc="387,-41,184,-41,389,133,30,-41" owari="346,15.0,143,-26.0,522,62.0,-11,-51.0" />
</Scene>
</mjloggm>