<mjloggm ver="2.3"><GO type="169"/><UN n0="%E6%AF%94%E5%98%89%E7%A7%80%E4%BB%81" n1="%E6%A1%82%E3%83%92%E3%83%8A%E3%82%AE%E3%82%AF" n2="%41%53%41%50%49%4E" n3="%E6%A1%9C%E8%8A%B1%E9%96%83%E3%80%85" dan="16,17,18,18" rate="2077,2100,2229,2158" sx="M,F,M,M"/><TAIKYOKU oya="0"/>

<Scene>
<INIT seed="0,0,0,3,3,108" ten="250,250,250,250" oya="0" hai0="25,44,94,73,35,14,15,47,99,84,39,13,5" hai1="85,78,82,91,101,42,61,40,18,86,98,55,95" hai2="6,19,56,80,75,102,128,51,10,125,121,37,36" hai3="62,2,114,131,17,11,4,81,104,31,64,30,49"/><T135/><D73/><U115/><E115/><V103/><F121/><W7/><G104/><T71/><D71/><U32/><E32/><V46/><F128/><W77/><G131/><T105/><D135/><U97/><E97/><V43/><F125/><W54/><G7/><T45/><D39/><U113/><E113/><V69/><F69/><W122/><G17/><T22/><D35/><U72/><E18/><V58/><F19/><W48/><G122/><T53/><D105/><U118/><E118/><V123/><F123/><W124/><G124/><T50/><D84/><U20/><E20/><V9/><F9/><W27/><G114/><T100/><REACH who="0" step="1"/><D5/><REACH who="0" ten="240,250,250,250" step="2"/><U8/><E72/><V119/><F37/><W129/><G4/><T59/><D59/><N who="1" m="35071" /><E8/><V28/><F56/><W24/><G11/><T79/><D79/><U52/><E86/><V23/><F58/><W127/><G77/><T1/><D1/><U66/><E78/><V132/><F36/><W112/><G2/><T90/><D90/><U41/><E66/><V130/><F132/><W134/><G64/><T57/><D57/><U34/><E34/><V26/><F130/><W107/><G129/><T133/><D133/><U21/><E21/><V12/><F119/><W65/><G65/><T87/><D87/><U117/><E117/><V93/><F75/><W3/><G134/><T33/><D33/><U0/><E0/><V120/><F23/><W67/><G3/><T83/><D83/><U74/><E74/><V16/><F80/><W38/><G81/><T88/><D88/><U63/><E63/><V110/><F6/><RYUUKYOKU ba="0,1" sc="240,15,250,15,250,-15,250,-15" hai0="13,14,15,22,25,44,45,47,50,53,94,99,100" hai1="40,41,42,52,82,85,91,95,98,101" />
</Scene>
<Scene>
<INIT seed="0,1,1,3,0,110" ten="255,265,235,235" oya="0" hai0="122,60,114,18,16,49,129,14,32,105,74,64,51" hai1="77,3,127,41,103,96,27,95,130,108,115,24,125" hai2="1,99,56,59,78,112,67,52,131,54,68,12,22" hai3="81,89,83,90,17,116,63,124,23,72,128,82,135"/><T101/><D122/><U86/><E3/><V73/><F1/><W36/><G116/><T92/><D32/><U97/><E108/><V5/><F131/><W69/><G72/><T11/><D74/><U85/><E130/><V121/><F121/><W13/><G128/><T31/><D105/><N who="1" m="63719" /><E41/><V33/><F33/><W19/><G36/><T104/><D104/><U8/><E8/><V40/><F112/><W21/><G124/><N who="1" m="47690" /><E115/><V20/><F40/><W10/><G135/><T50/><D114/><U6/><E6/><V71/><F99/><W87/><G89/><T7/><D129/><U79/><E24/><V53/><F73/><W35/><G35/><T66/><D31/><U120/><E27/><V84/><F5/><W30/><G30/><T118/><D118/><U9/><E9/><V62/><F12/><W80/><REACH who="3" step="1"/><G19/><REACH who="3" ten="255,265,235,225" step="2"/><T45/><D18/><U38/><E38/><V76/><F76/><N who="1" m="29257" /><E120/><V88/><F78/><W15/><G15/><T107/><D7/><U109/><E109/><V106/><F68/><W37/><G37/><T55/><D16/><U43/><E43/><V44/><F71/><W25/><G25/><T102/><D14/><U91/><AGARI ba="1,2" hai="85,86,91,95,97" m="29257,47690,63719" machi="91" ten="30,4000,0" yaku="18,1,34,2" doraHai="110" who="1" fromWho="1" sc="255,-21,265,63,235,-11,225,-11" />
</Scene>
<Scene>
<INIT seed="1,0,0,2,0,64" ten="234,328,224,214" oya="1" hai0="52,28,92,71,24,38,118,8,126,31,117,48,78" hai1="130,103,1,70,123,17,73,106,43,7,99,81,15" hai2="135,116,42,54,13,134,109,0,105,74,88,66,115" hai3="87,90,125,36,9,55,58,68,77,63,112,12,96"/><U10/><E123/><V60/><F116/><W89/><G112/><T35/><D38/><U127/><E127/><V131/><F0/><W76/><G36/><T119/><D126/><U20/><E130/><V18/><F74/><W128/><G125/><T4/><D31/><U107/><E43/><V121/><F121/><W110/><G110/><T75/><D75/><U129/><E129/><V101/><F131/><W27/><G128/><T72/><D72/><U23/><E23/><V104/><F42/><W44/><G68/><T93/><D78/><U108/><E108/><V26/><F26/><W69/><G69/><T22/><D35/><U6/><E70/><N who="2" m="42311" /><F101/><W120/><G120/><T132/><D71/><U21/><E21/><N who="2" m="11471" /><F54/><W65/><G27/><T46/><REACH who="0" step="1"/><D132/><REACH who="0" ten="224,328,224,214" step="2"/><N who="2" m="50730" /><F109/><W100/><G77/><T19/><D19/><U2/><E73/><V16/><F16/><W67/><G76/><T45/><D45/><U114/><E17/><V95/><F115/><W30/><G30/><T49/><D49/><U85/><E114/><V98/><AGARI ba="0,1" hai="88,95,98,104,105" m="50730,11471,42311" machi="98" ten="30,4000,0" yaku="20,1,52,1,54,1" doraHai="64" who="2" fromWho="2" sc="224,-10,328,-20,224,50,214,-10" />
</Scene>
<Scene>
<INIT seed="2,0,0,2,1,57" ten="214,308,274,204" oya="2" hai0="76,2,98,79,31,77,95,13,128,130,96,53,34" hai1="8,120,68,32,22,134,27,44,89,112,33,110,113" hai2="51,125,97,15,75,87,28,24,17,92,72,123,20" hai3="43,18,99,88,114,26,116,23,83,38,47,73,82"/><V102/><F123/><W7/><G116/><T101/><D2/><U41/><E68/><V109/><F125/><W94/><G114/><T30/><D34/><U12/><E120/><V118/><F118/><W6/><REACH who="3" step="1"/><G83/><REACH who="3" ten="214,308,274,194" step="2"/><T61/><D130/><U14/><E113/><V54/><F109/><W55/><G55/><T105/><D128/><U37/><E110/><V3/><F3/><W42/><G42/><T52/><D53/><U39/><E112/><V11/><REACH who="2" step="1"/><F87/><REACH who="2" ten="214,308,264,194" step="2"/><W74/><G74/><T71/><D98/><U90/><E134/><V0/><F0/><W78/><AGARI ba="0,2" hai="6,7,18,23,26,38,43,47,73,78,82,88,94,99" machi="78" ten="30,4000,0" yaku="1,1,0,1,54,1,53,0" doraHai="57" doraHaiUra="4" who="3" fromWho="3" sc="214,-10,308,-10,264,-20,194,60" />
</Scene>
<Scene>
<INIT seed="3,0,0,5,3,30" ten="204,298,244,254" oya="3" hai0="19,74,31,62,32,121,53,67,44,47,34,108,113" hai1="122,46,28,58,72,33,20,9,110,61,13,65,111" hai2="79,109,84,80,5,6,133,75,0,14,54,134,112" hai3="49,17,97,96,50,8,82,63,104,25,64,127,55"/><W40/><G127/><T16/><D121/><U89/><E72/><V36/><F112/><W117/><G117/><T88/><D74/><U37/><E122/><V128/><F36/><W114/><G114/><T116/><D116/><U3/><E3/><V86/><F0/><W56/><G104/><T23/><D113/><U120/><E120/><V119/><F119/><W105/><G105/><T60/><D108/><U103/><E103/><V83/><F109/><N who="1" m="41481" /><E89/><V24/><F128/><W39/><G82/><T115/><D115/><U132/><E20/><V52/><F75/><W91/><G91/><T4/><D4/><U77/><E77/><V12/><F24/><W106/><G106/><T81/><D31/><U48/><E37/><V129/><F129/><W73/><G73/><T29/><D29/><U123/><E33/><V42/><F42/><W100/><G100/><T59/><D88/><U87/><E28/><V135/><F135/><W71/><G50/><T21/><D81/><U38/><E38/><V66/><F66/><W90/><G90/><T94/><D94/><U69/><E132/><V11/><F11/><W51/><G51/><T1/><D1/><U99/><E123/><V7/><F7/><W76/><G76/><AGARI ba="0,0" hai="5,6,12,14,52,54,76,79,80,83,84,86,133,134" machi="76" ten="25,3200,0" yaku="22,2,54,1" doraHai="30" who="2" fromWho="3" sc="204,0,298,0,244,32,254,-32" />
</Scene>
<Scene>
<INIT seed="4,0,0,2,5,3" ten="204,298,276,222" oya="0" hai0="108,122,74,61,40,13,14,43,94,88,90,11,92" hai1="19,97,91,82,67,60,25,41,38,55,101,45,58" hai2="64,118,133,27,31,50,63,106,7,129,78,52,96" hai3="29,93,12,20,120,121,113,28,89,47,71,134,115"/><T131/><D122/><N who="3" m="47209" /><G71/><T95/><D74/><U83/><E67/><V37/><F37/><W73/><G73/><T30/><D131/><U16/><E91/><N who="0" m="34857" /><D108/><U99/><E99/><V35/><F133/><W39/><G134/><T119/><D119/><U123/><E123/><V126/><F126/><W100/><G100/><T15/><D30/><N who="3" m="11881" /><G47/><T79/><D79/><U51/><E38/><V80/><F7/><W70/><G70/><T8/><D61/><U117/><E117/><V85/><F129/><W109/><G39/><T56/><D56/><U10/><E19/><V42/><F42/><AGARI ba="0,0" hai="8,11,13,14,15,40,42,43,92,94,95" m="34857" machi="42" ten="40,12000,1" yaku="28,2,8,1,54,1" doraHai="3" who="0" fromWho="2" sc="204,120,298,0,276,-120,222,0" />
</Scene>
<Scene>
<INIT seed="4,1,0,5,1,32" ten="324,298,156,222" oya="0" hai0="66,47,21,90,51,73,116,30,28,74,123,105,79" hai1="62,63,4,23,134,22,126,133,20,78,0,91,16" hai2="33,131,59,125,31,6,72,1,17,119,99,121,54" hai3="60,100,83,102,35,118,46,75,122,18,124,53,108"/><T41/><D123/><U129/><E78/><V103/><F121/><W42/><G108/><T112/><D116/><U84/><E129/><V7/><F119/><W70/><G118/><T92/><D105/><U81/><E126/><V104/><F72/><W135/><G122/><T67/><D112/><U94/><E81/><V58/><F131/><W80/><G124/><T130/><D130/><U19/><E62/><V61/><F125/><W2/><G35/><T45/><D74/><U14/><E63/><V98/><F98/><W64/><G135/><N who="1" m="51722" /><E14/><V43/><F43/><W57/><G18/><T48/><D79/><U37/><E37/><V87/><F17/><N who="1" m="6729" /><E4/><V34/><F7/><W111/><G80/><T26/><D73/><U15/><E15/><V132/><F132/><W71/><G83/><T39/><D39/><U115/><E115/><V107/><F31/><W11/><G60/><T120/><D30/><U106/><E106/><V96/><F61/><W82/><G82/><T29/><D29/><U49/><E49/><V24/><F6/><W9/><G75/><T88/><D120/><U50/><E50/><V13/><F13/><W44/><G71/><T68/><D68/><U10/><E10/><V114/><F114/><W27/><G9/><T128/><D128/><U77/><E77/><V76/><F76/><W55/><G11/><T36/><D36/><U110/><E110/><V89/><F107/><W8/><G8/><T56/><D56/><U65/><E65/><N who="0" m="24585" /><D92/><U117/><E117/><V52/><F104/><W38/><G111/><T109/><D109/><U85/><E85/><RYUUKYOKU ba="1,0" sc="324,15,298,15,156,-15,222,-15" hai0="21,26,28,41,45,47,48,51,88,90" hai1="0,20,22,23,84,91,94" />
</Scene>
<Scene>
<INIT seed="4,2,0,0,2,98" ten="339,313,141,207" oya="0" hai0="120,94,12,7,103,116,63,21,55,40,38,61,52" hai1="110,106,78,30,121,70,88,58,128,109,32,15,59" hai2="75,130,135,47,29,104,60,35,83,101,4,92,107" hai3="1,117,0,11,36,96,67,50,105,5,84,24,113"/><T16/><D120/><U123/><E70/><V26/><F130/><W91/><G36/><T2/><D116/><U6/><E128/><V115/><F115/><W118/><G113/><T43/><D38/><U13/><E106/><V25/><F135/><W37/><G37/><T122/><D122/><U22/><E32/><V54/><F4/><W20/><G1/><T119/><D119/><U8/><E78/><V85/><F75/><W80/><G67/><T9/><D63/><U39/><E39/><V66/><F25/><W93/><G50/><T89/><D103/><U99/><E6/><V53/><F47/><W14/><G105/><T19/><D19/><U31/><E22/><V134/><F92/><W46/><G46/><T111/><D111/><U23/><E23/><V81/><F107/><W108/><G0/><T87/><D61/><U97/><E8/><V56/><F134/><W3/><G3/><T125/><D125/><U79/><E79/><V131/><F131/><W41/><G41/><T124/><D124/><U33/><E33/><V82/><REACH who="2" step="1"/><F85/><REACH who="2" ten="339,313,131,207" step="2"/><W68/><G108/><T65/><D87/><U114/><E114/><V45/><F45/><W76/><G117/><T57/><D94/><U102/><E109/><V51/><F51/><W90/><G118/><T72/><D72/><U74/><E110/><V95/><F95/><W28/><G93/><T127/><D127/><U132/><E74/><V100/><F100/><W62/><G96/><AGARI ba="2,1" hai="26,29,35,53,54,56,60,66,81,82,83,96,101,104" machi="96" ten="40,5200,0" yaku="1,1,52,1,53,1" doraHai="98" doraHaiUra="27" who="2" fromWho="3" sc="339,0,313,0,131,68,207,-58" />
</Scene>
<Scene>
<INIT seed="5,0,0,2,0,44" ten="339,313,199,149" oya="1" hai0="134,6,19,16,88,56,97,40,14,0,111,71,15" hai1="29,113,115,21,49,51,100,11,4,48,18,91,64" hai2="74,89,130,8,128,55,25,69,116,9,46,17,103" hai3="85,13,59,27,121,53,78,87,24,132,135,52,110"/><U102/><E64/><V133/><F116/><W26/><G110/><T75/><D111/><U1/><E29/><V122/><F122/><W54/><G121/><T106/><D75/><U10/><E10/><V79/><F69/><W34/><G34/><T5/><D71/><U120/><E120/><V47/><F133/><N who="3" m="51275" /><G78/><T31/><D106/><U23/><E91/><V3/><F103/><N who="1" m="39465" /><E18/><V126/><F126/><W117/><G117/><T45/><D0/><U129/><E129/><V127/><F127/><W95/><G13/><T84/><D31/><U118/><E118/><V2/><F79/><W96/><G59/><T20/><D56/><U62/><E62/><V37/><F74/><W65/><G65/><T107/><D97/><U123/><E123/><V7/><F3/><W108/><G108/><T36/><D107/><U81/><E81/><V83/><F2/><W86/><G96/><T28/><D28/><U32/><E32/><V119/><F119/><W125/><G125/><T61/><D61/><U76/><E76/><V77/><F77/><W101/><G101/><T67/><D67/><U68/><E68/><V41/><F130/><W63/><G63/><T82/><D134/><U104/><E104/><V42/><F128/><W30/><G30/><T124/><D124/><U66/><E66/><V57/><F89/><AGARI ba="0,0" hai="24,26,27,52,53,54,85,86,87,89,95" m="51275" machi="89" ten="40,2600,0" yaku="20,1,54,1" doraHai="44" who="3" fromWho="2" sc="339,0,313,0,199,-26,149,26" />
</Scene>
<Scene>
<INIT seed="6,0,0,1,3,81" ten="339,313,173,175" oya="2" hai0="90,126,95,115,74,105,5,8,109,60,111,66,72" hai1="48,35,51,14,79,88,100,116,84,93,83,49,107" hai2="65,44,92,118,47,13,77,2,128,78,94,29,57" hai3="62,45,120,101,76,15,71,69,98,102,82,59,68"/><V21/><F118/><W3/><G3/><T97/><D126/><U125/><E116/><V52/><F2/><W121/><G45/><N who="2" m="17481" /><F128/><W11/><G101/><T70/><D105/><U56/><E125/><V16/><F65/><W113/><G113/><T40/><D40/><U31/><E31/><V58/><F58/><W32/><G32/><T36/><D36/><U38/><E38/><V10/><F29/><W25/><G25/><T64/><D64/><U6/><E35/><V42/><F42/><W112/><G112/><T129/><D129/><U133/><E133/><V4/><F4/><W26/><G26/><T23/><D115/><U19/><E6/><V46/><F10/><W91/><G59/><T24/><D74/><U55/><E107/><V134/><N who="2" m="17489" /><V30/><DORA hai="110" /><F30/><W96/><G68/><T122/><D72/><N who="1" m="43495" /><E100/><V34/><F34/><W103/><G71/><T87/><D122/><U119/><E119/><V123/><F123/><W0/><G0/><T106/><D106/><U18/><E18/><V80/><F134/><W135/><G135/><T75/><D75/><U54/><E54/><V22/><F22/><AGARI ba="0,0" hai="14,19,22,48,49,51,55,56,84,88,93" m="43495" machi="22" ten="30,3900,0" yaku="25,1,52,1,54,1" doraHai="81,110" who="1" fromWho="2" sc="339,0,313,39,173,-39,175,0" />
</Scene>
<Scene>
<INIT seed="7,0,0,4,5,96" ten="339,352,134,175" oya="3" hai0="127,0,58,107,5,1,89,4,22,72,101,29,40" hai1="23,33,17,103,95,123,19,105,117,91,45,28,88" hai2="11,15,110,51,41,61,113,20,109,108,9,93,132" hai3="62,55,36,7,6,130,86,3,34,111,90,102,50"/><W112/><G36/><T10/><D127/><U52/><E88/><V39/><F39/><W47/><G34/><T124/><D124/><U128/><E123/><V67/><F113/><W129/><G112/><T68/><D68/><U125/><E128/><N who="3" m="49258" /><G111/><T2/><D72/><U27/><E125/><V118/><F118/><W63/><G3/><T104/><D40/><U99/><E117/><V54/><F41/><W122/><G122/><T119/><D119/><U100/><E105/><V85/><F132/><W21/><G21/><T60/><D89/><U56/><E45/><V106/><F106/><W84/><G84/><T78/><D78/><U37/><E37/><V14/><F85/><W116/><G116/><T35/><D35/><U79/><E79/><V16/><F93/><N who="3" m="54487" /><G102/><N who="1" m="38954" /><E33/><V31/><F31/><W120/><G120/><T66/><D107/><U134/><E134/><V42/><F42/><W64/><G64/><T69/><D101/><U44/><E44/><V57/><REACH who="2" step="1"/><F14/><REACH who="2" ten="339,352,124,175" step="2"/><W70/><G70/><AGARI ba="0,1" hai="9,11,15,16,20,51,54,57,61,67,70,108,109,110" machi="70" ten="40,5200,0" yaku="1,1,2,1,54,1,53,0" doraHai="96" doraHaiUra="25" who="2" fromWho="3" sc="339,0,352,0,124,62,175,-52" owari="339,14.0,352,45.0,186,-21.0,123,-38.0" />
</Scene>
</mjloggm>