<mjloggm ver="2.3"><GO type="169"/><UN n0="%41%53%41%50%49%4E" n1="%E3%81%94%E3%81%98%E3%82%83%E3%82%8B" n2="%6B%65%72%6F%62%6F%75" n3="%E3%83%A8%E3%83%BC%E3%83%87%E3%83%AB%E9%A3%9F%E3%81%B9%E6%94%BE%E9%A1%8C" dan="18,17,16,16" rate="2183,2156,2118,2109" sx="M,M,M,F"/><TAIKYOKU oya="0"/>

<Scene>
<INIT seed="0,0,0,1,3,19" ten="250,250,250,250" oya="0" hai0="73,68,26,59,20,57,18,126,84,17,39,128,48" hai1="105,114,69,132,78,64,122,24,30,65,94,55,81" hai2="124,7,87,66,133,29,37,49,92,45,33,109,36" hai3="22,116,110,131,130,15,42,80,12,79,28,1,93"/><T102/><D73/><U43/><E105/><V71/><F7/><W120/><G116/><T27/><D39/><U83/><E122/><V123/><F123/><W134/><G1/><T10/><D68/><U77/><E132/><V13/><F133/><W74/><G120/><T35/><D128/><N who="3" m="49193" /><G134/><T135/><D135/><U90/><E43/><V99/><F124/><W129/><G42/><T14/><D126/><U115/><E69/><V119/><F119/><W97/><N who="3" m="49201" /><W103/><DORA hai="111" /><G110/><T23/><D35/><U125/><E125/><V31/><F109/><W0/><G0/><T4/><D48/><U107/><E107/><V118/><F118/><W117/><G117/><T60/><D102/><U70/><E70/><V8/><F87/><W101/><G101/><T82/><D60/><U51/><E78/><AGARI ba="0,0" hai="4,10,14,17,18,20,23,26,27,57,59,78,82,84" machi="78" ten="30,12000,1" yaku="7,1,9,1,8,1,52,2" doraHai="19,111" who="0" fromWho="1" sc="250,120,250,-120,250,0,250,0" />
</Scene>
<Scene>
<INIT seed="0,1,0,1,4,123" ten="370,130,250,250" oya="0" hai0="7,97,11,98,15,27,14,127,102,85,31,33,10" hai1="56,18,125,124,126,84,6,134,62,119,57,110,83" hai2="117,121,43,82,28,77,73,115,48,101,36,88,86" hai3="55,128,58,8,24,92,66,78,54,37,113,72,49"/><T91/><D127/><U100/><E119/><V29/><F115/><W1/><G37/><T104/><D102/><U50/><E134/><V0/><F121/><W118/><G113/><T70/><D70/><U65/><E6/><V95/><F117/><W96/><G118/><T71/><D71/><U3/><E3/><V13/><F101/><W2/><G128/><T22/><D33/><U80/><E100/><V94/><F0/><W69/><G55/><T132/><D104/><U108/><E18/><V64/><F36/><W51/><G51/><T114/><D132/><U44/><E57/><V47/><F64/><W129/><G129/><T40/><D40/><N who="1" m="24839" /><E83/><V38/><F95/><W87/><G72/><T81/><REACH who="0" step="1"/><D114/><REACH who="0" ten="360,130,250,250" step="2"/><U9/><E9/><V35/><F35/><W130/><G8/><T52/><D52/><U109/><E126/><V45/><REACH who="2" step="1"/><F13/><REACH who="2" ten="360,130,240,250" step="2"/><W25/><G1/><T90/><D90/><AGARI ba="1,2" hai="56,62,65,80,84,90,108,109,110,124,125" m="24839" machi="90" ten="30,7700,0" yaku="14,1,52,3" doraHai="123" who="1" fromWho="0" sc="360,-80,130,100,240,0,250,0" />
</Scene>
<Scene>
<INIT seed="1,0,0,1,0,12" ten="280,230,240,250" oya="1" hai0="13,126,15,0,75,62,27,92,115,40,10,59,101" hai1="81,56,129,120,73,106,108,14,93,50,134,26,71" hai2="118,84,41,69,57,91,89,25,103,99,80,133,63" hai3="33,17,68,104,111,90,98,8,6,20,11,55,125"/><U46/><E106/><V24/><F69/><W42/><G68/><T23/><D75/><U9/><E71/><V45/><F118/><W132/><G33/><T77/><D77/><U21/><E120/><V70/><F70/><W3/><G125/><T94/><D126/><U31/><E129/><V1/><F1/><W43/><G132/><T87/><D115/><U96/><E134/><V130/><F130/><W28/><G11/><T135/><D135/><U65/><E108/><V37/><F91/><W60/><G28/><T39/><D0/><U53/><E81/><V58/><F58/><W18/><G111/><T107/><D15/><U36/><E73/><V79/><F79/><W122/><G122/><T114/><D114/><U127/><E127/><V29/><F133/><W113/><G113/><T109/><D87/><U47/><E36/><V121/><F29/><W4/><G104/><T116/><D116/><U7/><REACH who="1" step="1"/><E65/><REACH who="1" ten="280,220,240,250" step="2"/><V19/><F121/><W102/><G3/><T76/><D107/><U22/><E22/><V72/><F72/><W2/><G20/><T54/><D109/><U85/><E85/><V38/><F38/><W86/><G2/><T128/><D128/><U131/><E131/><V48/><F37/><W5/><G8/><T67/><D67/><U123/><E123/><V117/><F117/><W88/><G86/><T30/><D10/><U34/><E34/><V16/><F99/><W64/><G64/><T66/><D66/><U35/><E35/><V52/><F103/><AGARI ba="0,1" hai="7,9,14,21,26,31,46,47,50,53,56,93,96,103" machi="103" ten="30,5800,0" yaku="1,1,7,1,8,1,53,0" doraHai="12" doraHaiUra="112" who="1" fromWho="2" sc="280,0,220,68,240,-58,250,0" />
</Scene>
<Scene>
<INIT seed="1,1,0,4,4,29" ten="280,288,182,250" oya="1" hai0="20,11,117,63,0,4,26,105,45,42,111,91,62" hai1="74,79,53,107,89,19,90,101,27,8,18,120,67" hai2="1,75,9,123,81,38,92,133,7,22,28,61,73" hai3="14,72,84,102,112,48,121,59,115,21,23,52,127"/><U17/><E120/><V86/><F123/><W50/><G121/><T106/><D117/><U5/><E67/><V34/><F38/><W95/><G72/><T36/><D111/><U54/><E74/><V76/><F133/><W118/><G118/><T128/><D128/><U55/><E79/><V126/><F126/><W43/><G127/><T69/><D91/><N who="1" m="34827" /><E107/><V35/><F61/><W16/><G115/><T104/><REACH who="0" step="1"/><D69/><REACH who="0" ten="270,288,182,250" step="2"/><U122/><E122/><V103/><F73/><W6/><G112/><T130/><D130/><U64/><E64/><V110/><F110/><W88/><G102/><T98/><D98/><U33/><E101/><V25/><REACH who="2" step="1"/><F86/><REACH who="2" ten="270,288,172,250" step="2"/><W57/><G43/><T24/><D24/><U132/><E132/><V114/><F114/><W40/><G40/><T65/><D65/><U83/><E27/><V99/><AGARI ba="1,2" hai="1,7,9,22,25,28,34,35,75,76,81,92,99,103" machi="99" ten="30,7900,0" yaku="1,1,0,1,52,2,53,0" doraHai="29" doraHaiUra="51" who="2" fromWho="2" sc="270,-21,288,-40,172,102,250,-21" />
</Scene>
<Scene>
<INIT seed="2,0,0,5,2,35" ten="249,248,274,229" oya="2" hai0="55,135,8,70,126,94,89,64,81,10,87,53,72" hai1="117,0,12,130,42,6,43,21,62,36,97,90,48" hai2="96,68,82,110,85,17,108,24,51,111,91,88,33" hai3="74,3,26,105,120,107,22,32,102,27,75,13,34"/><V25/><F68/><W39/><G120/><T86/><D72/><U103/><E36/><V46/><F33/><W83/><G39/><T31/><D135/><U114/><E117/><V60/><F60/><W112/><G13/><T109/><D109/><U67/><E114/><V76/><F17/><W125/><G112/><T123/><D123/><U122/><E122/><V79/><F79/><W2/><G83/><T61/><D126/><U18/><E130/><V133/><F133/><W99/><G125/><T40/><D40/><U95/><E48/><V23/><F96/><W38/><G38/><T69/><D69/><U104/><E6/><V119/><F119/><W5/><G5/><T71/><D71/><U49/><E49/><V37/><F37/><W93/><G93/><T121/><D31/><U132/><E0/><V131/><F131/><W73/><G22/><T15/><D121/><U4/><E4/><V29/><F25/><W129/><G129/><T44/><D44/><U106/><E132/><V50/><F50/><W101/><G73/><T58/><D70/><U118/><E118/><V30/><F30/><W47/><G99/><T56/><D15/><U11/><E21/><V77/><F77/><W100/><G100/><T116/><D116/><U92/><E106/><V45/><F45/><AGARI ba="0,0" hai="2,3,26,27,32,34,45,47,74,75,101,102,105,107" machi="45" ten="25,6400,0" yaku="22,2,52,2" doraHai="35" who="3" fromWho="2" sc="249,0,248,0,274,-64,229,64" />
</Scene>
<Scene>
<INIT seed="3,0,0,2,4,111" ten="249,248,210,293" oya="3" hai0="80,20,68,134,37,69,6,124,123,99,85,125,53" hai1="107,41,113,39,90,4,115,94,52,72,108,93,34" hai2="15,132,65,78,110,13,54,5,104,98,24,36,33" hai3="135,121,77,49,19,105,14,74,112,102,91,66,35"/><W103/><G121/><T3/><D123/><U75/><E107/><V84/><F110/><W83/><G35/><T64/><D37/><U2/><E108/><V119/><F119/><W59/><G135/><T50/><D134/><U133/><E133/><V128/><F65/><W60/><G105/><T18/><D64/><U46/><E34/><V87/><F128/><W100/><G91/><N who="0" m="51623" /><D99/><U17/><E94/><V9/><F132/><W122/><G122/><T109/><D6/><U47/><E17/><V92/><F36/><W88/><G49/><T117/><D3/><U61/><E4/><V29/><F104/><W114/><REACH who="3" step="1"/><G88/><REACH who="3" ten="249,248,210,283" step="2"/><T30/><D117/><U32/><E32/><V130/><F130/><W82/><G82/><T95/><D109/><U63/><E90/><V25/><F33/><W62/><G62/><T118/><D118/><U106/><E106/><V48/><F48/><W51/><G51/><T70/><D95/><U56/><E93/><V55/><F92/><W96/><G96/><T16/><D50/><U10/><E63/><V12/><F98/><W71/><G71/><T1/><D68/><U127/><E61/><V116/><F116/><W40/><G40/><T67/><D69/><U0/><E41/><V22/><F78/><W101/><N who="3" m="26112" /><DORA hai="31" /><W43/><G43/><T26/><D70/><U81/><E81/><V42/><F42/><W120/><G120/><T79/><D79/><U97/><E97/><V7/><F84/><W38/><G38/><T58/><D124/><U129/><E127/><V44/><F87/><W73/><G73/><T27/><D125/><RYUUKYOKU ba="0,1" sc="249,-10,248,-10,210,-10,283,30" hai3="14,19,59,60,66,74,77,83,112,114" />
</Scene>
<Scene>
<INIT seed="3,1,1,2,5,21" ten="239,238,200,313" oya="3" hai0="123,100,29,133,53,102,28,116,38,17,90,128,2" hai1="71,39,124,79,52,6,42,129,96,110,101,11,126" hai2="127,93,131,50,106,105,74,134,125,24,23,78,4" hai3="72,109,10,115,112,56,82,8,117,7,73,16,99"/><W15/><G117/><T47/><D116/><U67/><E110/><V119/><F119/><W69/><G69/><T33/><D123/><U86/><E129/><V32/><F131/><W41/><G109/><T62/><D2/><U85/><E67/><V91/><F32/><W48/><G99/><T98/><D128/><U121/><E71/><V30/><F4/><W111/><G111/><T1/><D1/><U66/><E66/><V118/><F118/><W13/><G82/><T83/><D133/><U108/><E108/><V49/><F134/><W43/><G56/><N who="0" m="35087" /><D38/><U122/><E42/><V84/><F78/><W103/><G103/><T64/><D64/><U20/><E39/><V37/><F74/><W3/><G3/><T57/><D47/><U25/><E122/><V94/><F37/><W81/><G81/><T97/><D33/><U51/><E121/><V75/><F75/><W31/><G31/><N who="0" m="11851" /><D57/><N who="1" m="32927" /><E79/><V70/><F70/><W59/><G59/><T0/><D0/><U61/><E61/><V114/><F114/><W5/><G48/><N who="2" m="18537" /><F94/><W135/><G135/><T14/><D98/><U68/><E68/><V58/><F58/><W77/><G77/><T46/><D46/><U60/><E60/><V107/><F107/><W19/><AGARI ba="1,1" hai="5,7,8,10,13,15,16,19,41,43,72,73,112,115" machi="19" ten="25,9600,0" yaku="0,1,22,2,54,1" doraHai="21" who="3" fromWho="3" sc="239,-33,238,-33,200,-33,313,109" />
</Scene>
<Scene>
<INIT seed="3,2,0,5,0,69" ten="206,205,167,422" oya="3" hai0="133,126,99,20,62,119,124,3,40,83,95,118,64" hai1="39,21,81,27,132,128,57,102,71,10,38,89,103" hai2="116,88,92,112,78,97,25,52,18,50,109,56,60" hai3="30,15,131,66,61,46,32,55,23,98,68,54,2"/><W28/><G2/><T80/><D3/><U31/><E71/><V26/><F116/><N who="0" m="44586" /><D20/><U93/><E132/><V82/><F109/><W44/><G32/><T58/><D40/><U48/><E128/><V108/><F108/><W121/><G131/><T117/><D133/><U115/><E115/><V75/><F112/><W33/><G33/><T29/><D29/><U135/><E135/><V9/><F9/><W130/><G130/><T43/><D43/><U65/><E81/><V110/><F110/><W123/><G15/><T86/><D86/><U5/><E103/><V36/><F36/><W90/><G23/><T34/><D34/><U14/><E102/><V77/><F77/><W94/><G28/><T7/><D7/><U106/><E106/><V120/><F120/><W114/><G30/><T122/><D122/><U53/><REACH who="1" step="1"/><E65/><REACH who="1" ten="206,195,167,422" step="2"/><V12/><REACH who="2" step="1"/><F60/><REACH who="2" ten="206,195,157,422" step="2"/><W107/><G114/><T85/><D117/><U87/><AGARI ba="2,2" hai="5,10,14,21,27,31,38,39,48,53,57,87,89,93" machi="87" ten="20,12000,2" yaku="1,1,2,1,0,1,7,1,52,2,53,0" doraHai="69" doraHaiUra="101" who="1" fromWho="1" sc="206,-32,195,146,157,-32,422,-62" />
</Scene>
<Scene>
<INIT seed="4,0,0,5,2,48" ten="174,341,125,360" oya="0" hai0="43,70,82,58,76,49,20,92,2,112,101,22,88" hai1="56,135,64,47,130,23,38,109,104,9,124,25,123" hai2="50,81,78,86,98,60,68,18,71,26,115,134,30" hai3="17,29,118,74,13,0,73,100,105,67,40,41,83"/><T131/><D70/><U94/><E104/><V87/><F134/><W37/><G0/><T80/><D2/><U1/><E123/><V5/><F115/><W113/><G113/><T35/><D35/><U8/><E109/><V7/><F98/><W132/><G118/><T15/><D112/><U95/><E124/><V106/><F106/><W117/><G132/><T110/><D110/><U107/><E107/><V127/><F127/><W84/><G117/><T79/><D131/><U39/><E135/><V32/><F50/><W11/><G29/><T55/><D101/><U51/><E130/><V6/><F60/><W27/><G27/><T10/><D43/><U12/><E39/><V3/><F3/><W59/><G37/><T89/><D89/><U44/><E38/><V128/><F128/><W77/><G100/><T36/><D36/><U31/><E47/><V62/><F62/><W90/><G105/><T61/><D61/><N who="1" m="37927" /><E1/><V45/><F45/><W72/><G67/><T91/><D91/><U103/><E103/><V57/><F57/><W34/><G59/><T116/><D116/><U28/><E28/><V69/><REACH who="2" step="1"/><F18/><REACH who="2" ten="174,341,115,360" step="2"/><W99/><G99/><N who="0" m="57735" /><D80/><U33/><E44/><V93/><F93/><W114/><G114/><T54/><D82/><U111/><E51/><V119/><F119/><W133/><G133/><T75/><D49/><U97/><E111/><V4/><N who="2" m="1024" /><DORA hai="126" /><V24/><F24/><W96/><G40/><T102/><D58/><U66/><E95/><V85/><AGARI ba="0,1" hai="26,30,32,68,69,71,78,81,85,86,87" m="1024" machi="85" ten="50,3200,0" yaku="1,1,0,1,53,0" doraHai="48,126" doraHaiUra="129,16" who="2" fromWho="2" sc="174,-16,341,-8,115,42,360,-8" />
</Scene>
<Scene>
<INIT seed="5,0,0,4,1,20" ten="158,333,157,352" oya="1" hai0="35,121,122,90,111,102,104,63,88,33,97,112,3" hai1="27,126,81,8,105,7,28,4,92,65,55,110,24" hai2="43,130,95,32,58,70,127,57,123,79,100,14,75" hai3="12,78,41,59,53,5,109,89,116,86,99,34,87"/><U74/><E105/><V68/><F123/><N who="0" m="47114" /><D111/><U48/><E110/><V2/><F32/><N who="0" m="12362" /><D3/><U134/><E134/><V61/><F2/><W39/><G34/><T56/><D112/><U0/><E126/><V18/><F127/><W125/><G109/><T103/><D103/><U44/><E7/><V54/><F130/><W128/><G5/><T113/><D113/><U118/><E28/><V15/><F43/><W132/><G41/><T31/><D31/><U22/><E118/><V67/><F15/><W101/><G12/><T71/><D71/><U38/><E22/><V60/><F75/><W114/><G114/><T135/><D135/><U1/><E1/><V6/><F79/><W133/><G78/><T84/><D84/><U51/><E38/><V62/><F6/><W72/><G39/><T46/><D46/><U52/><E65/><AGARI ba="0,0" hai="56,63,65,88,90,97,102,104" m="12362,47114" machi="65" ten="30,2000,0" yaku="13,1,54,1" doraHai="20" who="0" fromWho="1" sc="158,20,333,-20,157,0,352,0" />
</Scene>
<Scene>
<INIT seed="6,0,0,3,1,134" ten="178,313,157,352" oya="2" hai0="33,102,112,84,36,67,37,3,31,13,14,9,11" hai1="34,64,41,6,69,22,59,116,87,62,93,15,8" hai2="92,120,85,88,81,125,133,5,55,10,16,65,23" hai3="124,82,47,40,131,77,111,12,96,20,48,50,68"/><V38/><F120/><W100/><G68/><T35/><D67/><U123/><E34/><V26/><F133/><W90/><G131/><T71/><D71/><U113/><E116/><V27/><F38/><W132/><G132/><T121/><D3/><U130/><E113/><V52/><F125/><W127/><G111/><T106/><D121/><U101/><E130/><V53/><F65/><W107/><G90/><T57/><D112/><U18/><E123/><V72/><F72/><W25/><G12/><T70/><D70/><U7/><E41/><V19/><F19/><W80/><G48/><T39/><D57/><U32/><E32/><V60/><F60/><W122/><G122/><T115/><D115/><U98/><E69/><V29/><F81/><W51/><G51/><T4/><D31/><U58/><E58/><V42/><F42/><W117/><G117/><T28/><D28/><U97/><E87/><V43/><F43/><W44/><G44/><T46/><D46/><U45/><E45/><V1/><F55/><W128/><G128/><T109/><D109/><U21/><E98/><V104/><F104/><W56/><G56/><T30/><D30/><U83/><E83/><V129/><F129/><W63/><G63/><T89/><D102/><U74/><E74/><V110/><F110/><W78/><G82/><N who="0" m="49303" /><D106/><U94/><E94/><V76/><F76/><W99/><G99/><T108/><D108/><U49/><E49/><V79/><F79/><W91/><G78/><T103/><D103/><U126/><E126/><N who="3" m="48170" /><G77/><T119/><D119/><U105/><E105/><V2/><F2/><RYUUKYOKU ba="0,0" sc="178,10,313,10,157,10,352,-30" hai0="4,9,11,13,14,33,35,36,37,39" hai1="6,7,8,15,18,21,22,59,62,64,93,97,101" hai2="1,5,10,16,23,26,27,29,52,53,85,88,92" />
</Scene>
<Scene>
<INIT seed="6,1,0,1,2,123" ten="188,323,167,322" oya="2" hai0="28,103,94,118,111,56,79,50,106,10,63,26,58" hai1="54,9,132,53,117,105,100,83,45,80,18,44,135" hai2="0,76,114,34,125,13,128,126,36,59,61,21,113" hai3="119,95,133,19,93,78,131,23,85,96,75,22,86"/><V51/><F34/><W12/><G119/><T73/><D118/><U66/><E117/><V64/><F36/><W110/><G110/><T15/><D106/><U25/><E66/><V88/><F0/><W109/><G109/><T2/><D2/><U30/><E100/><V97/><F76/><W71/><G71/><T90/><D103/><U8/><E105/><V33/><F33/><W41/><G131/><T69/><D111/><U57/><E45/><V31/><F128/><W84/><G133/><N who="1" m="51274" /><E44/><V62/><F51/><W55/><G41/><T127/><D127/><N who="2" m="48650" /><F62/><W121/><G121/><T49/><D50/><N who="1" m="30903" /><E54/><V101/><F101/><W14/><G78/><T24/><D49/><U6/><E18/><N who="2" m="10447" /><F31/><W74/><G55/><T39/><D39/><U32/><E9/><V112/><F97/><W16/><G95/><T37/><D37/><U122/><E122/><V116/><F116/><W47/><G47/><T124/><D124/><U82/><E83/><V107/><F107/><W120/><G120/><T3/><D63/><U130/><E130/><V7/><F7/><W72/><G93/><T108/><D108/><U98/><E98/><AGARI ba="1,0" hai="12,14,16,19,22,23,72,74,75,84,85,86,96,98" machi="98" ten="50,3200,0" yaku="9,1,54,1" doraHai="123" who="3" fromWho="1" sc="188,0,323,-35,167,0,322,35" />
</Scene>
<Scene>
<INIT seed="7,0,0,1,4,106" ten="188,288,167,357" oya="3" hai0="26,98,113,104,107,40,92,131,100,38,125,35,22" hai1="19,67,133,62,89,11,81,17,117,3,60,111,79" hai2="10,58,74,52,80,112,13,42,123,85,43,84,97" hai3="76,20,69,65,12,96,86,63,71,56,129,132,135"/><W72/><G72/><T99/><D35/><U126/><E111/><V48/><F123/><W95/><G129/><T44/><D131/><U28/><E126/><V88/><F112/><W102/><G76/><T90/><D113/><U41/><E133/><N who="3" m="51274" /><G86/><T0/><D125/><U75/><E117/><V120/><F120/><W83/><G83/><T18/><D0/><U2/><E28/><V4/><F74/><W32/><G32/><T45/><D45/><U82/><E41/><V77/><F97/><W110/><G110/><T39/><D107/><U36/><E36/><AGARI ba="0,0" hai="18,22,26,36,38,39,40,44,90,92,98,99,100,104" machi="36" ten="30,1000,0" yaku="7,1" doraHai="106" who="0" fromWho="1" sc="188,10,288,-10,167,0,357,0" owari="198,-20.0,278,8.0,167,-33.0,357,45.0" />
</Scene>
</mjloggm>