<mjloggm ver="2.3"><GO type="169"/><UN n0="%E4%BD%90%E5%80%89%E7%B4%97%E7%B9%94" n1="%E6%AD%A6%E5%A3%AB%E6%B2%A2%E7%A7%80%E8%A1%8C" n2="%E3%81%AF%E3%82%89%E3%81%BA%E3%81%93%E3%83%AA%E3%82%B0%E3%83%AB" n3="%41%53%41%50%49%4E" dan="16,16,16,18" rate="2084,2173,2097,2227" sx="F,M,F,M"/><TAIKYOKU oya="0"/>

<Scene>
<INIT seed="0,0,0,4,4,60" ten="250,250,250,250" oya="0" hai0="127,114,16,111,48,84,70,81,95,23,61,29,92" hai1="17,90,96,62,86,50,54,11,135,44,75,43,131" hai2="118,97,128,124,82,85,126,105,33,18,93,42,64" hai3="1,87,66,120,21,68,9,10,74,107,88,72,117"/><T109/><D114/><U103/><E75/><V125/><F105/><W119/><G107/><T134/><D127/><U5/><E135/><V51/><F33/><W0/><G120/><T38/><D134/><U133/><E131/><V41/><F128/><W104/><G104/><T57/><D29/><U25/><E133/><V12/><F118/><W69/><G21/><T67/><D38/><U35/><E103/><N who="2" m="60847" /><F51/><W36/><G36/><T24/><D48/><U123/><E123/><V31/><F31/><W13/><G13/><T79/><REACH who="0" step="1"/><D70/><REACH who="0" ten="240,250,250,250" step="2"/><U71/><E71/><V102/><F124/><W58/><G69/><T99/><D99/><U22/><E35/><V6/><F125/><W56/><G68/><T19/><D19/><U8/><E96/><V73/><F18/><W30/><G30/><T65/><D65/><U55/><E62/><V4/><F64/><W26/><G66/><T76/><D76/><U83/><REACH who="1" step="1"/><E11/><REACH who="1" ten="240,240,250,250" step="2"/><V28/><F126/><W113/><G9/><T116/><D116/><U77/><E77/><V14/><F28/><W49/><G10/><T59/><D59/><U37/><E37/><V130/><F130/><W98/><G58/><T122/><D122/><U2/><AGARI ba="0,2" hai="2,5,8,17,22,25,43,44,50,54,55,83,86,90" machi="2" ten="20,2700,0" yaku="1,1,0,1,7,1,53,0" doraHai="60" doraHaiUra="52" who="1" fromWho="1" sc="240,-13,240,47,250,-7,250,-7" />
</Scene>
<Scene>
<INIT seed="1,0,0,3,0,59" ten="227,287,243,243" oya="1" hai0="115,28,51,50,37,101,56,29,93,132,113,47,109" hai1="38,87,90,62,107,86,25,65,133,122,124,104,15" hai2="2,100,23,96,66,74,60,99,53,11,75,39,63" hai3="135,84,49,76,32,119,34,126,95,45,103,92,69"/><U7/><E122/><V79/><F39/><W1/><G1/><T46/><D56/><U22/><E38/><V58/><F79/><W20/><G119/><T31/><D37/><U108/><E133/><V97/><F100/><W41/><G135/><T72/><D132/><U12/><E124/><V3/><F23/><W121/><G121/><T14/><D101/><U24/><E108/><V30/><F30/><W10/><G126/><T67/><D109/><U125/><E125/><V54/><F11/><W73/><G73/><T134/><D134/><U18/><E87/><V40/><F40/><W128/><G128/><T61/><D72/><N who="2" m="27690" /><F58/><W129/><G129/><T21/><D21/><U55/><E55/><N who="2" m="21003" /><F66/><W98/><G10/><T120/><D120/><U127/><E127/><V77/><F77/><W89/><G76/><T16/><D93/><U71/><E7/><V19/><F19/><W112/><G20/><T44/><D67/><U130/><E130/><V131/><F131/><W5/><G5/><T48/><D61/><AGARI ba="0,0" hai="2,3,60,61,63,96,97,99" m="21003,27690" machi="61" ten="40,8000,1" yaku="28,2,52,3" doraHai="59" who="2" fromWho="0" sc="227,-80,287,0,243,80,243,0" />
</Scene>
<Scene>
<INIT seed="2,0,0,2,2,9" ten="147,287,323,243" oya="2" hai0="103,122,108,89,73,114,128,104,33,10,76,121,91" hai1="95,93,75,107,60,55,125,41,19,11,34,38,37" hai2="28,56,1,112,67,32,59,129,131,35,118,79,51" hai3="57,58,44,127,102,18,83,115,68,49,15,27,124"/><V130/><F118/><W36/><G68/><T90/><D10/><U98/><E34/><V110/><F112/><W4/><G36/><T111/><D33/><U62/><E75/><V96/><F1/><W123/><G123/><N who="0" m="47115" /><D114/><U30/><E30/><V23/><F79/><W50/><G115/><T106/><D128/><U69/><E125/><N who="3" m="48202" /><G4/><T7/><D7/><U85/><E107/><N who="0" m="41001" /><D103/><U81/><E41/><V40/><F96/><W117/><G117/><T42/><D42/><U82/><E69/><V113/><F113/><W72/><G102/><T64/><D64/><U87/><E11/><V86/><F67/><W70/><G70/><T132/><D132/><U39/><E55/><V109/><F35/><W20/><G27/><T135/><D135/><U17/><E39/><V92/><F32/><W78/><G50/><T21/><D21/><U100/><E100/><V88/><F51/><W6/><G6/><T126/><D126/><U80/><E80/><AGARI ba="0,0" hai="73,76,80,89,90,91,108,111" m="41001,47115" machi="80" ten="40,2600,0" yaku="34,2" doraHai="9" who="0" fromWho="1" sc="147,26,287,-26,323,0,243,0" />
</Scene>
<Scene>
<INIT seed="3,0,0,3,4,1" ten="173,261,323,243" oya="3" hai0="53,131,102,52,119,88,45,17,118,77,37,44,111" hai1="39,109,25,113,71,29,35,5,106,117,34,79,90" hai2="55,114,82,21,66,104,62,127,19,15,87,13,6" hai3="126,99,110,50,98,43,122,123,9,14,135,115,38"/><W63/><G115/><T97/><D37/><U20/><E113/><V116/><F127/><W64/><G38/><T69/><D69/><U128/><E71/><V100/><F114/><W125/><G135/><T12/><D111/><U8/><E39/><V7/><F55/><W89/><G110/><T108/><D108/><U27/><E109/><V23/><F116/><W121/><G50/><T120/><D120/><U84/><E106/><V96/><F21/><W46/><G46/><T74/><D131/><U92/><E117/><V107/><F15/><W76/><G76/><T68/><D68/><U10/><E128/><V67/><F104/><W42/><G42/><T16/><D77/><U129/><E129/><V101/><F101/><W54/><G54/><T58/><D88/><U26/><E79/><V75/><F75/><W57/><G43/><T83/><D83/><U49/><E49/><V91/><F67/><W32/><G32/><T41/><D74/><U132/><E132/><V85/><F85/><W134/><G134/><T0/><D41/><U95/><E10/><V56/><AGARI ba="0,0" hai="6,7,13,19,23,56,62,66,82,87,91,96,100,107" machi="56" ten="20,5200,0" yaku="0,1,7,1,52,2" doraHai="1" who="2" fromWho="2" sc="173,-13,261,-13,323,52,243,-26" />
</Scene>
<Scene>
<INIT seed="4,0,0,2,5,41" ten="160,248,375,217" oya="0" hai0="87,129,89,24,117,5,43,40,55,122,46,62,125" hai1="65,112,98,28,53,30,21,111,10,31,72,76,17" hai2="56,4,15,22,99,38,135,60,128,16,115,34,103" hai3="100,39,77,83,49,88,96,79,59,18,51,63,93"/><T119/><D122/><U27/><E111/><V118/><F115/><W67/><G39/><T73/><D73/><U134/><E134/><V95/><F128/><W20/><G100/><T84/><D43/><U123/><E123/><V32/><F135/><W133/><G133/><T124/><D5/><U37/><E37/><V132/><F132/><W78/><REACH who="3" step="1"/><G83/><REACH who="3" ten="160,248,375,207" step="2"/><T113/><D87/><U108/><E112/><V8/><F38/><W91/><G91/><T66/><D84/><U86/><E108/><V71/><F118/><N who="0" m="45066" /><D89/><U81/><E72/><V82/><F82/><W7/><G7/><T58/><D113/><U110/><E110/><V50/><F4/><W52/><G52/><T102/><D102/><U57/><E65/><V33/><F103/><W97/><G97/><T120/><D120/><U109/><E109/><V74/><F99/><W90/><G90/><T42/><D24/><AGARI ba="0,1" hai="18,20,24,49,51,59,63,67,77,78,79,88,93,96" machi="24" ten="40,8000,1" yaku="1,1,8,1,54,1,53,1" doraHai="41" doraHaiUra="19" who="3" fromWho="0" sc="160,-80,248,0,375,0,207,90" />
</Scene>
<Scene>
<INIT seed="5,0,0,3,2,55" ten="80,248,375,297" oya="1" hai0="13,63,0,89,23,21,82,67,87,125,62,117,27" hai1="26,56,120,14,131,69,8,15,83,93,46,30,116" hai2="5,28,122,59,72,94,133,77,107,70,81,78,48" hai3="90,52,24,29,68,99,43,126,37,84,1,73,86"/><U76/><E131/><V79/><F70/><W22/><G73/><T12/><D0/><U109/><E69/><V110/><F107/><W6/><G68/><T101/><D117/><U102/><E120/><V106/><F106/><W91/><G126/><T44/><D125/><U97/><E116/><V118/><F133/><W39/><G99/><T65/><D101/><U47/><E109/><V74/><F110/><W3/><G43/><T49/><D23/><U108/><E108/><V105/><F105/><W61/><G3/><T45/><D45/><U104/><E104/><V51/><F122/><W50/><G61/><T38/><D38/><U85/><E56/><V31/><F5/><W123/><G123/><T130/><D130/><U53/><E53/><V40/><F78/><W19/><G29/><T103/><D103/><U64/><E64/><V60/><F40/><W4/><G1/><T134/><D134/><U2/><E2/><V127/><F127/><W41/><G39/><T16/><D63/><U34/><REACH who="1" step="1"/><E15/><REACH who="1" ten="80,238,375,297" step="2"/><V58/><F59/><N who="3" m="33175" /><G41/><T9/><D67/><U75/><E75/><V36/><F74/><W32/><G37/><T96/><D9/><U121/><E121/><V17/><F72/><W88/><G32/><T10/><D10/><U128/><E128/><V98/><F36/><W92/><G92/><T113/><D62/><U124/><E124/><V114/><F60/><W100/><G100/><T112/><D65/><U71/><E71/><V115/><F118/><W80/><G80/><T33/><D13/><U20/><E20/><V54/><F81/><W57/><G57/><RYUUKYOKU ba="0,1" sc="80,-15,238,15,375,-15,297,15" hai1="8,14,26,30,34,46,47,76,83,85,93,97,102" hai3="4,6,19,22,24,84,86,88,90,91" />
</Scene>
<Scene>
<INIT seed="5,1,1,5,0,28" ten="65,253,360,312" oya="1" hai0="21,130,115,65,7,35,134,40,123,63,126,22,124" hai1="5,105,44,133,17,132,19,39,112,24,83,18,27" hai2="113,16,128,64,93,20,46,96,9,116,59,118,107" hai3="0,15,131,49,109,92,104,60,32,8,48,12,91"/><U13/><E105/><V41/><F128/><W25/><G109/><T69/><D7/><U125/><E39/><V106/><F113/><W114/><G104/><T31/><D22/><U72/><E44/><V1/><F106/><W111/><G111/><T129/><D21/><U117/><E72/><V62/><F107/><W10/><G114/><T4/><D4/><U50/><E50/><V71/><F71/><W54/><G131/><N who="0" m="50187" /><D40/><U77/><E112/><V94/><F9/><N who="3" m="3691" /><G32/><T23/><D23/><U30/><E83/><V26/><F1/><W135/><G135/><N who="1" m="51786" /><E77/><V38/><REACH who="2" step="1"/><F93/><REACH who="2" ten="65,253,350,312" step="2"/><W6/><G92/><T11/><D134/><U53/><E117/><V68/><F68/><W73/><G0/><T29/><D115/><U76/><E5/><V57/><F57/><W120/><G6/><T100/><D123/><U99/><E13/><V66/><F66/><W87/><G120/><T36/><D36/><U81/><E19/><V88/><AGARI ba="1,2" hai="16,20,26,38,41,46,59,62,64,88,94,96,116,118" machi="88" ten="20,8000,1" yaku="1,1,0,1,7,1,54,2,53,0" doraHai="28" doraHaiUra="98" who="2" fromWho="2" sc="65,-21,253,-41,350,103,312,-21" />
</Scene>
<Scene>
<INIT seed="6,0,0,2,4,99" ten="44,212,453,291" oya="2" hai0="5,68,41,73,45,66,28,74,38,42,97,19,124" hai1="14,32,106,56,46,37,25,47,71,114,9,54,90" hai2="30,58,69,79,53,21,134,133,55,85,26,20,113" hai3="31,94,92,91,16,76,112,109,33,86,126,11,111"/><V116/><F113/><W119/><G119/><T128/><D19/><U24/><E71/><V100/><F69/><W23/><G112/><T107/><D5/><U4/><E114/><V59/><F100/><W49/><G126/><T89/><D89/><U18/><E106/><V7/><F7/><W52/><G76/><T95/><D95/><U118/><E118/><V51/><F116/><W13/><G92/><T88/><D88/><U8/><E37/><V122/><F122/><W102/><G102/><T130/><D42/><U103/><E103/><V77/><F85/><W3/><G33/><T0/><D124/><U22/><E90/><V62/><F20/><W115/><G115/><T135/><D135/><AGARI ba="0,0" hai="21,26,30,51,53,55,58,59,62,77,79,133,134,135" machi="135" ten="40,2000,0" yaku="20,1" doraHai="99" who="2" fromWho="0" sc="44,-20,212,0,453,20,291,0" />
</Scene>
<Scene>
<INIT seed="6,1,0,4,2,10" ten="24,212,473,291" oya="2" hai0="116,81,4,71,13,51,135,85,89,103,69,23,102" hai1="63,92,73,83,120,31,106,66,0,8,74,61,55" hai2="11,126,67,43,127,78,132,6,77,125,57,42,62" hai3="113,101,2,75,54,40,20,99,49,119,5,12,105"/><V128/><F132/><W65/><G119/><T123/><D51/><U94/><E106/><V70/><F70/><W86/><G75/><T68/><D23/><U33/><E120/><V90/><F90/><W87/><G2/><T14/><D123/><U107/><E107/><V15/><F128/><W45/><G113/><T50/><D50/><U3/><E55/><V111/><F111/><W91/><G65/><T24/><D24/><U97/><E31/><V35/><F35/><W46/><G91/><T82/><D116/><U109/><E33/><V36/><F36/><W117/><G117/><T118/><D118/><U88/><E109/><V29/><F29/><W25/><G5/><T72/><D4/><U41/><E41/><AGARI ba="1,0" hai="6,11,15,41,42,43,57,62,67,77,78,125,126,127" machi="41" ten="40,3900,0" yaku="18,1,52,1" doraHai="10" who="2" fromWho="1" sc="24,0,212,-42,473,42,291,0" />
</Scene>
<Scene>
<INIT seed="6,2,0,4,4,47" ten="24,170,515,291" oya="2" hai0="110,132,50,94,100,91,92,101,86,59,77,18,120" hai1="37,64,106,98,7,95,67,76,44,53,36,60,88" hai2="116,10,74,4,56,121,125,123,17,85,2,108,33" hai3="70,55,34,111,6,114,62,3,130,87,97,115,9"/><V104/><F74/><W75/><G75/><T71/><D120/><U117/><E106/><V30/><F104/><W61/><G111/><T131/><D110/><U35/><E35/><V79/><F108/><W40/><G34/><T54/><D132/><U15/><E117/><V135/><F135/><W11/><G130/><T103/><D131/><U14/><E76/><V1/><F1/><W93/><G87/><T13/><D71/><U81/><E81/><V69/><F69/><W66/><G40/><T58/><D77/><U5/><E36/><V42/><F125/><W80/><G80/><T26/><D26/><U24/><E24/><V72/><F72/><W124/><G124/><T21/><REACH who="0" step="1"/><D59/><REACH who="0" ten="14,170,515,291" step="2"/><U68/><E68/><V31/><F79/><W82/><G70/><T43/><D43/><U73/><E73/><V90/><F56/><W20/><G115/><T52/><D52/><U96/><E53/><V102/><F42/><W28/><G114/><T105/><D105/><U63/><E67/><V57/><F57/><W129/><G129/><T12/><D12/><U126/><E64/><V89/><F121/><W38/><G55/><T84/><D84/><U22/><E126/><V78/><F85/><W127/><G66/><T29/><D29/><U107/><E15/><V51/><F31/><W112/><G28/><T41/><D41/><U32/><E14/><V27/><F30/><W8/><G112/><T45/><D45/><U134/><E44/><V65/><F78/><W109/><G127/><T133/><D133/><U49/><E107/><V0/><F123/><W23/><G109/><RYUUKYOKU ba="2,1" sc="14,30,170,-10,515,-10,291,-10" hai0="13,18,21,50,54,58,86,91,92,94,100,101,103" />
</Scene>
<Scene>
<INIT seed="7,3,1,2,5,50" ten="44,160,505,281" oya="3" hai0="87,38,59,114,7,123,93,17,105,108,72,58,81" hai1="122,53,43,102,26,98,129,19,109,12,112,79,11" hai2="21,52,10,68,128,34,101,73,64,121,3,126,42" hai3="13,45,95,92,85,74,47,96,100,55,107,116,132"/><W46/><G116/><T135/><D105/><U2/><E122/><V77/><F42/><W130/><G74/><T14/><D93/><U27/><E112/><V37/><F37/><W69/><G69/><T86/><D87/><U5/><E129/><V89/><F64/><W8/><G130/><T131/><D86/><U51/><E109/><V71/><F77/><W91/><G132/><T80/><D59/><U111/><E43/><V56/><F73/><W24/><G24/><T103/><D58/><U0/><E79/><V48/><F34/><W104/><G104/><T97/><D81/><U61/><E61/><V29/><F29/><W54/><G107/><T41/><D80/><U23/><E111/><V99/><F68/><W70/><G70/><T124/><D103/><U63/><E63/><V39/><F39/><W66/><G66/><T15/><D97/><U127/><E127/><V62/><F126/><W18/><AGARI ba="3,1" hai="8,13,18,45,46,47,54,55,85,91,92,95,96,100" machi="18" ten="30,11700,0" yaku="0,1,8,1,52,2" doraHai="50" who="3" fromWho="3" sc="44,-42,160,-42,505,-42,281,136" />
</Scene>
<Scene>
<INIT seed="7,4,0,4,2,84" ten="2,118,463,417" oya="3" hai0="117,78,67,50,13,26,71,14,75,86,90,38,30" hai1="3,107,128,59,43,5,70,17,39,95,108,103,135" hai2="105,65,44,36,24,98,116,9,7,45,129,40,110" hai3="130,72,126,134,42,60,19,96,100,109,106,97,125"/><W115/><G72/><T11/><D50/><U53/><E108/><V63/><F129/><W94/><G130/><T51/><D67/><U81/><E135/><V74/><F74/><W6/><G109/><T2/><D51/><U56/><E128/><V127/><F127/><N who="3" m="48651" /><G134/><T82/><D14/><U22/><E70/><V68/><F116/><W55/><G6/><T46/><D13/><U83/><E107/><V113/><F113/><W77/><G77/><T101/><D26/><U73/><E5/><V49/><F24/><W114/><G42/><T123/><D11/><U131/><E3/><V47/><F110/><W102/><G19/><T85/><D46/><U12/><E131/><V104/><F98/><W119/><G55/><T4/><D71/><U1/><E1/><V41/><F45/><W23/><G23/><T27/><D27/><U91/><E43/><V0/><AGARI ba="4,0" hai="0,7,9,36,40,41,44,47,49,63,65,68,104,105" machi="0" ten="20,1500,0" yaku="0,1,7,1" doraHai="84" who="2" fromWho="2" sc="2,-8,118,-8,463,27,417,-11" owari="-6,-51.0,110,-29.0,490,59.0,406,21.0" />
</Scene>
</mjloggm>