<mjloggm ver="2.3"><GO type="169"/><UN n0="%6B%65%69%2E" n1="%67%6F%6F%64%62%79%65" n2="%41%53%41%50%49%4E" n3="%E3%81%A1%27%E3%82%93%E3%81%BD%E3%81%A3%E3%81%BD" dan="16,17,19,16" rate="2037,2150,2266,2079" sx="M,F,M,F"/><TAIKYOKU oya="0"/>

<Scene>
<INIT seed="0,0,0,2,0,34" ten="250,250,250,250" oya="0" hai0="112,13,103,31,111,128,92,24,73,20,63,4,49" hai1="40,25,67,113,52,110,10,80,91,47,81,35,60" hai2="57,42,77,53,117,50,15,78,22,116,96,86,16" hai3="54,32,123,114,85,79,119,126,65,41,29,106,3"/><T26/><D26/><U33/><BYE who="0" /><E113/><V8/><F42/><W94/><G119/><T84/><D84/><U2/><E110/><UN n0="%6B%65%69%2E" /><V48/><F48/><W68/><G123/><T43/><D73/><U121/><E121/><V133/><F133/><W118/><G118/><N who="2" m="45673" /><F86/><W56/><G106/><T30/><D112/><U125/><E125/><V135/><F135/><W1/><G114/><T107/><D107/><U130/><E130/><V21/><F96/><W59/><G41/><T5/><D111/><U100/><E100/><V109/><F109/><W90/><G126/><T74/><D74/><U102/><E102/><V95/><F95/><W122/><G122/><T44/><D63/><U115/><E115/><V76/><AGARI ba="0,0" hai="8,15,16,21,22,50,53,57,76,77,78" m="45673" machi="76" ten="30,2000,0" yaku="12,1,54,1" doraHai="34" who="2" fromWho="2" sc="250,-10,250,-5,250,20,250,-5" />
</Scene>
<Scene>
<INIT seed="1,0,0,3,5,98" ten="240,245,270,245" oya="1" hai0="53,37,67,96,25,45,120,123,47,113,64,105,30" hai1="18,74,78,59,44,11,8,35,95,34,122,116,43" hai2="3,12,100,2,20,89,119,62,73,90,14,66,22" hai3="55,38,88,126,85,86,84,71,50,103,36,132,112"/><U60/><E122/><N who="0" m="46633" /><D113/><U87/><E116/><V5/><F73/><W27/><G112/><T15/><D15/><U83/><E34/><V115/><F115/><W106/><G132/><T63/><D37/><U114/><E35/><V24/><F62/><W65/><G126/><T61/><D61/><U4/><E114/><V77/><F77/><W17/><G65/><N who="0" m="25163" /><D63/><U117/><E117/><V57/><F66/><W93/><G71/><T9/><D9/><U16/><E60/><V118/><F24/><W6/><G6/><T107/><D53/><U82/><E59/><V101/><F5/><W51/><G51/><T54/><D54/><U124/><E95/><V39/><F57/><W131/><G131/><T23/><D107/><U19/><E124/><V92/><F92/><W56/><G38/><AGARI ba="0,0" hai="2,3,12,14,20,22,38,39,89,90,100,101,118,119" machi="38" ten="25,6400,0" yaku="22,2,52,2" doraHai="98" who="2" fromWho="3" sc="240,0,245,0,270,64,245,-64" />
</Scene>
<Scene>
<INIT seed="2,0,0,0,4,76" ten="240,245,334,181" oya="2" hai0="12,16,5,113,81,85,109,58,68,71,35,65,39" hai1="15,86,120,44,92,105,107,20,95,121,94,126,84" hai2="27,66,6,47,102,41,9,29,103,1,90,91,104" hai3="54,111,133,70,55,19,123,69,49,108,117,75,74"/><V3/><F3/><W57/><G117/><T38/><D113/><U28/><E44/><V46/><F46/><W31/><G49/><T51/><D35/><U7/><E28/><V56/><F56/><W17/><G31/><T34/><D34/><U50/><E50/><V83/><F66/><W125/><G57/><T130/><D5/><U40/><E40/><V24/><F24/><W62/><G125/><T4/><D4/><U10/><E20/><V21/><F104/><W79/><G79/><T110/><D130/><U60/><E60/><V82/><F91/><W129/><G133/><T127/><D127/><U116/><E126/><V119/><F119/><W99/><G99/><T72/><D72/><U77/><E116/><V26/><F26/><W132/><G132/><T2/><D2/><U112/><E112/><V37/><REACH who="2" step="1"/><F90/><REACH who="2" ten="240,245,324,181" step="2"/><W128/><REACH who="3" step="1"/><G62/><REACH who="3" ten="240,245,324,171" step="2"/><N who="0" m="38103" /><D71/><U0/><E107/><V73/><F73/><W131/><G131/><T59/><D68/><U61/><E105/><V97/><F97/><W33/><G33/><T122/><D59/><U30/><E61/><V45/><F45/><W114/><G114/><T98/><D98/><U115/><E115/><V32/><F32/><W22/><G22/><T135/><D135/><U89/><E120/><AGARI ba="0,2" hai="17,19,54,55,69,70,74,75,108,111,120,123,128,129" machi="120" ten="25,3200,0" yaku="1,1,22,2,53,0" doraHai="76" doraHaiUra="8" who="3" fromWho="1" sc="240,0,245,-32,324,0,171,52" />
</Scene>
<Scene>
<INIT seed="3,0,0,2,4,25" ten="240,213,324,223" oya="3" hai0="24,98,22,97,107,39,2,66,9,119,69,14,101" hai1="0,1,34,128,65,42,80,68,55,26,18,61,58" hai2="95,127,74,72,23,5,48,31,32,71,131,19,116" hai3="121,11,110,111,82,21,38,13,90,81,57,134,36"/><W125/><G121/><T52/><D2/><U109/><E109/><N who="3" m="41482" /><G134/><T87/><D119/><U99/><E128/><V3/><F71/><W37/><G125/><T4/><D39/><U44/><E80/><N who="3" m="30826" /><G21/><T41/><D87/><U86/><E86/><V85/><F131/><W59/><G90/><T84/><D84/><U130/><E99/><V118/><F127/><W112/><G112/><T70/><D98/><U100/><E100/><V64/><F23/><W132/><G132/><T77/><D77/><U51/><E130/><V43/><F118/><W28/><G28/><T133/><D133/><U114/><E114/><V93/><F31/><W96/><G96/><T27/><D22/><U105/><E105/><V47/><F116/><W63/><G63/><T123/><D123/><U62/><E18/><AGARI ba="0,0" hai="11,13,18,36,37,38,57,59" m="30826,41482" machi="18" ten="40,3900,0" yaku="14,1,10,1" doraHai="25" who="3" fromWho="1" sc="240,0,213,-39,324,0,223,39" />
</Scene>
<Scene>
<INIT seed="3,1,0,3,5,25" ten="240,174,324,262" oya="3" hai0="15,80,51,23,115,124,131,62,71,1,14,19,135" hai1="37,90,88,78,10,105,106,79,87,110,4,24,96" hai2="120,133,128,99,69,29,81,3,0,13,55,84,72" hai3="21,95,58,68,7,107,44,111,122,64,108,86,22"/><W33/><G107/><T91/><D1/><U17/><E37/><V54/><F72/><W93/><G122/><T47/><D131/><U76/><E110/><N who="3" m="42026" /><G7/><T116/><D116/><U74/><E24/><V104/><F120/><W46/><G68/><T43/><D135/><U129/><E17/><V9/><F69/><W114/><G114/><T126/><D115/><U56/><E56/><V65/><F128/><W73/><G73/><T83/><D71/><U57/><E57/><V70/><F133/><W61/><G33/><T41/><D62/><U63/><E63/><V34/><F0/><W20/><G86/><T119/><D119/><U94/><E10/><V18/><F3/><W75/><G75/><T109/><D109/><U127/><E4/><V8/><F104/><N who="1" m="40041" /><E129/><V45/><F70/><W134/><G134/><T5/><D43/><U125/><E74/><V36/><F84/><W32/><G32/><T132/><D132/><U113/><E113/><V31/><F34/><W92/><AGARI ba="1,0" hai="20,21,22,44,46,58,61,64,92,93,95" m="42026" machi="92" ten="40,3900,0" yaku="14,1,10,1" doraHai="25" who="3" fromWho="3" sc="240,-14,174,-14,324,-14,262,42" />
</Scene>
<Scene>
<INIT seed="3,2,0,0,0,106" ten="226,160,310,304" oya="3" hai0="13,28,124,19,96,49,43,134,77,69,39,103,67" hai1="66,32,118,98,102,100,114,44,111,25,29,14,56" hai2="35,4,38,71,54,46,5,12,130,99,121,17,40" hai3="125,11,21,128,7,88,64,73,115,15,122,60,83"/><W59/><G122/><T34/><D39/><U90/><E114/><V101/><F121/><W126/><G115/><T78/><D134/><U85/><E118/><V127/><F130/><W81/><G128/><T94/><D124/><N who="3" m="47721" /><G21/><T63/><D28/><U57/><E111/><V36/><F127/><W48/><G48/><T97/><D34/><U123/><E123/><V58/><F71/><W10/><G11/><T113/><D113/><U120/><E120/><V87/><F35/><W104/><G104/><T41/><D97/><U135/><E135/><V129/><F36/><W33/><G33/><T76/><REACH who="0" step="1"/><D49/><REACH who="0" ten="216,160,310,304" step="2"/><U52/><E98/><V72/><F99/><W24/><G24/><T80/><D80/><N who="1" m="49447" /><E25/><V0/><F38/><W37/><G37/><T109/><D109/><U93/><E29/><V105/><F129/><W95/><G81/><T131/><D131/><U23/><E32/><V117/><F117/><W92/><G83/><T116/><D116/><U9/><E102/><V133/><F101/><W51/><G51/><T2/><D2/><U50/><E100/><V62/><F0/><W6/><G15/><T27/><D27/><U53/><E14/><V26/><F12/><W30/><G30/><T22/><AGARI ba="2,1" hai="13,19,22,41,43,63,67,69,76,77,78,94,96,103" machi="22" ten="30,8000,1" yaku="1,1,0,1,53,3" doraHai="106" doraHaiUra="74" who="0" fromWho="0" sc="216,96,160,-22,310,-22,304,-42" />
</Scene>
<Scene>
<INIT seed="4,0,0,3,2,85" ten="312,138,288,262" oya="0" hai0="102,15,133,48,41,115,122,86,50,25,16,100,30" hai1="80,21,95,9,40,134,120,91,13,94,90,76,73" hai2="72,52,101,116,131,84,31,118,28,119,62,36,78" hai3="130,1,110,5,43,12,14,6,99,69,117,20,4"/><T109/><D122/><U104/><E120/><V18/><F36/><W68/><G117/><T65/><D133/><U3/><E134/><V26/><F72/><W81/><G110/><T58/><D109/><U135/><E135/><V67/><F131/><W89/><G130/><T49/><D41/><U29/><E104/><V108/><F108/><W61/><G43/><T27/><D115/><U47/><E3/><V125/><F125/><W2/><G61/><N who="0" m="38071" /><D86/><U75/><E75/><V38/><F38/><W127/><G127/><T92/><D30/><U24/><E95/><V59/><F101/><N who="0" m="39018" /><D92/><U56/><E94/><V57/><F78/><W98/><G20/><AGARI ba="0,0" hai="15,16,20,25,27,48,49,50" m="39018,38071" machi="20" ten="30,2900,0" yaku="8,1,54,1" doraHai="85" who="0" fromWho="3" sc="312,29,138,0,288,0,262,-29" />
</Scene>
<Scene>
<INIT seed="4,1,0,3,3,113" ten="341,138,288,233" oya="0" hai0="130,26,22,51,63,123,46,78,7,132,99,129,135" hai1="23,65,84,4,77,34,3,57,92,83,101,33,41" hai2="73,30,87,131,25,16,18,111,75,5,95,110,56" hai3="27,72,62,31,74,116,12,104,103,61,1,96,91"/><T127/><D123/><U86/><E3/><V28/><F131/><N who="0" m="50186" /><D7/><U58/><E4/><V60/><F5/><W0/><G116/><T36/><D36/><U98/><E33/><V133/><F133/><N who="0" m="51274" /><D78/><U8/><E34/><V128/><F128/><W20/><G12/><T15/><D15/><U52/><E41/><V53/><F95/><W2/><REACH who="3" step="1"/><G91/><REACH who="3" ten="341,138,288,223" step="2"/><T120/><D120/><U45/><E8/><V112/><F110/><W24/><G24/><T69/><D127/><U89/><E89/><V121/><F111/><W76/><G76/><T67/><D26/><U109/><E77/><V6/><F25/><W38/><G38/><T119/><D119/><U114/><E109/><V81/><F121/><W21/><G21/><T115/><D22/><U134/><E23/><V124/><F124/><W55/><G55/><N who="0" m="30199" /><D115/><U64/><E114/><V85/><F112/><W47/><G47/><T43/><D43/><U14/><E45/><V125/><F125/><W44/><G44/><T102/><D102/><U11/><E134/><V9/><F9/><W79/><G79/><T126/><D126/><U88/><E11/><V94/><F73/><AGARI ba="1,1" hai="0,1,2,20,27,31,61,62,72,73,74,96,103,104" machi="73" ten="50,1600,0" yaku="1,1,53,0" doraHai="113" doraHaiUra="118" who="3" fromWho="2" sc="341,0,138,0,288,-19,223,29" />
</Scene>
<Scene>
<INIT seed="5,0,0,3,5,20" ten="341,138,269,252" oya="1" hai0="24,63,44,3,5,78,100,7,119,104,11,35,4" hai1="105,129,116,96,71,103,75,82,94,70,53,18,101" hai2="67,32,98,54,48,49,113,19,81,64,25,93,14" hai3="65,110,106,122,132,86,36,2,47,115,135,97,128"/><U77/><E116/><V80/><F113/><W38/><G65/><N who="2" m="25161" /><F32/><W68/><G86/><T120/><D119/><U33/><E33/><V28/><F28/><W42/><G97/><T73/><D120/><U27/><E129/><V55/><F25/><W107/><G47/><T1/><D1/><U58/><E105/><V61/><F61/><W102/><G102/><T79/><D79/><U114/><E103/><N who="2" m="60879" /><F49/><W121/><G42/><T127/><D127/><U22/><REACH who="1" step="1"/><E114/><REACH who="1" ten="341,128,269,252" step="2"/><V112/><F112/><W126/><G107/><T37/><D104/><U84/><E84/><V87/><F87/><W85/><G85/><T23/><D35/><U76/><E76/><V118/><F118/><W21/><G122/><T57/><D100/><U51/><AGARI ba="0,1" hai="18,22,27,51,53,58,70,71,75,77,82,94,96,101" machi="51" ten="20,12000,1" yaku="1,1,0,1,7,1,52,1,53,1" doraHai="20" doraHaiUra="74" who="1" fromWho="1" sc="341,-40,128,130,269,-40,252,-40" />
</Scene>
<Scene>
<INIT seed="5,1,0,3,2,93" ten="301,258,229,212" oya="1" hai0="129,58,113,63,118,90,38,27,73,135,7,104,126" hai1="91,76,96,71,84,92,56,39,78,65,130,133,41" hai2="80,107,105,36,121,32,111,122,14,26,106,79,47" hai3="37,15,103,25,108,31,2,97,132,33,66,101,70"/><U88/><E71/><V30/><F111/><W23/><G108/><T5/><D118/><U11/><E133/><V59/><F59/><W98/><G132/><T67/><D135/><U134/><E134/><V109/><F14/><W75/><G75/><T82/><D38/><U8/><E130/><V85/><REACH who="2" step="1"/><F109/><REACH who="2" ten="301,258,219,212" step="2"/><W44/><G2/><T29/><D129/><U35/><E56/><V42/><AGARI ba="1,1" hai="26,30,32,36,42,47,79,80,85,105,106,107,121,122" machi="42" ten="40,8000,1" yaku="1,1,2,1,0,1,53,1" doraHai="93" doraHaiUra="77" who="2" fromWho="2" sc="301,-21,258,-41,219,93,212,-21" />
</Scene>
<Scene>
<INIT seed="6,0,0,5,1,108" ten="280,217,312,191" oya="2" hai0="35,93,45,17,96,114,11,2,90,132,115,22,69" hai1="99,1,28,41,106,78,7,71,27,125,110,70,42" hai2="92,12,79,52,133,57,131,87,112,3,103,13,5" hai3="54,44,60,6,43,58,91,31,18,83,38,61,49"/><V95/><F131/><W75/><G31/><T24/><D35/><U66/><E110/><V117/><F117/><W88/><G6/><T50/><D69/><U85/><E125/><V81/><F133/><W30/><G30/><T98/><D132/><U97/><E71/><V20/><F112/><N who="0" m="43050" /><D11/><U36/><E99/><N who="2" m="59879" /><F3/><W64/><G18/><T94/><D2/><U55/><E1/><V65/><F65/><W74/><G61/><T48/><D45/><U135/><E66/><V127/><F127/><W124/><G124/><T118/><D118/><U107/><E70/><V101/><F5/><W77/><REACH who="3" step="1"/><G75/><REACH who="3" ten="280,217,312,181" step="2"/><T113/><D113/><U25/><E135/><V68/><F20/><W82/><G82/><T134/><D134/><U46/><E28/><V16/><F16/><W120/><G120/><T53/><D53/><U33/><E55/><V80/><F80/><W56/><AGARI ba="0,1" hai="38,43,44,49,54,56,58,60,64,74,77,83,88,91" machi="56" ten="20,5200,0" yaku="1,1,0,1,7,1,54,1,53,0" doraHai="108" doraHaiUra="128" who="3" fromWho="3" sc="280,-13,217,-13,312,-26,181,62" />
</Scene>
<Scene>
<INIT seed="7,0,0,5,1,133" ten="267,204,286,243" oya="3" hai0="33,45,25,68,20,43,39,102,85,89,63,108,70" hai1="84,79,14,105,119,56,6,19,101,123,110,66,53" hai2="7,118,75,10,27,130,82,104,92,31,32,129,30" hai3="128,97,69,98,91,120,1,76,106,86,83,57,17"/><W12/><G120/><T51/><D33/><U35/><E123/><V23/><F118/><W65/><G69/><T22/><D108/><U49/><E110/><V125/><F104/><W41/><G1/><T58/><D102/><U80/><E35/><V73/><F92/><W0/><G0/><T24/><D39/><U52/><E119/><V37/><F37/><W100/><G41/><T90/><D90/><U94/><E105/><V4/><F23/><W132/><G132/><T61/><D61/><N who="1" m="38183" /><E6/><V26/><F32/><W77/><G128/><T18/><D63/><U135/><E135/><V88/><F88/><W48/><G98/><T121/><D58/><U59/><E53/><V122/><F122/><W134/><G134/><T38/><D38/><U34/><E34/><V71/><F82/><W115/><G115/><T113/><D113/><U40/><E40/><V109/><F109/><W126/><G65/><T2/><D2/><U36/><E36/><V64/><F64/><W127/><G57/><T131/><D131/><U74/><E74/><V29/><F29/><W112/><G48/><T99/><D121/><U8/><E94/><V96/><F71/><W93/><G112/><T116/><D116/><U124/><E101/><V81/><F81/><W67/><G67/><T60/><D60/><U62/><E49/><V28/><F28/><W47/><G47/><T21/><D70/><U72/><E72/><V46/><F46/><W55/><G55/><T13/><D68/><U9/><E9/><V54/><F54/><W87/><G77/><T114/><D114/><U111/><E111/><RYUUKYOKU ba="0,0" sc="267,-15,204,15,286,-15,243,15" hai1="8,14,19,52,59,62,79,80,84,124" hai3="12,17,76,83,86,87,91,93,97,100,106,126,127" />
</Scene>
<Scene>
<INIT seed="7,1,0,1,3,26" ten="252,219,271,258" oya="3" hai0="121,13,93,18,96,53,55,104,130,64,81,99,127" hai1="76,23,28,51,59,86,82,40,50,60,56,32,69" hai2="41,22,9,80,57,30,17,46,97,126,98,84,33" hai3="94,58,36,45,95,77,134,118,83,15,78,54,34"/><W12/><G118/><T131/><D121/><U14/><E32/><V79/><F126/><W1/><G1/><T111/><D111/><U5/><E69/><V20/><F57/><N who="1" m="22089" /><E60/><V75/><F75/><W3/><G3/><T49/><D64/><U65/><E65/><V29/><F9/><W68/><G68/><T73/><D104/><U103/><E103/><V39/><F22/><W19/><G34/><T21/><D127/><U72/><E72/><V124/><F124/><W113/><G134/><T105/><D105/><U110/><E110/><V129/><F129/><N who="0" m="49162" /><D93/><U135/><E135/><V85/><F85/><W87/><G113/><T0/><D0/><U112/><E112/><V25/><REACH who="2" step="1"/><F30/><REACH who="2" ten="252,219,261,258" step="2"/><W37/><G58/><T27/><D73/><U66/><E66/><V109/><F109/><W132/><G87/><T7/><D21/><U90/><E28/><V70/><F70/><W31/><G31/><T117/><D117/><U10/><E23/><V88/><F88/><W71/><G71/><T35/><D35/><U91/><E91/><V6/><F6/><W133/><G132/><T11/><D7/><U108/><E108/><V89/><F89/><W61/><G133/><T74/><D74/><U47/><E90/><V42/><F42/><W125/><G125/><T120/><D11/><U8/><E8/><V102/><F102/><W119/><G119/><T48/><D55/><U43/><E40/><V106/><F106/><W67/><G54/><T122/><D53/><U16/><E5/><V92/><F92/><W44/><G95/><T52/><D52/><U2/><E2/><RYUUKYOKU ba="1,1" sc="252,-15,219,15,261,15,258,-15" hai1="10,14,16,43,47,50,51,76,82,86" hai2="17,20,25,29,33,39,41,46,79,80,84,97,98" />
</Scene>
<Scene>
<INIT seed="8,2,1,1,0,86" ten="237,234,276,243" oya="0" hai0="88,50,16,8,9,125,21,59,113,11,67,14,33" hai1="47,35,131,65,0,10,134,103,44,46,117,48,75" hai2="115,51,78,23,91,114,56,66,3,37,18,28,38" hai3="57,116,36,132,99,79,76,129,89,42,127,39,94"/><T133/><D113/><U128/><E75/><V84/><F3/><W124/><G129/><N who="1" m="49738" /><E35/><V7/><F7/><W52/><G116/><T73/><D33/><U40/><E117/><V22/><F78/><N who="3" m="29739" /><G42/><T27/><D73/><U112/><E112/><V12/><F66/><W120/><G132/><T108/><D133/><U31/><E31/><V34/><F34/><W41/><G41/><T4/><D108/><U30/><E30/><V104/><F104/><W13/><G13/><T60/><D125/><N who="3" m="48201" /><G120/><T24/><D24/><U32/><E32/><V119/><F119/><W85/><G85/><T29/><D29/><U17/><E65/><V58/><F115/><W126/><N who="3" m="48209" /><W69/><DORA hai="61" /><G69/><T121/><D121/><U70/><E70/><V2/><F114/><W53/><G53/><T111/><D111/><U97/><E134/><V55/><F28/><W83/><G83/><T98/><D50/><AGARI ba="2,1" hai="36,39,50,52,57,89,94,99" m="48209,29739" machi="50" ten="40,5200,0" yaku="18,1,52,1,54,1" doraHai="86,61" who="3" fromWho="0" sc="237,-58,234,0,276,0,243,68" owari="179,-32.0,234,-17.0,276,8.0,311,41.0" />
</Scene>
</mjloggm>