<mjloggm ver="2.3"><GO type="169" lobby="0"/><UN n0="%4D%61%52%63%48" n1="%73%61%77%6C%79" n2="%41%53%41%50%49%4E" n3="%E4%B8%83%E3%83%84%E7%9B%AE%E7%8E%89" dan="16,17,19,16" rate="2075,2242,2250,2181" sx="M,M,M,M"/><TAIKYOKU oya="0"/>

<Scene>
<INIT seed="0,0,0,5,2,67" ten="250,250,250,250" oya="0" hai0="37,109,11,120,99,117,57,38,30,23,105,123,39" hai1="115,113,45,89,27,106,102,55,66,80,97,65,46" hai2="1,22,3,110,62,51,94,60,118,122,69,87,4" hai3="68,64,133,108,116,41,0,40,84,52,112,130,72"/><T29/><D117/><U58/><E27/><V71/><F122/><W56/><G72/><T101/><D11/><U103/><E80/><V12/><F118/><W74/><G74/><T43/><D43/><U13/><E89/><V63/><F110/><W17/><G0/><T86/><D86/><U134/><E134/><V18/><F51/><N who="3" m="30751" /><G17/><T96/><D99/><U20/><E103/><V111/><F111/><W85/><G84/><T79/><D79/><U59/><E13/><V2/><REACH who="2" step="1"/><F4/><REACH who="2" ten="250,250,240,250" step="2"/><W104/><G108/><T21/><D109/><U33/><E115/><V132/><F132/><W19/><G112/><T15/><D120/><U78/><E113/><V127/><F127/><W98/><G133/><T76/><D123/><U83/><E66/><V16/><F16/><W129/><G19/><T50/><D30/><U95/><E65/><V24/><F24/><W92/><G64/><T36/><D29/><U9/><E33/><V128/><F128/><W35/><G129/><T14/><D76/><U82/><E78/><V75/><F75/><W54/><G130/><T34/><D34/><U77/><E77/><V81/><F81/><W100/><G35/><T107/><D107/><U93/><E83/><V47/><F47/><W90/><G116/><T44/><D44/><U114/><E82/><V131/><F131/><W25/><G25/><T88/><D105/><U8/><E106/><V31/><F31/><W32/><G32/><T126/><D126/><U119/><E119/><V48/><F48/><W28/><G28/><T6/><N who="0" m="9216" /><DORA hai="73" /><T5/><D50/><U70/><E114/><RYUUKYOKU ba="0,1" sc="250,-10,250,-10,240,30,250,-10" hai2="1,2,3,12,18,22,60,62,63,69,71,87,94" />
</Scene>
<Scene>
<INIT seed="1,1,1,4,1,45" ten="240,240,270,240" oya="1" hai0="5,60,33,103,9,89,55,8,81,58,23,126,69" hai1="123,76,14,94,91,102,135,98,120,121,7,59,125" hai2="51,87,70,53,104,82,108,88,109,83,131,127,118" hai3="101,95,17,25,65,27,106,80,78,57,75,28,129"/><U134/><E7/><V132/><F118/><W46/><G106/><T72/><D33/><U67/><E67/><V122/><F122/><W38/><G129/><T107/><D69/><U4/><E4/><V79/><F104/><W97/><G17/><T15/><D126/><U52/><E14/><V3/><F3/><W96/><G96/><T61/><D8/><U112/><E112/><V0/><F0/><W74/><G74/><T10/><D10/><U133/><E76/><V124/><F70/><W18/><G18/><T30/><D103/><U40/><E40/><V86/><F131/><W50/><G38/><T31/><D107/><U12/><E12/><V71/><F71/><W20/><G27/><N who="0" m="16767" /><D31/><U85/><E125/><N who="2" m="48203" /><F132/><W77/><G80/><T93/><D81/><U113/><E113/><V68/><F68/><W47/><G75/><T111/><D111/><U32/><E32/><V42/><F42/><N who="3" m="24919" /><G47/><AGARI ba="1,1" hai="47,51,53,79,82,83,86,87,88,108,109" m="48203" machi="47" ten="30,3900,0" yaku="18,1,52,1,54,1" doraHai="45" who="2" fromWho="3" sc="240,0,240,0,270,52,240,-42" />
</Scene>
<Scene>
<INIT seed="2,0,0,4,0,50" ten="240,240,322,198" oya="2" hai0="57,126,14,105,109,41,130,55,48,53,101,99,135" hai1="18,58,103,68,76,62,66,39,74,115,65,56,118" hai2="79,49,113,121,85,8,52,116,63,0,60,132,92" hai3="94,2,5,45,3,89,119,13,37,40,107,54,82"/><V1/><F113/><W77/><G107/><T96/><D109/><U133/><E115/><V47/><F116/><W59/><G119/><T30/><D30/><U123/><E133/><V125/><F121/><W64/><G64/><T111/><D111/><U87/><E118/><V12/><F132/><W97/><G13/><T122/><D122/><U42/><E123/><V93/><F125/><W72/><REACH who="3" step="1"/><G5/><REACH who="3" ten="240,240,322,188" step="2"/><T46/><D135/><U33/><E66/><V88/><F1/><W27/><G27/><T104/><D126/><U129/><E65/><V6/><F0/><W10/><G10/><T112/><D112/><U117/><E117/><V106/><F106/><W84/><G84/><T120/><D120/><U7/><E87/><N who="2" m="52255" /><F93/><W98/><G98/><T70/><D130/><U67/><E67/><V90/><F90/><W19/><G19/><T38/><D70/><U24/><E18/><V100/><F100/><W15/><G15/><T36/><D14/><U17/><E103/><V29/><F29/><W16/><G16/><T31/><D31/><U95/><E17/><V73/><F73/><W28/><G28/><T108/><D108/><U25/><E95/><V51/><F85/><W43/><G43/><T34/><D41/><U20/><E42/><N who="2" m="24823" /><F79/><W124/><G124/><T134/><D134/><U21/><E76/><V9/><F9/><W91/><G91/><T83/><D104/><U102/><E102/><V69/><F69/><W44/><G44/><AGARI ba="0,1" hai="6,8,12,44,51,52,60,63" m="24823,52255" machi="44" ten="30,11600,0" yaku="8,1,52,1,54,2" doraHai="50" who="2" fromWho="3" sc="240,0,240,0,322,126,188,-116" />
</Scene>
<Scene>
<INIT seed="2,1,0,0,5,27" ten="240,240,448,72" oya="2" hai0="77,96,124,83,93,12,102,101,94,34,97,104,39" hai1="49,109,112,30,37,63,133,128,75,76,44,89,32" hai2="40,129,68,121,107,115,117,62,52,51,61,33,5" hai3="91,17,134,19,111,25,86,84,100,50,15,28,55"/><V46/><F107/><W59/><G111/><T0/><D39/><U79/><E109/><V103/><F103/><W95/><G134/><T45/><D0/><U123/><E133/><V122/><F33/><W74/><G74/><T57/><D34/><U119/><E119/><V21/><F5/><W106/><G86/><T99/><D45/><U36/><E112/><V71/><F21/><W20/><REACH who="3" step="1"/><G15/><REACH who="3" ten="240,240,448,62" step="2"/><T110/><D12/><U10/><E75/><V130/><F115/><W66/><G66/><T131/><D110/><U78/><E123/><N who="2" m="47115" /><F117/><W81/><G81/><T41/><D131/><N who="2" m="50186" /><F40/><W108/><G108/><T18/><D41/><U58/><E128/><V9/><F9/><W64/><G64/><T43/><D43/><U38/><E10/><V24/><F24/><W113/><G113/><T6/><D83/><U7/><E38/><V90/><F90/><W56/><G56/><T85/><D85/><U23/><E37/><V80/><F80/><W16/><G16/><T60/><D18/><U26/><E36/><V105/><F105/><W118/><G118/><T127/><D77/><U35/><E89/><V54/><F54/><W82/><G82/><T67/><REACH who="0" step="1"/><D6/><REACH who="0" ten="230,240,448,62" step="2"/><U42/><REACH who="1" step="1"/><E7/><REACH who="1" ten="230,230,448,62" step="2"/><V48/><F46/><W47/><G47/><T14/><D14/><U132/><E132/><V29/><F68/><W120/><G120/><T73/><D73/><U4/><E4/><V69/><F71/><W87/><G87/><T53/><D53/><AGARI ba="1,3" hai="23,26,30,32,35,42,44,49,53,58,63,76,78,79" machi="53" ten="40,8000,1" yaku="1,1,52,1,53,3" doraHai="27" doraHaiUra="72" who="1" fromWho="0" sc="230,-83,230,113,448,0,62,0" />
</Scene>
<Scene>
<INIT seed="3,0,0,2,2,92" ten="147,343,448,62" oya="3" hai0="56,121,130,96,7,24,18,91,45,88,66,120,123" hai1="77,110,85,30,50,87,16,102,46,25,49,3,37" hai2="72,105,11,74,44,57,19,41,17,131,108,54,75" hai3="114,63,134,71,34,0,103,133,95,61,118,112,15"/><W81/><G0/><T68/><D68/><U132/><E110/><V47/><F108/><W2/><G2/><T32/><D130/><U101/><E3/><V33/><F33/><W36/><G118/><T127/><D45/><U21/><E37/><V86/><F131/><W38/><G34/><T76/><D7/><U73/><E73/><V52/><F105/><W83/><G15/><T126/><D76/><U117/><E117/><V90/><F44/><W129/><G129/><T29/><D18/><U94/><E132/><N who="3" m="50794" /><G95/><N who="0" m="56423" /><D91/><U122/><E122/><V125/><F125/><N who="0" m="47626" /><D56/><U78/><E78/><V93/><F11/><W67/><G103/><T62/><D62/><N who="3" m="23561" /><G71/><T89/><D89/><U6/><E101/><V99/><F90/><W64/><G38/><T65/><AGARI ba="0,0" hai="24,29,32,65,66,120,121,123" m="47626,56423" machi="65" ten="40,5200,0" yaku="18,1,52,1,54,1" doraHai="92" who="0" fromWho="0" sc="147,52,343,-13,448,-13,62,-26" />
</Scene>
<Scene>
<INIT seed="4,0,0,5,3,72" ten="199,330,435,36" oya="0" hai0="63,44,64,120,68,55,24,74,10,33,117,35,49" hai1="54,78,9,53,19,60,41,50,30,115,81,25,85" hai2="133,100,131,40,39,28,34,66,75,47,87,122,5" hai3="58,21,118,71,103,13,127,56,114,83,43,20,107"/><T98/><D120/><U93/><E115/><V132/><F122/><W70/><G118/><T76/><D117/><U111/><E111/><V11/><F75/><W91/><G114/><T69/><D68/><U59/><E41/><V42/><F131/><W6/><G43/><T62/><D63/><U18/><E93/><V92/><F42/><W38/><G38/><T16/><D98/><U7/><E30/><V128/><F128/><W29/><G107/><T79/><D74/><U31/><E7/><V116/><F116/><W57/><G103/><T82/><D82/><U121/><E9/><V46/><F46/><W8/><G127/><T109/><D109/><U130/><E130/><V102/><F66/><W27/><REACH who="3" step="1"/><G21/><REACH who="3" ten="199,330,435,26" step="2"/><T51/><D35/><U48/><E121/><V90/><F34/><W23/><G23/><T94/><D33/><U112/><E112/><V80/><F102/><W17/><G17/><T97/><D51/><U0/><E50/><V110/><F110/><W95/><G95/><T45/><D45/><U86/><E48/><V65/><F92/><W2/><G2/><T22/><REACH who="0" step="1"/><D10/><REACH who="0" ten="189,330,435,26" step="2"/><U61/><E61/><V73/><F11/><W106/><G106/><T3/><D3/><U52/><E0/><V4/><F47/><W84/><AGARI ba="0,2" hai="6,8,13,20,27,29,56,57,58,70,71,83,84,91" machi="84" ten="30,2000,0" yaku="1,1,0,1,53,0" doraHai="72" doraHaiUra="113" who="3" fromWho="3" sc="189,-10,330,-5,435,-5,26,40" />
</Scene>
<Scene>
<INIT seed="5,0,0,0,5,102" ten="179,325,430,66" oya="1" hai0="76,104,124,78,28,96,112,29,15,31,86,24,6" hai1="44,45,25,63,122,95,2,17,130,100,37,21,47" hai2="0,43,81,83,12,108,1,36,114,3,103,89,30" hai3="68,67,91,13,32,127,20,105,134,10,113,82,4"/><U110/><E122/><V59/><F108/><W51/><G32/><T75/><D75/><U70/><E2/><V107/><F114/><W74/><G113/><T53/><D124/><U40/><E130/><V111/><F111/><W48/><G127/><T84/><D112/><U120/><E120/><V69/><F69/><W126/><G126/><T22/><D84/><U66/><REACH who="1" step="1"/><E110/><REACH who="1" ten="179,315,430,66" step="2"/><V101/><F0/><W38/><G134/><T98/><D15/><U92/><E92/><V121/><F12/><W87/><G13/><T65/><D24/><U42/><E42/><V71/><F43/><W57/><G4/><T77/><D6/><U94/><E94/><V79/><F3/><W64/><G82/><T128/><D128/><U135/><E135/><V62/><F83/><W118/><G118/><T72/><D72/><U23/><E23/><V49/><F81/><W8/><G20/><T55/><D22/><U18/><E18/><V26/><F1/><W132/><G74/><T46/><D86/><U54/><E54/><V90/><F121/><W125/><G87/><T33/><D33/><U34/><E34/><V131/><F131/><W115/><G125/><T9/><D9/><U27/><E27/><V7/><F26/><W52/><G8/><T97/><D65/><U106/><E106/><V60/><F107/><W119/><G10/><T61/><D104/><U41/><E41/><V129/><F7/><W123/><G105/><T93/><D93/><U58/><E58/><V5/><F5/><W50/><G123/><T56/><D46/><U80/><E80/><V133/><F129/><RYUUKYOKU ba="0,1" sc="179,15,315,15,430,-15,66,-15" hai0="28,29,31,53,55,56,61,76,77,78,96,97,98" hai1="17,21,25,37,40,44,45,47,63,66,70,95,100" />
</Scene>
<Scene>
<INIT seed="5,1,1,5,3,88" ten="194,330,415,51" oya="1" hai0="6,65,35,42,55,56,37,29,61,3,27,36,98" hai1="45,90,73,104,20,51,99,80,74,87,17,1,28" hai2="111,122,119,125,135,18,97,49,43,117,53,93,54" hai3="33,92,132,82,60,46,131,2,68,89,91,67,57"/><U31/><E1/><V38/><F111/><W126/><G2/><T50/><D3/><U66/><E66/><V16/><F122/><W123/><G123/><T133/><D6/><U10/><E10/><V81/><F135/><W34/><G132/><T103/><D133/><U7/><E7/><V127/><F81/><W110/><G110/><T79/><D79/><U13/><E73/><V94/><F43/><W128/><G126/><N who="2" m="48137" /><F38/><W63/><G46/><T0/><D42/><U109/><E74/><V14/><F53/><N who="3" m="33839" /><G82/><T114/><D114/><U12/><E109/><V113/><F113/><W26/><G26/><T95/><REACH who="0" step="1"/><D0/><REACH who="0" ten="184,330,415,51" step="2"/><U71/><E71/><AGARI ba="1,2" hai="27,29,35,36,37,50,55,56,61,65,71,95,98,103" machi="71" ten="30,7700,0" yaku="1,1,2,1,7,1,52,1,53,0" doraHai="88" doraHaiUra="72" who="0" fromWho="1" sc="184,100,330,-80,415,0,51,0" />
</Scene>
<Scene>
<INIT seed="6,0,0,4,4,6" ten="284,250,415,51" oya="2" hai0="114,82,88,106,117,63,59,42,83,18,65,108,39" hai1="105,92,53,60,35,72,46,124,20,31,68,33,112" hai2="4,107,57,12,77,64,9,26,62,38,122,123,56" hai3="71,58,50,51,129,23,80,52,47,99,134,21,94"/><V120/><F107/><W90/><G129/><T113/><D106/><U43/><E105/><V75/><F38/><W1/><G134/><T97/><D117/><U66/><E72/><V49/><F75/><W73/><G71/><T84/><D108/><U89/><E112/><N who="0" m="43113" /><D97/><U3/><E3/><V36/><F36/><W115/><G115/><T34/><D34/><U48/><E124/><V85/><F26/><W14/><G1/><T2/><D2/><U5/><E5/><V100/><F100/><W118/><G118/><T67/><D18/><U28/><E20/><V102/><F102/><W61/><G51/><T17/><D17/><U91/><E91/><V81/><REACH who="2" step="1"/><F49/><REACH who="2" ten="284,250,405,51" step="2"/><W55/><REACH who="3" step="1"/><G14/><REACH who="3" ten="284,250,405,41" step="2"/><T29/><D39/><U16/><E48/><V15/><F15/><W121/><G121/><T8/><D63/><U101/><E60/><V19/><F19/><W87/><G87/><T0/><D84/><U74/><E16/><V10/><F10/><W125/><G125/><T45/><D8/><U103/><E74/><V7/><F7/><W128/><G128/><T104/><D0/><U119/><E119/><V127/><F127/><W32/><G32/><T76/><D104/><U54/><E33/><V79/><F79/><AGARI ba="0,2" hai="21,23,47,50,52,55,58,61,73,79,80,90,94,99" machi="79" ten="40,2600,0" yaku="1,1,54,1,53,0" doraHai="6" doraHaiUra="22" who="3" fromWho="2" sc="284,0,250,0,405,-26,41,46" />
</Scene>
<Scene>
<INIT seed="7,0,0,2,3,12" ten="284,250,379,87" oya="3" hai0="111,22,94,89,119,53,49,100,56,1,84,63,76" hai1="23,59,108,8,26,65,68,77,33,110,38,114,28" hai2="133,18,130,105,90,34,101,75,88,40,74,71,92" hai3="102,20,122,115,54,93,31,57,58,128,109,29,131"/><W5/><G122/><T117/><D1/><U32/><E38/><V70/><F34/><W120/><G120/><T78/><D111/><U112/><E77/><V103/><F40/><W9/><G109/><N who="1" m="42090" /><E59/><V2/><F130/><N who="3" m="49707" /><G115/><N who="1" m="44074" /><E65/><V11/><F133/><W62/><G20/><T39/><D39/><U17/><E68/><V118/><F118/><W0/><G58/><T121/><D121/><U81/><E81/><V50/><F71/><W67/><G67/><T104/><D104/><U48/><E48/><V116/><F50/><W91/><G102/><T25/><D100/><U98/><E98/><AGARI ba="0,0" hai="0,5,9,29,31,54,57,62,91,93,98" m="49707" machi="98" ten="30,1500,0" yaku="19,1" doraHai="12" who="3" fromWho="1" sc="284,0,250,-15,379,0,87,15" />
</Scene>
<Scene>
<INIT seed="7,1,0,1,1,52" ten="284,235,379,102" oya="3" hai0="5,44,97,131,67,43,19,96,118,33,16,23,126" hai1="129,105,41,8,103,12,3,112,28,135,31,130,76" hai2="9,120,27,69,51,40,17,55,6,1,53,79,39" hai3="113,29,88,132,56,62,121,116,54,80,57,85,108"/><W74/><G116/><T104/><D118/><U91/><E76/><V101/><F69/><W86/><G121/><T110/><D110/><U20/><E41/><V11/><F120/><W81/><G108/><T10/><D33/><U90/><E103/><V124/><F124/><W59/><G74/><T93/><D126/><U77/><E77/><V14/><F101/><W133/><G29/><N who="1" m="11338" /><E105/><V65/><F27/><W15/><G113/><T70/><D104/><U82/><E112/><V13/><F55/><W73/><G73/><T68/><D67/><U7/><E82/><V35/><F35/><W134/><G15/><T115/><D115/><U37/><E37/><V122/><F122/><W87/><G87/><T36/><D97/><U84/><E84/><V102/><F102/><W83/><G81/><T111/><D111/><U89/><E135/><V38/><F40/><W47/><G47/><T58/><D68/><U107/><E107/><V60/><F14/><W92/><G92/><T45/><D70/><U49/><E49/><V95/><F95/><W72/><G72/><T119/><D119/><U94/><E20/><V2/><F79/><AGARI ba="1,0" hai="54,56,57,59,62,79,80,83,85,86,88,132,133,134" machi="79" ten="40,12000,1" yaku="20,1,52,3,54,1" doraHai="52" who="3" fromWho="2" sc="284,0,235,0,379,-123,102,123" />
</Scene>
<Scene>
<INIT seed="7,2,0,4,4,35" ten="284,235,256,225" oya="3" hai0="19,7,74,64,120,9,98,12,128,96,28,55,56" hai1="77,115,116,68,88,40,111,87,103,47,94,5,2" hai2="39,21,104,1,82,83,73,49,67,131,16,112,29" hai3="61,110,72,132,42,134,75,43,6,79,65,34,109"/><W22/><G34/><T133/><D74/><N who="3" m="28201" /><G79/><T3/><D128/><U101/><E68/><V26/><F39/><W76/><G76/><T121/><D133/><N who="3" m="51305" /><G22/><T30/><D64/><U81/><E116/><V54/><F104/><W51/><G6/><T66/><D66/><U113/><E111/><N who="3" m="42506" /><G51/><T84/><D121/><U123/><E123/><V63/><F73/><W33/><G33/><T18/><D120/><U127/><E77/><V8/><F131/><W135/><N who="3" m="51313" /><W71/><AGARI ba="2,0" hai="42,43,61,65,71" m="42506,51313,28201" machi="71" ten="50,9600,0" yaku="4,1,20,1,10,1" doraHai="35" who="3" fromWho="3" sc="284,-34,235,-34,256,-34,225,102" owari="250,5.0,201,-30.0,222,-18.0,327,43.0" />
</Scene>
</mjloggm>