<mjloggm ver="2.3"><GO type="169" lobby="0"/><UN n0="%41%53%41%50%49%4E" n1="%61%62%61%6E%74%65%73" n2="%E6%9D%B1%E5%8D%97" n3="%E3%83%AA%E3%83%BB%E3%82%B7%E3%83%A3%E3%82%AA%E3%83%A9%E3%83%B3" dan="18,16,17,16" rate="2264.52,2107.78,2177.30,2063.48" sx="M,M,M,F"/><TAIKYOKU oya="0"/>

<Scene>
<INIT seed="0,0,0,0,2,49" ten="250,250,250,250" oya="0" hai0="23,82,44,108,0,38,102,113,128,87,123,76,6" hai1="83,97,20,126,73,132,122,68,125,93,24,74,16" hai2="22,35,34,10,27,57,31,55,96,66,117,69,3" hai3="103,119,47,99,40,114,43,50,37,25,15,14,62"/><T42/><D113/><U30/><E122/><V54/><F117/><W33/><G119/><T48/><D123/><U95/><E68/><V88/><F69/><W18/><G114/><T129/><D108/><U104/><E104/><V59/><F66/><W1/><G1/><T115/><D115/><U111/><E111/><V67/><F67/><W92/><G37/><T110/><D110/><U124/><E132/><V112/><F112/><W36/><G36/><T72/><D102/><N who="1" m="60719" /><E95/><N who="2" m="56423" /><F34/><W58/><G43/><T56/><D23/><N who="1" m="15647" /><E83/><V21/><F35/><W29/><REACH who="3" step="1"/><G18/><REACH who="3" ten="250,250,250,240" step="2"/><T75/><D0/><U45/><E45/><V77/><F3/><W94/><G94/><T121/><D121/><U109/><E109/><V53/><F10/><W116/><G116/><T51/><D38/><U13/><AGARI ba="0,1" hai="13,16,20,73,74,124,125,126" m="15647,60719" machi="13" ten="30,2000,0" yaku="18,1,54,1" doraHai="49" who="1" fromWho="1" sc="250,-10,250,30,250,-5,240,-5" />
</Scene>
<Scene>
<INIT seed="1,0,0,1,4,6" ten="240,280,245,235" oya="1" hai0="131,8,73,60,67,127,124,82,86,90,103,48,39" hai1="128,35,133,18,51,101,97,78,72,9,54,59,4" hai2="104,30,109,26,69,135,115,19,49,79,12,55,64" hai3="22,70,107,68,108,27,20,132,23,75,110,17,13"/><U58/><E35/><V56/><F104/><W36/><G107/><T88/><D39/><U57/><E133/><V100/><F135/><W95/><G132/><T31/><D131/><U87/><E72/><V5/><F100/><W80/><G36/><T85/><D73/><U37/><E37/><V126/><F79/><N who="3" m="44159" /><G95/><T89/><D103/><U14/><E128/><V102/><F102/><W99/><G99/><T52/><D31/><U38/><E38/><V105/><F105/><W118/><G118/><T83/><D90/><U84/><E4/><V10/><F115/><W106/><G106/><T114/><D8/><U7/><E7/><V43/><F43/><W41/><G41/><T45/><REACH who="0" step="1"/><D114/><REACH who="0" ten="230,280,245,235" step="2"/><U32/><E32/><V65/><F126/><W94/><G23/><T24/><D24/><U44/><E78/><V76/><F76/><W0/><G22/><T66/><D66/><U53/><E101/><V61/><F65/><W40/><G27/><T29/><D29/><U91/><E91/><V96/><F96/><W120/><G20/><T93/><D93/><U34/><E97/><V81/><F81/><W119/><G94/><T50/><D50/><N who="1" m="28871" /><E34/><V129/><F129/><W11/><G11/><T1/><D1/><U71/><E87/><V116/><F30/><W92/><G92/><T33/><D33/><U112/><E84/><V15/><F26/><W123/><G0/><T47/><D47/><N who="1" m="28031" /><E112/><V62/><F5/><W42/><G13/><T111/><D111/><U74/><E74/><V46/><F109/><W117/><G110/><T63/><D63/><U2/><E2/><RYUUKYOKU ba="0,1" sc="230,15,280,15,245,-15,235,-15" hai0="45,48,52,60,67,82,83,85,86,88,89,124,127" hai1="9,14,18,57,58,59,71" />
</Scene>
<Scene>
<INIT seed="1,1,1,4,4,48" ten="245,295,230,220" oya="1" hai0="39,93,86,126,128,104,77,6,35,91,78,87,119" hai1="73,84,61,72,5,88,64,90,94,62,58,131,30" hai2="15,31,36,95,74,60,38,33,123,40,34,10,97" hai3="98,17,0,45,63,111,22,2,70,23,7,115,102"/><U121/><E121/><V133/><F123/><W109/><G115/><T28/><D119/><U50/><E131/><V1/><F74/><W127/><G127/><T16/><D104/><U43/><E30/><V42/><F1/><W101/><G101/><T68/><D68/><U69/><E5/><V120/><F120/><W116/><G116/><T134/><D39/><U129/><E129/><V80/><F80/><W107/><G23/><T24/><D126/><U20/><E20/><V41/><F60/><W65/><G45/><T100/><D100/><U59/><E90/><V51/><F133/><W110/><REACH who="3" step="1"/><G7/><REACH who="3" ten="245,295,230,210" step="2"/><T79/><D6/><U108/><E108/><V112/><F112/><W29/><G29/><T11/><D128/><U25/><E25/><AGARI ba="1,2" hai="0,2,17,22,25,63,65,70,98,102,107,109,110,111" machi="25" ten="40,2600,0" yaku="1,1,14,1,53,0" doraHai="48" doraHaiUra="124" who="3" fromWho="1" sc="245,0,295,-29,230,0,210,49" />
</Scene>
<Scene>
<INIT seed="2,0,0,2,2,4" ten="245,266,230,259" oya="2" hai0="37,100,31,61,8,17,125,92,130,27,29,68,134" hai1="63,30,80,12,79,97,73,25,19,23,115,54,103" hai2="35,102,67,91,10,106,62,24,87,89,122,2,120" hai3="5,43,9,88,55,41,129,13,74,121,124,1,26"/><V11/><F2/><W111/><G121/><T32/><D37/><U113/><E54/><V81/><F91/><W76/><G111/><T127/><D130/><U77/><E77/><V45/><F45/><W70/><G70/><T72/><D72/><U96/><E63/><V105/><F122/><W128/><G74/><T33/><D134/><U90/><E90/><V40/><F40/><W0/><G76/><T65/><D92/><U118/><E118/><V6/><F6/><W36/><G124/><T47/><D47/><U49/><E49/><V126/><F120/><W56/><G26/><T93/><D93/><U15/><E15/><V94/><F94/><W84/><G0/><T104/><D31/><U7/><E7/><V53/><F53/><W22/><G22/><T3/><D33/><U107/><REACH who="1" step="1"/><E97/><REACH who="1" ten="245,256,230,259" step="2"/><V117/><F117/><W34/><G1/><T14/><D3/><U78/><E78/><V66/><F126/><W108/><G5/><T59/><REACH who="0" step="1"/><D59/><REACH who="0" ten="235,256,230,259" step="2"/><U51/><E51/><V98/><F106/><W52/><G56/><T50/><D50/><U75/><E75/><V110/><F110/><W83/><G108/><T132/><D132/><U112/><E112/><V48/><F48/><W39/><G39/><T99/><AGARI ba="0,2" hai="8,14,17,27,29,32,61,65,68,99,100,104,125,127" machi="99" ten="30,8000,1" yaku="1,1,0,1,25,2,52,1,53,0" doraHai="4" doraHaiUra="119" who="0" fromWho="0" sc="235,100,256,-20,230,-40,259,-20" />
</Scene>
<Scene>
<INIT seed="3,0,0,3,0,45" ten="335,236,190,239" oya="3" hai0="124,107,109,68,89,57,94,70,13,119,44,40,84" hai1="81,72,15,120,36,83,104,0,74,18,58,63,125" hai2="28,52,30,128,130,122,14,17,9,66,75,129,20" hai3="99,112,35,82,88,47,86,131,2,62,115,31,101"/><W71/><G2/><T1/><D119/><U73/><E120/><V118/><F75/><W67/><G131/><T123/><D123/><U77/><E0/><V92/><F122/><W48/><G31/><T106/><D1/><U114/><E114/><V61/><F118/><W12/><G35/><T19/><D109/><U80/><E36/><V90/><F9/><W110/><G110/><T133/><D133/><U126/><E104/><V34/><F34/><W51/><G12/><T76/><D124/><N who="1" m="47723" /><E77/><V60/><F60/><W53/><REACH who="3" step="1"/><G48/><REACH who="3" ten="335,236,190,229" step="2"/><T7/><D13/><U33/><E33/><V108/><F108/><W96/><G96/><T134/><D134/><U113/><E113/><V32/><F32/><W25/><G25/><T4/><D4/><U8/><E74/><V117/><F117/><W105/><AGARI ba="0,1" hai="47,51,53,62,67,71,82,86,88,99,101,105,112,115" machi="105" ten="20,12000,1" yaku="1,1,0,1,7,1,52,1,54,1,53,0" doraHai="45" doraHaiUra="135" who="3" fromWho="3" sc="335,-40,236,-40,190,-40,229,130" />
</Scene>
<Scene>
<INIT seed="3,1,0,3,4,107" ten="295,196,150,359" oya="3" hai0="95,93,132,4,91,85,102,45,105,34,14,108,33" hai1="8,89,75,99,92,68,128,22,0,39,70,76,83" hai2="117,111,71,52,78,1,9,47,88,130,72,66,50" hai3="94,86,40,62,42,125,63,61,135,6,65,69,84"/><W77/><G135/><T74/><D132/><U35/><E35/><V11/><F117/><W106/><G106/><T53/><D108/><U60/><E128/><V59/><F111/><W118/><G118/><T98/><D74/><U123/><E123/><V82/><F130/><W110/><G110/><T36/><D4/><U119/><E119/><V32/><F32/><W126/><G6/><T101/><D14/><U129/><E129/><V100/><F100/><W55/><G77/><T5/><D5/><U58/><E39/><V127/><F127/><N who="3" m="48651" /><G94/><T57/><D102/><U134/><E134/><V81/><F71/><N who="3" m="42415" /><G86/><T30/><D30/><U27/><E8/><V73/><F1/><W120/><G84/><T79/><D79/><U121/><E0/><V67/><F88/><W56/><G120/><T87/><D87/><U12/><E12/><V23/><F82/><W48/><G69/><T49/><D105/><U104/><E104/><V10/><F73/><W19/><G19/><T113/><D113/><U51/><E121/><V13/><F23/><W44/><G40/><T131/><D131/><U16/><E70/><V97/><F97/><W17/><G17/><T29/><D29/><U41/><E68/><V54/><REACH who="2" step="1"/><F13/><REACH who="2" ten="295,196,140,359" step="2"/><W3/><G3/><T26/><D34/><U7/><E75/><V28/><F28/><W112/><G112/><T38/><D33/><U124/><E124/><V43/><F43/><W2/><G2/><T96/><D96/><U37/><E41/><V20/><F20/><W24/><G24/><T31/><D26/><U18/><E27/><V116/><F116/><RYUUKYOKU ba="1,1" sc="295,-15,196,-15,140,15,359,15" hai2="9,10,11,47,50,52,54,59,66,67,72,78,81" hai3="42,44,48,55,56,62,63" />
</Scene>
<Scene>
<INIT seed="3,2,1,5,4,27" ten="280,181,155,374" oya="3" hai0="51,73,100,37,42,44,99,94,74,68,69,60,132" hai1="122,95,105,92,5,45,67,21,134,77,41,13,59" hai2="43,16,66,116,36,54,40,96,79,52,120,101,15" hai3="129,32,86,18,128,124,98,23,4,78,135,112,28"/><W65/><G112/><T89/><D132/><U55/><E105/><V75/><F116/><W110/><G135/><T108/><D108/><U107/><E107/><V121/><F66/><W127/><G65/><T131/><D131/><N who="3" m="50249" /><G110/><T22/><D60/><U29/><E134/><V82/><F36/><W111/><G111/><T115/><D115/><U118/><E118/><V87/><F75/><W2/><G98/><T133/><D133/><U90/><E122/><V50/><F54/><W91/><G78/><T57/><D74/><U8/><E77/><V117/><F117/><W62/><G62/><T123/><D73/><U84/><E67/><V20/><F120/><W72/><G72/><T33/><D33/><U39/><E92/><N who="2" m="58503" /><F121/><W26/><G4/><T119/><D119/><U85/><E85/><V103/><F103/><W38/><G38/><T61/><D123/><U71/><E71/><V125/><F125/><W97/><G97/><T31/><D37/><U25/><E55/><V106/><F106/><W102/><G102/><T49/><D49/><U0/><REACH who="1" step="1"/><E59/><AGARI ba="2,1" hai="15,16,20,40,43,50,52,59,79,82,87" m="58503" machi="59" ten="30,3900,0" yaku="8,1,54,2" doraHai="27" who="2" fromWho="1" sc="280,0,181,-45,155,55,374,0" />
</Scene>
<Scene>
<INIT seed="4,0,0,3,1,42" ten="280,136,210,374" oya="0" hai0="121,76,11,102,134,20,129,50,72,99,45,73,85" hai1="91,119,122,58,123,56,84,15,27,46,25,21,7" hai2="0,54,80,64,16,104,60,78,130,41,86,81,31" hai3="40,115,120,14,107,92,108,75,10,100,98,59,69"/><T29/><D121/><U43/><E119/><V124/><F104/><W97/><G108/><T22/><D129/><U83/><E123/><V103/><F130/><W13/><G120/><T66/><D134/><U95/><E122/><V39/><F0/><W79/><G69/><T19/><D66/><U88/><E7/><V23/><F103/><W90/><G115/><T36/><D36/><U113/><E15/><V62/><F31/><W87/><G40/><T34/><D34/><U57/><E113/><V2/><F2/><W106/><G59/><T126/><D126/><U35/><E35/><V116/><F124/><W109/><G109/><T71/><D71/><U12/><E12/><V26/><F116/><W96/><G14/><T128/><D11/><U6/><E6/><V32/><F32/><W117/><G117/><T63/><D63/><U93/><E21/><V135/><F135/><W118/><G118/><T3/><D3/><U9/><E9/><V111/><F111/><W4/><G107/><N who="0" m="63967" /><D29/><U70/><E70/><V18/><F18/><W82/><AGARI ba="0,0" hai="4,10,13,75,79,82,87,90,92,96,97,98,100,106" machi="82" ten="30,4000,0" yaku="0,1,24,2" doraHai="42" who="3" fromWho="3" sc="280,-20,136,-10,210,-10,374,40" />
</Scene>
<Scene>
<INIT seed="5,0,0,5,3,49" ten="260,126,200,414" oya="1" hai0="70,87,25,53,118,14,108,24,28,4,18,67,16" hai1="36,94,89,19,95,50,71,39,90,65,78,97,64" hai2="54,52,7,33,23,91,61,122,59,101,80,112,85" hai3="13,96,109,8,115,99,113,43,41,44,132,82,34"/><U42/><E78/><V20/><F33/><W55/><G109/><T15/><D108/><U133/><E133/><V21/><F122/><W17/><G34/><T100/><D118/><U47/><E19/><V92/><F112/><N who="3" m="43083" /><G132/><T84/><D100/><U135/><E135/><V38/><F38/><W125/><G125/><T103/><D103/><U134/><E134/><V120/><F120/><W60/><G82/><T12/><D4/><U127/><E127/><V0/><F0/><W10/><G10/><T46/><D67/><U81/><E81/><V27/><F7/><W56/><G43/><T88/><D70/><U2/><E2/><V77/><F101/><W62/><G62/><T45/><D45/><U73/><E73/><V86/><REACH who="2" step="1"/><F54/><REACH who="2" ten="260,126,190,414" step="2"/><W128/><G128/><T116/><D53/><U131/><E131/><V74/><F74/><W63/><G60/><T117/><D117/><U105/><E105/><V114/><F114/><W3/><G3/><T57/><D116/><U75/><E75/><V104/><F104/><W29/><G63/><T106/><D106/><U119/><E119/><V72/><F72/><W9/><G55/><T1/><D1/><U35/><E35/><V31/><AGARI ba="0,1" hai="20,21,23,27,31,52,59,61,77,80,85,86,91,92" machi="31" ten="20,12000,2" yaku="1,1,0,1,7,1,8,1,52,1,54,1,53,0" doraHai="49" doraHaiUra="6" who="2" fromWho="2" sc="260,-30,126,-60,190,130,414,-30" />
</Scene>
<Scene>
<INIT seed="6,0,0,0,0,16" ten="230,66,320,384" oya="2" hai0="54,55,65,106,68,44,122,33,45,130,6,86,116" hai1="112,5,4,34,96,59,93,14,108,20,92,21,67" hai2="15,105,94,121,72,113,134,79,76,41,88,23,120" hai3="74,75,43,104,8,133,102,57,18,56,17,28,0"/><V10/><F105/><W26/><G43/><T19/><D106/><U1/><E108/><V66/><F134/><W11/><G104/><T64/><D33/><U73/><E34/><V27/><F113/><W81/><G102/><T24/><D122/><U3/><E73/><V117/><F117/><W89/><G133/><T111/><D111/><U60/><E112/><V98/><F66/><W13/><G0/><T58/><D130/><U32/><E32/><V85/><F72/><W51/><G75/><T42/><D6/><U80/><E80/><V50/><F121/><W103/><G103/><T53/><D86/><U39/><E39/><V82/><F120/><W61/><G74/><T99/><D99/><U12/><E96/><V2/><F2/><W9/><G51/><N who="0" m="29031" /><D19/><N who="3" m="7177" /><G13/><T109/><D24/><U87/><E67/><N who="0" m="25673" /><D109/><U52/><E87/><V118/><F118/><W125/><G26/><T7/><D7/><N who="1" m="2635" /><E3/><V46/><F15/><N who="1" m="5673" /><E1/><V124/><F124/><W35/><G35/><T77/><D116/><U47/><E47/><V38/><F38/><W90/><G125/><T131/><D131/><U63/><E63/><V110/><F110/><W70/><G61/><N who="0" m="36047" /><D68/><U107/><E107/><V123/><F123/><W83/><G70/><T84/><D84/><U101/><E101/><N who="2" m="60631" /><F10/><W29/><G8/><T31/><D45/><U37/><E37/><V78/><F76/><W135/><G9/><T91/><D77/><U119/><E119/><V115/><F115/><W22/><G11/><T36/><D36/><U126/><E126/><V132/><F132/><W128/><G135/><T71/><D71/><RYUUKYOKU ba="0,0" sc="230,-15,66,15,320,15,384,-15" hai1="20,21,52,59,60,92,93" hai2="23,27,41,46,50,78,79,82,85,88" />
</Scene>
<Scene>
<INIT seed="6,1,0,2,1,70" ten="215,81,335,369" oya="2" hai0="5,72,33,21,53,114,118,50,78,129,73,10,128" hai1="80,89,43,2,95,44,115,25,67,54,92,103,66" hai2="63,116,26,101,48,134,58,47,84,40,76,79,77" hai3="117,130,34,45,31,87,97,24,62,60,102,6,107"/><V93/><F116/><W11/><G130/><N who="0" m="50283" /><D33/><U108/><E108/><V56/><F134/><W106/><G117/><T127/><D118/><U135/><E2/><V4/><F4/><W46/><G107/><T51/><D114/><U65/><E115/><V91/><F101/><W7/><G7/><T41/><D127/><U30/><E135/><V14/><F14/><W81/><G62/><T15/><D78/><U120/><E120/><V23/><REACH who="2" step="1"/><F63/><REACH who="2" ten="215,81,325,369" step="2"/><W74/><G60/><T82/><D15/><U132/><E132/><V96/><F96/><W17/><G6/><T19/><D5/><U36/><E103/><V0/><F0/><W28/><G97/><T123/><D123/><U133/><E133/><V122/><F122/><W29/><G102/><T68/><D68/><U109/><E109/><V38/><F38/><W119/><G119/><T42/><D51/><U20/><REACH who="1" step="1"/><E54/><REACH who="1" ten="215,71,325,369" step="2"/><V9/><F9/><W52/><G11/><T64/><D10/><U35/><E35/><V3/><F3/><W121/><G52/><T61/><D53/><U88/><E88/><V16/><AGARI ba="1,2" hai="16,23,26,40,47,48,56,58,76,77,79,84,91,93" machi="16" ten="30,11700,0" yaku="1,1,0,1,8,1,54,1,53,0" doraHai="70" doraHaiUra="1" who="2" fromWho="2" sc="215,-40,71,-40,325,140,369,-40" />
</Scene>
<Scene>
<INIT seed="6,2,0,1,1,65" ten="175,31,465,329" oya="2" hai0="121,20,33,8,122,48,30,133,2,94,88,51,54" hai1="134,117,114,66,53,35,27,83,97,71,110,98,105" hai2="115,39,36,113,38,124,87,69,101,68,40,129,26" hai3="44,118,62,21,9,127,73,125,17,95,132,58,64"/><V37/><F101/><W18/><G118/><T89/><D33/><U90/><E117/><V13/><F13/><W5/><G73/><T41/><D133/><U126/><E110/><V15/><F15/><W131/><G132/><T91/><D2/><U47/><E134/><V82/><F26/><W102/><G131/><T72/><D72/><U29/><E114/><N who="2" m="43531" /><F129/><W10/><G44/><N who="0" m="25615" /><D121/><U23/><E126/><N who="3" m="48138" /><G21/><T103/><D8/><N who="3" m="3177" /><G5/><T22/><D122/><U60/><E23/><N who="0" m="8745" /><D103/><U76/><E90/><N who="2" m="51575" /><F124/><W31/><G31/><T34/><D30/><U7/><E7/><V130/><F130/><W14/><G14/><T108/><D108/><U45/><E105/><V46/><AGARI ba="2,0" hai="36,37,38,39,40,46,68,69" m="51575,43531" machi="46" ten="40,7800,0" yaku="15,1,52,2" doraHai="65" who="2" fromWho="2" sc="175,-28,31,-28,465,84,329,-28" />
</Scene>
<Scene>
<INIT seed="6,3,0,2,3,26" ten="147,3,549,301" oya="2" hai0="1,56,47,117,42,44,92,3,82,59,123,76,68" hai1="15,107,87,60,112,128,132,134,100,22,33,133,53" hai2="113,85,130,18,75,52,14,72,64,120,66,58,41" hai3="74,4,110,70,21,105,77,126,99,8,95,102,106"/><V124/><F120/><W19/><G110/><T109/><D123/><U34/><E107/><V118/><F118/><W46/><G70/><T88/><D109/><U5/><E100/><V129/><F41/><W49/><G74/><T115/><D68/><U98/><E98/><V111/><F111/><W96/><G77/><T78/><D117/><U67/><E53/><V97/><F85/><W62/><G62/><T63/><D115/><U23/><E87/><V125/><F97/><W30/><G126/><N who="2" m="48745" /><F113/><W54/><G99/><T93/><D42/><U89/><E89/><V101/><F101/><W51/><G51/><T91/><D63/><U11/><E60/><N who="2" m="35911" /><F129/><W65/><G65/><N who="2" m="25193" /><F130/><W79/><G96/><T13/><D82/><U71/><E67/><V104/><F104/><W86/><G102/><T45/><D78/><U55/><E55/><V16/><F18/><W83/><G105/><T12/><D76/><U90/><E71/><V121/><F121/><W116/><G106/><T135/><D44/><U35/><E90/><V37/><F37/><W29/><G116/><T24/><D135/><U108/><E108/><V43/><F43/><W103/><G103/><T10/><D91/><U81/><E81/><V61/><F61/><W84/><G84/><T131/><D88/><U48/><E48/><V0/><F0/><W31/><G95/><T80/><D80/><U28/><E112/><V94/><F94/><W73/><G86/><T6/><D131/><U122/><E128/><V36/><F36/><W114/><G114/><T17/><D93/><U119/><E122/><V20/><AGARI ba="3,0" hai="14,16,20,72,75" m="25193,35911,48745" machi="20" ten="30,11700,0" yaku="5,1,18,1,54,2" doraHai="26" who="2" fromWho="2" sc="147,-42,3,-42,549,126,301,-42" owari="105,-29.0,-39,-54.0,675,77.0,259,6.0" />
</Scene>
</mjloggm>