<mjloggm ver="2.3"><GO type="169"/><UN n0="%E6%B3%B0%E6%B0%8F" n1="%E9%96%A2%E7%99%BD%E5%A4%B1%E8%84%9A" n2="%41%53%41%50%49%4E" n3="%E4%BD%90%E5%80%89%E7%B4%97%E7%B9%94" dan="16,16,18,16" rate="2099,2122,2234,2060" sx="M,F,M,F"/><TAIKYOKU oya="0"/>

<Scene>
<INIT seed="0,0,0,5,3,79" ten="250,250,250,250" oya="0" hai0="49,5,10,103,71,29,25,69,80,3,83,121,105" hai1="6,16,135,54,45,40,59,15,111,58,95,108,68" hai2="131,123,87,118,128,129,30,90,93,84,50,18,96" hai3="14,1,127,47,132,130,78,56,62,73,42,37,51"/><T63/><D121/><U94/><E68/><V92/><F30/><W119/><G14/><T64/><D71/><U12/><E135/><V28/><F28/><W19/><G19/><T7/><D7/><U102/><E12/><V75/><F18/><W85/><G85/><T9/><D9/><U112/><E6/><V76/><F50/><W41/><G78/><T48/><D48/><U61/><E59/><V31/><F31/><W109/><G73/><T107/><D49/><N who="1" m="26791" /><E102/><V122/><F118/><W36/><G1/><T120/><D120/><N who="2" m="46122" /><F93/><W104/><G104/><T39/><D39/><N who="3" m="14921" /><G132/><T8/><D8/><N who="1" m="6247" /><E112/><V34/><F34/><W124/><G119/><T125/><D125/><N who="3" m="48201" /><G41/><T72/><D72/><U60/><E60/><V44/><F44/><W97/><G97/><N who="0" m="61679" /><D107/><U66/><E66/><V89/><F89/><W11/><G11/><T20/><D20/><U81/><E81/><AGARI ba="0,0" hai="75,76,81,84,87,90,92,96,128,129,131" m="46122" machi="81" ten="40,8000,1" yaku="19,1,34,2,52,1" doraHai="79" who="2" fromWho="1" sc="250,0,250,-80,250,80,250,0" />
</Scene>
<Scene>
<INIT seed="1,0,0,2,0,123" ten="250,170,330,250" oya="1" hai0="7,90,129,8,85,51,54,112,28,80,92,94,65" hai1="111,70,39,121,27,81,13,46,1,69,30,98,63" hai2="79,62,134,0,108,21,14,5,127,99,50,12,38" hai3="56,23,105,37,41,43,83,25,88,44,15,109,66"/><U119/><E121/><V133/><F38/><W115/><G105/><T59/><D129/><U120/><E120/><V42/><F79/><W58/><G115/><T124/><D124/><U19/><E1/><V55/><F127/><W126/><G43/><T117/><D117/><U95/><E119/><V128/><F128/><W4/><G126/><T20/><D112/><U74/><E74/><V60/><F42/><W130/><G130/><T33/><D33/><U73/><E39/><V32/><F32/><W24/><G24/><T29/><D65/><U89/><E46/><V75/><F75/><W11/><G66/><T78/><D20/><U34/><E63/><V26/><F99/><W76/><G88/><T18/><D18/><U91/><E111/><V122/><F122/><W82/><G109/><T93/><REACH who="0" step="1"/><D78/><REACH who="0" ten="240,170,330,250" step="2"/><U113/><E113/><V102/><F21/><W100/><G76/><T47/><D47/><U101/><E73/><V125/><F125/><W49/><G23/><T106/><D106/><U104/><E70/><V48/><F133/><W57/><G44/><T107/><D107/><U10/><E69/><V2/><F134/><W97/><G37/><T45/><D45/><U96/><REACH who="1" step="1"/><E81/><REACH who="1" ten="240,160,330,250" step="2"/><V131/><F131/><W16/><G82/><T77/><D77/><U71/><E71/><V87/><F108/><W67/><G83/><T52/><D52/><U68/><E68/><V61/><F55/><W35/><G41/><T40/><D40/><U64/><E64/><V86/><F0/><AGARI ba="0,2" hai="0,7,8,28,29,51,54,59,80,85,90,92,93,94" machi="0" ten="40,2600,0" yaku="1,1,53,1" doraHai="123" doraHaiUra="84" who="0" fromWho="2" sc="240,46,160,0,330,-26,250,0" />
</Scene>
<Scene>
<INIT seed="2,0,0,4,2,12" ten="286,160,304,250" oya="2" hai0="8,114,25,33,123,95,17,75,81,122,110,26,46" hai1="94,15,40,128,27,69,86,49,29,64,77,24,91" hai2="112,101,83,129,23,65,11,60,97,31,119,68,32" hai3="115,37,10,88,100,35,34,99,130,70,57,78,14"/><V132/><F112/><W66/><G130/><T28/><D114/><U103/><E128/><V41/><F119/><W13/><G115/><T135/><D110/><U107/><E77/><V47/><F129/><W42/><G70/><T89/><D135/><U126/><E126/><V127/><F127/><W9/><G78/><T21/><D46/><U85/><E27/><V55/><F132/><W134/><G88/><T90/><D75/><U4/><E40/><V44/><F23/><W36/><G134/><T52/><D8/><U93/><E49/><V53/><F11/><W5/><G37/><T7/><D7/><U30/><E30/><V0/><F0/><W50/><G36/><T118/><D118/><U51/><E51/><N who="2" m="27023" /><F47/><W87/><G87/><T131/><D131/><U2/><E2/><V20/><F20/><W117/><G117/><T106/><D106/><U16/><E4/><V48/><F48/><W92/><G42/><T62/><D81/><U45/><E45/><V61/><F61/><W82/><G82/><T113/><D113/><U1/><E1/><V116/><F83/><W102/><G102/><T71/><D71/><U108/><E108/><V72/><F72/><W104/><G104/><T54/><D62/><N who="1" m="40087" /><E107/><N who="2" m="63919" /><F116/><W105/><G105/><T19/><D28/><U79/><E103/><V56/><F56/><W18/><REACH who="3" step="1"/><G66/><REACH who="3" ten="286,160,304,240" step="2"/><T6/><D89/><N who="1" m="53423" /><E79/><V96/><F96/><W38/><G38/><T125/><D125/><U80/><E80/><V124/><F124/><W3/><G3/><T73/><D73/><U76/><E76/><V63/><F63/><W67/><G67/><RYUUKYOKU ba="0,1" sc="286,-15,160,-15,304,15,240,15" hai2="31,32,53,55,60,65,68" hai3="5,9,10,13,14,18,34,35,50,57,92,99,100" />
</Scene>
<Scene>
<INIT seed="2,1,1,2,5,25" ten="271,145,319,255" oya="2" hai0="132,114,124,104,39,14,72,94,100,131,63,96,119" hai1="49,57,59,26,97,133,87,116,107,127,5,75,126" hai2="38,11,65,88,13,61,50,76,18,4,129,34,82" hai3="21,108,81,92,93,128,106,70,10,51,12,45,99"/><V86/><F38/><W69/><G108/><T33/><RYUUKYOKU type="yao9" ba="1,1" sc="271,0,145,0,319,0,255,0" hai0="14,33,39,63,72,94,96,100,104,114,119,124,131,132" />
</Scene>
<Scene>
<INIT seed="2,2,1,5,4,39" ten="271,145,319,255" oya="2" hai0="63,99,34,42,119,130,77,7,28,16,85,5,44" hai1="18,56,59,111,41,53,58,29,12,35,17,100,91" hai2="82,49,106,23,133,27,73,50,86,21,9,69,68" hai3="14,72,40,67,1,15,60,84,102,54,110,6,38"/><V127/><F73/><W74/><G72/><T20/><D34/><U75/><E75/><V107/><F133/><W101/><G74/><T62/><D28/><U19/><E100/><V31/><F127/><W26/><G110/><T2/><D130/><U81/><E111/><V122/><F122/><W123/><G1/><T78/><D2/><U131/><E131/><V30/><F9/><W87/><G123/><T118/><D99/><U55/><E35/><V4/><F4/><W88/><G54/><N who="1" m="20490" /><E29/><V66/><F66/><W48/><G26/><T103/><D103/><U108/><E108/><V104/><F86/><W51/><G38/><T33/><D33/><U105/><E105/><V37/><F37/><W80/><G84/><T134/><D134/><U109/><E109/><V83/><F104/><W95/><G51/><N who="0" m="27031" /><D5/><U97/><E81/><V94/><REACH who="2" step="1"/><F94/><REACH who="2" ten="271,145,309,255" step="2"/><W46/><G95/><T22/><D7/><U52/><E12/><V45/><F45/><W79/><G15/><T124/><D124/><U98/><E98/><V71/><F71/><W25/><G67/><T96/><D96/><U128/><E128/><V126/><F126/><W113/><G46/><T57/><D85/><U64/><E64/><V13/><F13/><W120/><G6/><T32/><D57/><U65/><E65/><V114/><F114/><W93/><G14/><T11/><D11/><U121/><E121/><V112/><F112/><W115/><G113/><T47/><D47/><U129/><E129/><V132/><F132/><W24/><G115/><T43/><D119/><U10/><E10/><V125/><F125/><RYUUKYOKU ba="2,2" sc="271,-10,145,-10,309,30,255,-10" hai2="21,23,27,30,31,49,50,68,69,82,83,106,107" />
</Scene>
<Scene>
<INIT seed="2,3,2,2,0,121" ten="261,135,339,245" oya="2" hai0="99,4,41,112,26,132,92,111,91,11,100,19,85" hai1="34,110,66,77,130,58,5,94,86,10,54,68,70" hai2="120,1,97,104,39,63,45,47,103,105,87,61,62" hai3="30,64,76,102,119,95,28,60,127,65,33,55,23"/><V44/><F120/><W106/><G119/><T109/><D112/><U89/><E34/><V96/><F1/><W37/><G127/><T20/><D41/><U12/><E130/><V79/><F87/><W125/><G37/><T131/><D132/><U59/><E77/><V107/><F39/><W133/><G125/><T98/><D131/><U75/><E75/><V123/><F123/><W88/><G133/><T69/><D69/><U126/><E126/><V7/><F79/><W27/><G106/><T0/><REACH who="0" step="1"/><D99/><REACH who="0" ten="251,135,339,245" step="2"/><N who="2" m="37962" /><F7/><W3/><G33/><T51/><D51/><U83/><E70/><V81/><F81/><AGARI ba="3,3" hai="0,4,11,19,20,26,81,85,91,92,98,100,109,111" machi="81" ten="40,5200,0" yaku="1,1,52,2,53,0" doraHai="121" doraHaiUra="31" who="0" fromWho="2" sc="251,91,135,0,339,-61,245,0" />
</Scene>
<Scene>
<INIT seed="3,0,0,1,3,74" ten="342,135,278,245" oya="3" hai0="130,40,1,65,38,4,0,71,132,104,11,35,28" hai1="22,94,16,111,98,123,72,84,58,125,39,45,18" hai2="87,54,24,63,99,68,122,90,56,60,7,2,48" hai3="101,46,51,36,10,61,50,110,29,52,134,47,81"/><W21/><G134/><T20/><D132/><U26/><E123/><V9/><F122/><W77/><G36/><T133/><D133/><U44/><E72/><V107/><F68/><W106/><G110/><T67/><D20/><U42/><E111/><V53/><F24/><W69/><G10/><T80/><D130/><U135/><E135/><V113/><F113/><W85/><G106/><T75/><D0/><U13/><E125/><V30/><F30/><W25/><G101/><T55/><D55/><U103/><E58/><V57/><F107/><W118/><G118/><T100/><D67/><U3/><E3/><V8/><F8/><W17/><G69/><T115/><D115/><U86/><REACH who="1" step="1"/><E45/><REACH who="1" ten="342,125,278,245" step="2"/><V62/><F2/><W119/><G119/><T93/><D75/><U82/><E82/><V117/><F117/><W83/><G83/><T59/><D80/><U34/><E34/><V92/><F56/><W14/><G61/><T109/><D59/><U97/><E97/><V128/><F99/><W120/><G120/><T78/><D109/><U31/><E31/><V27/><F60/><W32/><REACH who="3" step="1"/><G51/><REACH who="3" ten="342,125,278,235" step="2"/><T15/><D71/><U73/><E73/><V105/><F63/><W88/><G88/><T76/><D38/><U5/><E5/><V37/><F62/><W6/><G6/><T49/><D4/><U91/><E91/><V126/><F90/><W33/><G33/><T95/><D49/><U12/><E12/><V43/><F48/><W64/><G64/><T41/><D65/><U70/><E70/><V131/><F7/><W121/><G121/><T102/><D35/><RYUUKYOKU ba="0,2" sc="342,-15,125,15,278,-15,235,15" hai1="13,16,18,22,26,39,42,44,84,86,94,98,103" hai3="14,17,21,25,29,32,46,47,50,52,77,81,85" />
</Scene>
<Scene>
<INIT seed="3,1,2,4,3,126" ten="327,140,263,250" oya="3" hai0="7,100,9,69,45,44,79,134,112,84,124,65,10" hai1="118,39,49,1,33,3,16,46,81,28,47,91,0" hai2="109,94,128,60,98,37,104,76,86,108,103,106,17" hai3="129,120,48,5,111,59,4,6,127,131,97,58,51"/><W14/><G120/><T19/><D124/><U96/><E118/><V135/><F37/><W83/><G127/><T21/><D134/><U133/><E133/><V70/><F17/><W40/><G111/><N who="2" m="42569" /><F135/><W115/><G115/><T22/><D100/><U113/><E113/><V11/><F11/><W102/><G14/><T132/><D112/><U130/><E39/><V54/><F54/><W61/><G83/><T35/><D35/><U85/><E33/><V68/><F60/><W55/><G40/><T63/><D132/><U42/><E28/><V77/><F70/><W121/><G121/><T57/><D69/><U119/><E119/><V25/><F25/><W18/><G18/><T89/><D79/><N who="2" m="30282" /><F68/><W74/><G74/><T52/><D7/><U105/><E47/><N who="0" m="17993" /><D65/><U110/><E110/><V92/><F128/><N who="3" m="49227" /><G58/><T78/><D78/><U13/><E130/><V114/><F114/><W8/><G8/><N who="0" m="3179" /><D19/><U12/><E16/><V29/><F29/><W32/><G32/><T90/><D57/><U82/><E13/><V67/><F67/><W20/><G20/><T62/><D22/><U53/><E12/><V73/><F73/><W125/><G125/><T101/><D21/><U117/><E117/><V93/><F106/><AGARI ba="1,2" hai="4,5,6,48,51,55,59,61,97,102,106" m="49227" machi="106" ten="30,11600,0" yaku="19,1,52,3" doraHai="126" who="3" fromWho="2" sc="327,0,140,0,263,-119,250,139" />
</Scene>
<Scene>
<INIT seed="3,2,0,4,2,47" ten="327,140,144,389" oya="3" hai0="88,51,34,89,134,74,112,97,91,54,108,117,10" hai1="26,85,106,71,39,76,5,128,46,68,129,4,14" hai2="8,20,70,23,83,99,66,29,98,126,122,50,65" hai3="59,31,43,95,28,44,24,120,80,102,87,115,63"/><W78/><G120/><T105/><D117/><U64/><E106/><V60/><F122/><W36/><G115/><T40/><D112/><U94/><E26/><V93/><F126/><W119/><G119/><T111/><D34/><U125/><E125/><V110/><F110/><N who="0" m="42026" /><D74/><U101/><E101/><V19/><F66/><W56/><G56/><T45/><D134/><U132/><E64/><V73/><F29/><W55/><REACH who="3" step="1"/><G24/><REACH who="3" ten="327,140,144,379" step="2"/><T75/><D45/><U127/><E46/><V7/><F70/><W79/><G79/><T133/><D133/><U84/><E76/><V131/><F131/><W25/><G25/><T77/><D77/><U1/><E127/><V2/><F73/><W21/><G21/><T6/><D10/><U124/><E124/><V103/><F23/><W13/><G13/><T42/><D97/><AGARI ba="2,1" hai="28,31,36,43,44,55,59,63,78,80,87,95,97,102" machi="97" ten="40,3900,0" yaku="1,1,53,1" doraHai="47" doraHaiUra="58" who="3" fromWho="0" sc="327,-45,140,0,144,0,379,55" />
</Scene>
<Scene>
<INIT seed="3,3,0,1,2,26" ten="282,140,144,434" oya="3" hai0="34,11,85,5,7,51,66,12,70,73,121,27,62" hai1="125,92,127,60,23,107,88,15,112,87,119,78,6" hai2="69,25,83,74,10,132,124,18,106,90,0,36,122" hai3="101,57,114,61,65,8,82,30,17,2,80,86,84"/><W37/><G114/><T19/><D73/><U54/><E107/><V52/><F106/><W13/><G37/><T28/><D121/><U14/><E112/><V134/><F69/><W108/><G101/><T123/><D123/><U115/><E115/><V100/><F122/><W35/><G2/><T43/><D43/><U105/><E105/><V31/><F100/><W128/><G128/><T89/><REACH who="0" step="1"/><D51/><REACH who="0" ten="272,140,144,434" step="2"/><U103/><E119/><V96/><F74/><W39/><G108/><T32/><D32/><U64/><E125/><V131/><F124/><W48/><G39/><T24/><D24/><U71/><E127/><V40/><F25/><W3/><G48/><T1/><D1/><U135/><E135/><V53/><F36/><W9/><G35/><T99/><D99/><U49/><E14/><V29/><F96/><W22/><G3/><T102/><D102/><U76/><E103/><V41/><F0/><W104/><G104/><T56/><D56/><U118/><E118/><V130/><F132/><W38/><G38/><T75/><D75/><U4/><E4/><V111/><F134/><W55/><G57/><T68/><D68/><U93/><E6/><V21/><F111/><W129/><G129/><T42/><D42/><U45/><E15/><V58/><F58/><W20/><G13/><T126/><D126/><U63/><E63/><V47/><F130/><W133/><G61/><T98/><D98/><U91/><E23/><V110/><F21/><W59/><G20/><T67/><D67/><U33/><E33/><V117/><F131/><W95/><G22/><T44/><D44/><RYUUKYOKU ba="3,1" sc="272,15,140,15,144,-15,434,-15" hai0="5,7,11,12,19,27,28,34,62,66,70,85,89" hai1="45,49,54,60,64,71,76,78,87,88,91,92,93" />
</Scene>
<Scene>
<INIT seed="4,4,1,0,2,31" ten="287,155,129,419" oya="0" hai0="21,54,53,46,81,83,1,91,13,127,103,34,14" hai1="111,82,44,112,92,96,73,110,37,5,28,90,114" hai2="134,76,55,84,75,94,41,42,26,60,133,116,100" hai3="51,17,59,106,33,121,86,23,30,32,4,38,129"/><T88/><D1/><U3/><E37/><V0/><F75/><W80/><G106/><T130/><D127/><U123/><E44/><V29/><F0/><W70/><G38/><T98/><D130/><U108/><E3/><V39/><F116/><W45/><G70/><T79/><D34/><N who="3" m="13417" /><G4/><T124/><D124/><U61/><E61/><V49/><F60/><W85/><G30/><T67/><D67/><U128/><E28/><V57/><F39/><W2/><G59/><T101/><D46/><U50/><E50/><V89/><F100/><W20/><G2/><T36/><D36/><U35/><E5/><V63/><F76/><N who="3" m="46215" /><G86/><T87/><D87/><N who="1" m="50551" /><E35/><N who="2" m="20919" /><F63/><W43/><G17/><T6/><D6/><U77/><E128/><V58/><F58/><W119/><G119/><T68/><D68/><U69/><E69/><V65/><F65/><W8/><G8/><T99/><D21/><U105/><E105/><V62/><F62/><W16/><G16/><T47/><D47/><U122/><E73/><V18/><F18/><W24/><G24/><T93/><D93/><U109/><E77/><AGARI ba="4,1" hai="13,14,53,54,77,79,81,83,88,91,98,99,101,103" machi="77" ten="25,9600,0" yaku="22,2,8,1,54,1" doraHai="31" who="0" fromWho="1" sc="287,118,155,-108,129,0,419,0" />
</Scene>
<Scene>
<INIT seed="4,5,0,0,1,105" ten="405,47,129,419" oya="0" hai0="53,80,14,44,2,36,93,119,17,94,130,41,24" hai1="9,116,75,79,122,33,69,48,74,37,52,0,57" hai2="5,56,110,46,15,7,88,40,99,43,20,113,50" hai3="35,1,68,108,12,4,85,61,38,114,98,22,23"/><T55/><D119/><U101/><E116/><V90/><F110/><W134/><G38/><T106/><D2/><U127/><E122/><V87/><F113/><W84/><G108/><T96/><D106/><U10/><E37/><V97/><F43/><W66/><G114/><T126/><D130/><U18/><E69/><V73/><F73/><W112/><G112/><T83/><D94/><U100/><E33/><V63/><F20/><W42/><G1/><T54/><D24/><U31/><E31/><V27/><F27/><W115/><G35/><T125/><D83/><U49/><E79/><V65/><F90/><W13/><G115/><T51/><D80/><U120/><E120/><V78/><F78/><W62/><G134/><T107/><D107/><U26/><E26/><V76/><F76/><W21/><G68/><T71/><D71/><U45/><E127/><N who="0" m="48649" /><D93/><U32/><E32/><V89/><F89/><W25/><G25/><T11/><D96/><N who="2" m="36938" /><F15/><N who="3" m="5707" /><G98/><T77/><D77/><U47/><E0/><V132/><F132/><W70/><G70/><T72/><D72/><U82/><E82/><AGARI ba="5,0" hai="5,7,40,46,50,56,63,65,82,87,88" m="36938" machi="82" ten="30,2000,0" yaku="8,1,54,1" doraHai="105" who="2" fromWho="1" sc="405,0,47,-35,129,35,419,0" />
</Scene>
<Scene>
<INIT seed="5,0,0,5,4,127" ten="405,12,164,419" oya="1" hai0="30,129,27,119,21,117,124,118,134,89,48,47,55" hai1="66,10,13,88,56,76,45,135,51,103,17,20,78" hai2="94,71,115,28,74,49,97,121,112,52,65,26,4" hai3="0,113,54,100,122,80,77,63,53,95,33,93,96"/><U60/><E135/><V91/><F121/><W11/><G122/><T35/><D124/><U42/><E103/><V64/><F74/><W83/><G113/><N who="2" m="43593" /><F4/><W43/><G33/><T29/><D134/><U82/><REACH who="1" step="1"/><E10/><REACH who="1" ten="405,2,164,419" step="2"/><V132/><F132/><W39/><G11/><T69/><D118/><U38/><E38/><V114/><F114/><W130/><G39/><T41/><D117/><U34/><E34/><N who="2" m="20759" /><F71/><W106/><G100/><T90/><D119/><U70/><E70/><V81/><F81/><W61/><G80/><T131/><D69/><U101/><E101/><V23/><F23/><W3/><G83/><T75/><D35/><U12/><E12/><V107/><F107/><W67/><G106/><T126/><D126/><U2/><E2/><V86/><F86/><AGARI ba="0,1" hai="13,17,20,42,45,51,56,60,66,76,78,82,86,88" machi="86" ten="40,12000,1" yaku="1,1,8,1,54,1,53,1" doraHai="127" doraHaiUra="79" who="1" fromWho="2" sc="405,0,2,130,164,-120,419,0" />
</Scene>
<Scene>
<INIT seed="5,1,0,2,3,48" ten="405,132,44,419" oya="1" hai0="54,9,119,72,31,115,42,83,101,78,98,52,122" hai1="30,126,135,100,110,27,11,3,70,45,121,105,56" hai2="43,41,65,114,90,62,44,63,34,75,103,32,25" hai3="28,112,133,46,81,18,6,128,130,29,107,50,108"/><U94/><E121/><V24/><F75/><W20/><G107/><T85/><D119/><U16/><E70/><V17/><F114/><W88/><G112/><T14/><D115/><U61/><E105/><V69/><F103/><W87/><G108/><T106/><D122/><U82/><E110/><V47/><F90/><W33/><G6/><T120/><D120/><U59/><E45/><V118/><F69/><W77/><G33/><T36/><D31/><U10/><E82/><V95/><F95/><W93/><G133/><T49/><D36/><U2/><E135/><V67/><REACH who="2" step="1"/><F17/><REACH who="2" ten="405,132,34,419" step="2"/><W91/><G91/><T66/><D72/><U104/><E94/><V35/><F35/><W21/><G130/><T113/><D113/><U4/><E100/><V0/><F0/><W123/><G128/><T38/><D101/><U97/><E104/><V71/><F71/><W7/><G123/><T96/><D106/><U68/><E68/><V55/><F55/><W64/><G18/><T127/><D54/><U109/><E109/><V39/><F39/><W58/><G88/><T111/><D38/><U99/><E16/><V80/><F80/><W124/><G93/><T51/><D111/><U26/><E2/><V19/><F19/><W79/><G81/><T57/><D83/><U102/><E102/><V15/><F15/><W13/><G13/><T73/><D14/><U74/><E74/><V22/><F22/><W92/><G21/><T132/><D73/><U116/><E3/><V5/><F5/><W131/><G20/><T40/><D132/><U60/><E4/><V8/><F8/><RYUUKYOKU ba="1,1" sc="405,-10,132,-10,34,30,419,-10" hai2="24,25,32,34,41,43,44,47,62,63,65,67,118" />
</Scene>
<Scene>
<INIT seed="6,2,1,4,1,59" ten="395,122,64,409" oya="2" hai0="18,5,130,19,23,93,76,89,31,132,36,125,97" hai1="114,52,51,81,98,129,74,27,44,4,0,6,100" hai2="87,28,131,37,29,117,75,128,104,101,34,22,88" hai3="50,102,53,109,26,122,11,21,96,127,30,110,16"/><V73/><F117/><W80/><G122/><T105/><D36/><U3/><E114/><V12/><F37/><W67/><G127/><T78/><D125/><U126/><E126/><V2/><F2/><W71/><G80/><T39/><D39/><U64/><E129/><N who="2" m="49739" /><F34/><N who="3" m="20823" /><G11/><T124/><D124/><U43/><E0/><V113/><F113/><W119/><G119/><T69/><D69/><U94/><E3/><V48/><F48/><W56/><G16/><T85/><D130/><U15/><E43/><V63/><F12/><W65/><G21/><T54/><D5/><U107/><E15/><V41/><F41/><W72/><G67/><T116/><D105/><U17/><E64/><V66/><F22/><W115/><G72/><N who="2" m="27721" /><F101/><W32/><G32/><T84/><D23/><U25/><E4/><V38/><F38/><W20/><G115/><T61/><D116/><U118/><E118/><V60/><F104/><N who="3" m="63559" /><G20/><T111/><D19/><U90/><E6/><V83/><F66/><W49/><G49/><T121/><D18/><U133/><E17/><V103/><F103/><W42/><G42/><T1/><D1/><U92/><E107/><V77/><F77/><W14/><G14/><T86/><D78/><U123/><E123/><V24/><F24/><W62/><AGARI ba="2,1" hai="50,53,56,62,65,71,109,110" m="63559,20823" machi="62" ten="30,2000,0" yaku="25,1,52,1" doraHai="59" who="3" fromWho="3" sc="395,-7,122,-7,64,-12,409,36" />
</Scene>
<Scene>
<INIT seed="7,0,0,1,3,125" ten="388,115,52,445" oya="3" hai0="62,22,56,4,92,116,135,85,87,112,58,110,27" hai1="89,118,105,61,15,46,9,84,30,117,25,95,23" hai2="7,82,57,35,75,67,20,97,1,18,76,108,86" hai3="19,119,64,13,31,91,99,10,122,88,26,21,36"/><W101/><G122/><T32/><D110/><U131/><E105/><V29/><F108/><W66/><G119/><N who="1" m="45578" /><E131/><V129/><F75/><W37/><G36/><T102/><D116/><U109/><E46/><V34/><F97/><W54/><G37/><T49/><D32/><U114/><E61/><V8/><F57/><W45/><G101/><T39/><D39/><U90/><E90/><N who="3" m="34346" /><G99/><T126/><D126/><U44/><E44/><V63/><F63/><W133/><G133/><T28/><D135/><U111/><E114/><V123/><F67/><W71/><G71/><T11/><D112/><U68/><E68/><V113/><F113/><W78/><G78/><T72/><D72/><U33/><E33/><V80/><F80/><W98/><G98/><T130/><D49/><AGARI ba="0,0" hai="10,13,19,21,26,31,45,49,54,64,66" m="34346" machi="49" ten="30,2900,0" yaku="8,1,54,1" doraHai="125" who="3" fromWho="0" sc="388,-29,115,0,52,0,445,29" owari="359,16.0,115,-28.0,52,-45.0,474,57.0" />
</Scene>
</mjloggm>