<mjloggm ver="2.3"><GO type="169" lobby="0"/><UN n0="%E3%81%A7%E3%81%93%E3%81%98" n1="%41%53%41%50%49%4E" n2="%79%75%6B%69%31%31%32%32" n3="%E8%B6%85%E3%83%92%E3%83%A2%E3%83%AA%E3%83%AD" dan="17,19,16,18" rate="2136.03,2316.68,2009.80,2232.78" sx="M,M,M,F"/><TAIKYOKU oya="0"/>

<Scene>
<INIT seed="0,0,0,1,3,59" ten="250,250,250,250" oya="0" hai0="29,123,63,88,111,87,56,16,82,83,113,36,67" hai1="2,0,23,135,9,93,26,72,75,62,129,61,107" hai2="34,7,19,128,99,46,78,13,14,103,104,92,6" hai3="105,55,8,3,39,73,118,115,35,37,102,97,41"/><T106/><D113/><U5/><E107/><V119/><F34/><W57/><G118/><T49/><D123/><U44/><E129/><V117/><F128/><W43/><G115/><T95/><D36/><U15/><E135/><V81/><F104/><W86/><G35/><T47/><D106/><U53/><E93/><V131/><F131/><W80/><G73/><T69/><D111/><U77/><E72/><V94/><F46/><W58/><G58/><T100/><D29/><U132/><E132/><V28/><F28/><W108/><G108/><T98/><D69/><U74/><E75/><V79/><F99/><W66/><G66/><T120/><D120/><U12/><E12/><V17/><F81/><W71/><G71/><T116/><D116/><U4/><E53/><V52/><F52/><W130/><G130/><T133/><D133/><U24/><E44/><V122/><F122/><W85/><G85/><T65/><D65/><U121/><E121/><V1/><F1/><W112/><G112/><T89/><D16/><U51/><E0/><V10/><F103/><W68/><G68/><T45/><D49/><U91/><E51/><V25/><F25/><W90/><G8/><AGARI ba="0,0" hai="6,7,8,10,13,14,17,19,78,79,92,94,117,119" machi="8" ten="25,1600,0" yaku="22,2" doraHai="59" who="2" fromWho="3" sc="250,0,250,0,250,16,250,-16" />
</Scene>
<Scene>
<INIT seed="1,0,0,5,1,122" ten="250,250,266,234" oya="1" hai0="25,17,92,38,85,118,81,52,69,5,72,40,114" hai1="1,23,16,59,28,66,82,135,29,76,35,71,77" hai2="116,27,130,43,12,63,61,83,96,13,108,107,54" hai3="19,104,53,11,84,100,33,95,42,20,62,78,41"/><U21/><E1/><V103/><F43/><W37/><G33/><T36/><D114/><U46/><E71/><V7/><F27/><W47/><G42/><T128/><D118/><U4/><E35/><V31/><F31/><N who="1" m="11849" /><E135/><V58/><F83/><W106/><G11/><T9/><D69/><U125/><E21/><V51/><F7/><W44/><G78/><T91/><D128/><U105/><E105/><V10/><F130/><W68/><G47/><T50/><D17/><U74/><E74/><V26/><F26/><W57/><G100/><T111/><D25/><N who="1" m="14567" /><E125/><V98/><F12/><W115/><G115/><T97/><D72/><U134/><E134/><V117/><F13/><W30/><G30/><T0/><D40/><U124/><E124/><V75/><F75/><W121/><G68/><T87/><D87/><U99/><E82/><V48/><F107/><W102/><G121/><T67/><D67/><U32/><E32/><V14/><F14/><N who="3" m="9335" /><G84/><T132/><D132/><U126/><E126/><V73/><F73/><W60/><G106/><T6/><D6/><U113/><E113/><V49/><F10/><W65/><G104/><T101/><REACH who="0" step="1"/><D111/><REACH who="0" ten="240,250,266,234" step="2"/><U112/><E4/><V8/><F108/><W93/><G65/><T119/><D119/><U90/><E112/><V55/><F117/><W15/><G37/><T110/><D110/><U80/><E66/><V24/><F24/><W131/><G41/><T123/><D123/><U2/><E76/><V129/><F116/><W70/><G70/><T39/><D39/><U127/><E77/><V18/><F129/><W86/><G131/><RYUUKYOKU ba="0,1" sc="240,30,250,-10,266,-10,234,-10" hai0="0,5,9,36,38,50,52,81,85,91,92,97,101" />
</Scene>
<Scene>
<INIT seed="2,1,1,0,4,55" ten="270,240,256,224" oya="2" hai0="73,106,16,111,75,131,33,120,15,6,45,119,132" hai1="87,69,20,117,71,95,63,76,11,21,92,70,80" hai2="46,125,22,108,44,18,121,105,43,130,102,107,112" hai3="48,67,127,53,50,30,29,2,34,38,42,79,78"/><V8/><F112/><W122/><G127/><T23/><D120/><U81/><E117/><V104/><F121/><W3/><G122/><T88/><D106/><U84/><E11/><V133/><F125/><W68/><G53/><T99/><D33/><U96/><E63/><V93/><F8/><W94/><G94/><T10/><D119/><U135/><E135/><V97/><F133/><W51/><G38/><T129/><D132/><U58/><E58/><V115/><F115/><W1/><G34/><T36/><D111/><U25/><E96/><V32/><F32/><W35/><G35/><T124/><D124/><U60/><E60/><V89/><F108/><W47/><G47/><T74/><D36/><U61/><E61/><V37/><F46/><W40/><G67/><T83/><D45/><U24/><E71/><V26/><REACH who="2" step="1"/><F130/><REACH who="2" ten="270,240,246,224" step="2"/><W118/><G118/><T82/><D129/><U12/><E21/><V52/><F52/><W41/><REACH who="3" step="1"/><G68/><REACH who="3" ten="270,240,246,214" step="2"/><T0/><REACH who="0" step="1"/><D131/><REACH who="0" ten="260,240,246,214" step="2"/><U98/><E70/><V77/><F77/><AGARI ba="1,4" hai="1,2,3,29,30,40,41,42,48,50,51,77,78,79" machi="77" ten="50,12000,2" yaku="1,1,2,1,29,2,28,2,53,0" doraHai="55" doraHaiUra="28" who="3" fromWho="2" sc="260,0,240,0,246,-123,214,163" />
</Scene>
<Scene>
<INIT seed="3,0,0,5,2,11" ten="260,240,123,377" oya="3" hai0="54,122,107,119,37,62,45,29,130,89,32,100,97" hai1="105,9,117,57,78,102,26,101,80,49,75,116,65" hai2="87,50,112,17,0,64,131,92,103,61,63,19,6" hai3="20,123,31,109,44,5,93,51,42,22,16,4,58"/><W18/><G31/><T132/><D119/><N who="1" m="45643" /><E105/><V71/><F131/><W3/><G123/><T12/><D122/><U113/><E113/><V125/><F125/><W35/><G35/><T72/><D130/><U53/><E65/><V14/><F63/><W30/><G30/><T108/><D72/><U46/><E26/><V33/><F33/><W52/><G109/><T25/><D108/><U47/><E9/><V115/><F19/><W39/><G3/><T21/><D132/><U74/><E74/><V94/><F0/><W10/><G10/><T81/><D37/><U86/><E86/><V2/><F2/><W114/><G114/><T60/><D81/><U15/><E15/><V48/><F6/><W95/><G95/><T121/><D121/><U104/><E104/><V126/><F94/><W120/><G120/><T7/><D89/><U90/><E90/><V84/><F84/><W77/><G77/><T76/><D76/><U70/><E70/><V106/><F106/><W96/><G22/><T83/><D83/><U110/><E110/><V23/><F92/><W40/><G40/><T27/><D7/><U73/><E73/><V88/><F87/><W56/><G56/><T34/><D34/><U68/><E68/><V111/><F111/><W43/><G43/><T36/><D36/><U128/><E128/><V127/><F115/><W55/><G55/><T124/><D124/><U59/><E59/><V133/><F112/><W41/><G41/><T129/><D129/><U118/><N who="1" m="45651" /><U38/><DORA hai="99" /><E38/><V67/><F127/><W91/><G20/><T66/><D66/><RYUUKYOKU ba="0,0" sc="260,-15,240,15,123,-15,377,15" hai1="46,47,49,53,57,75,78,80,101,102" hai3="4,5,16,18,39,42,44,51,52,58,91,93,96" />
</Scene>
<Scene>
<INIT seed="3,1,0,2,4,133" ten="245,255,108,392" oya="3" hai0="15,43,35,61,16,117,45,56,130,51,94,41,29" hai1="38,77,100,3,92,96,105,28,21,118,72,115,112" hai2="89,46,84,113,64,93,127,91,81,20,6,42,78" hai3="80,4,129,39,111,76,36,58,87,124,10,2,12"/><W74/><G129/><T23/><D117/><U82/><E118/><V131/><F113/><W67/><G111/><T1/><D1/><U14/><E3/><V108/><F131/><W125/><G2/><T104/><D130/><U116/><E116/><V68/><F108/><W0/><G74/><T55/><D104/><U8/><E38/><V37/><F6/><W11/><G39/><T90/><D35/><U99/><E21/><V103/><F103/><W52/><G67/><T85/><REACH who="0" step="1"/><D29/><REACH who="0" ten="235,255,108,392" step="2"/><U17/><E28/><V110/><F110/><W19/><REACH who="3" step="1"/><G36/><REACH who="3" ten="235,255,108,382" step="2"/><T79/><D79/><U73/><E73/><V30/><F78/><W134/><G134/><T62/><D62/><AGARI ba="1,2" hai="0,4,10,11,12,19,52,58,62,76,80,87,124,125" machi="62" ten="40,12000,1" yaku="1,1,52,2,54,1,53,0" doraHai="133" doraHaiUra="40" who="3" fromWho="0" sc="235,-123,255,0,108,0,382,143" />
</Scene>
<Scene>
<INIT seed="3,2,0,2,2,3" ten="112,255,108,525" oya="3" hai0="135,24,44,113,42,56,123,116,87,133,131,73,21" hai1="85,50,109,74,93,6,119,61,101,65,105,60,127" hai2="107,19,124,99,120,88,130,102,82,80,11,110,72" hai3="115,22,31,26,7,35,89,111,83,66,12,79,67"/><W36/><G115/><T64/><D116/><U47/><E74/><V76/><F19/><W126/><G126/><T39/><D123/><U94/><E127/><V78/><F124/><W75/><G36/><T23/><D73/><U17/><E119/><V38/><F38/><W122/><G122/><T9/><D113/><U77/><E109/><V0/><F120/><W55/><G111/><T63/><D131/><U15/><E105/><V5/><F110/><W30/><G30/><T70/><D87/><U95/><E101/><V106/><F130/><W18/><G89/><T51/><D9/><N who="1" m="4535" /><E65/><V121/><F121/><W10/><REACH who="3" step="1"/><G55/><REACH who="3" ten="112,255,108,515" step="2"/><N who="0" m="31871" /><D23/><U54/><E17/><AGARI ba="2,1" hai="17,21,24,39,42,44,63,64,70,133,135" m="31871" machi="17" ten="30,1000,0" yaku="24,1" doraHai="3" who="0" fromWho="1" sc="112,26,255,-16,108,0,515,0" />
</Scene>
<Scene>
<INIT seed="4,0,0,1,0,21" ten="138,239,108,515" oya="0" hai0="99,34,64,98,24,9,55,20,43,15,76,95,51" hai1="33,66,39,82,47,28,81,11,68,79,126,53,45" hai2="104,87,37,102,62,70,50,54,2,78,63,108,42" hai3="48,124,90,115,117,110,56,0,67,31,114,36,23"/><T3/><D34/><U71/><E126/><V112/><F2/><W41/><G0/><T86/><D3/><U93/><E81/><V16/><F108/><W6/><G110/><T135/><D64/><U100/><E11/><V8/><F112/><W4/><G67/><T119/><D119/><U72/><E47/><V57/><F102/><W128/><G117/><T127/><D43/><U92/><E53/><V58/><F104/><W107/><G107/><T88/><D76/><U96/><E93/><V74/><F74/><W26/><G41/><T61/><D61/><U133/><E133/><V77/><F70/><W29/><G36/><T109/><D127/><U38/><E66/><V83/><F37/><W134/><G124/><T27/><D135/><U130/><E130/><V18/><F78/><W25/><G134/><T7/><D109/><U49/><E49/><V131/><F8/><W19/><G48/><T113/><D113/><U97/><E97/><N who="0" m="36873" /><D20/><U106/><E92/><V73/><F131/><W14/><G128/><T80/><D95/><U116/><E116/><V46/><F73/><W85/><G114/><T94/><D94/><U122/><E122/><V75/><F75/><W105/><G105/><T65/><D65/><AGARI ba="0,0" hai="16,18,42,46,50,54,57,58,62,63,65,77,83,87" machi="65" ten="30,3900,0" yaku="7,1,8,1,54,1" doraHai="21" who="2" fromWho="0" sc="138,-39,239,0,108,39,515,0" />
</Scene>
<Scene>
<INIT seed="5,0,0,4,1,102" ten="99,239,147,515" oya="1" hai0="25,15,12,50,64,77,124,128,91,53,60,97,18" hai1="92,100,84,113,80,122,59,75,35,46,42,22,67" hai2="33,17,39,108,47,21,28,29,74,133,76,27,36" hai3="52,57,54,103,69,6,63,41,30,23,70,105,89"/><U7/><E122/><V68/><F68/><W121/><G121/><T56/><D124/><U16/><E35/><V58/><F108/><W107/><G103/><T116/><D116/><U87/><E113/><V129/><F76/><W32/><G32/><T117/><D117/><U123/><E123/><V1/><F1/><W78/><G78/><T4/><D128/><U134/><E134/><V24/><F74/><W65/><G41/><T120/><D120/><U72/><E7/><V99/><F129/><W49/><G70/><T115/><D115/><U85/><E80/><V61/><F133/><W81/><G30/><T82/><D4/><U132/><E132/><V96/><F17/><W104/><G23/><T9/><D25/><U109/><E109/><V62/><F47/><W44/><G6/><T131/><D131/><U31/><E31/><V101/><F99/><W19/><G19/><T79/><D15/><U98/><E59/><V112/><F112/><W34/><G34/><T51/><D51/><U8/><E67/><V43/><F43/><W110/><G110/><T111/><D111/><U38/><REACH who="1" step="1"/><E8/><REACH who="1" ten="99,229,147,515" step="2"/><V3/><F58/><W55/><G57/><N who="0" m="32951" /><D82/><U135/><E135/><V73/><F29/><W37/><G81/><T26/><D26/><AGARI ba="0,1" hai="16,22,26,38,42,46,72,75,84,85,87,92,98,100" machi="26" ten="40,12000,1" yaku="1,1,54,1,53,2" doraHai="102" doraHaiUra="106" who="1" fromWho="0" sc="99,-120,229,130,147,0,515,0" owari="-21,-52.0,359,16.0,147,-25.0,515,61.0" />
</Scene>
</mjloggm>