<mjloggm ver="2.3"><GO type="169"/><UN n0="%E8%B7%AF%E5%9C%B0%E8%A3%8F%E3%81%AE%E3%81%B2%E3%81%BE%E3%82%8F%E3%82%8A" n1="%4E%41%4B%37" n2="%E3%81%8F%E3%82%89%E3%81%8F%E3%82%89" n3="%41%53%41%50%49%4E" dan="16,16,16,19" rate="2148,2039,2074,2217" sx="M,M,M,M"/><TAIKYOKU oya="0"/>

<Scene>
<INIT seed="0,0,0,2,0,38" ten="250,250,250,250" oya="0" hai0="87,37,59,102,61,6,46,30,120,112,33,101,116" hai1="29,16,28,2,96,71,49,21,121,129,17,32,131" hai2="75,52,8,95,103,81,19,55,97,47,15,20,79" hai3="115,7,26,114,62,111,83,125,94,123,42,60,78"/><T84/><D112/><U0/><E49/><V41/><REACH who="2" step="1"/><F20/><REACH who="2" ten="250,250,240,250" step="2"/><W5/><G115/><T73/><D116/><U10/><E96/><V134/><F134/><W24/><G114/><T1/><D120/><U104/><E71/><V18/><F18/><N who="1" m="7273" /><E104/><V14/><F14/><W132/><G123/><T57/><D1/><N who="1" m="619" /><E121/><V13/><F13/><W90/><G132/><T64/><D33/><U122/><E122/><V58/><F58/><W22/><G22/><T66/><D59/><U76/><E76/><V133/><F133/><W34/><G78/><T27/><D57/><U128/><E21/><V63/><F63/><W106/><G60/><T43/><D61/><U40/><E40/><V77/><F77/><W39/><G62/><T89/><D43/><U44/><E44/><V93/><F93/><W100/><G42/><T110/><D46/><U72/><E72/><V80/><F80/><W105/><G83/><T3/><D73/><U67/><E67/><V86/><F86/><W74/><G74/><T108/><D87/><U124/><E124/><V70/><F70/><W98/><G125/><T50/><D84/><U130/><E130/><V82/><F82/><W88/><G105/><T92/><D66/><U91/><E91/><V107/><F107/><W9/><G106/><T85/><D64/><U99/><E99/><V65/><F65/><W35/><G98/><T113/><D85/><U53/><E53/><V118/><F118/><W11/><G94/><T4/><D92/><U12/><E32/><V25/><F25/><W31/><G35/><T51/><D113/><U23/><E23/><RYUUKYOKU ba="0,1" sc="250,-15,250,15,240,15,250,-15" hai1="10,12,28,29,128,129,131" hai2="8,15,19,41,47,52,55,75,79,81,95,97,103" />
</Scene>
<Scene>
<INIT seed="1,1,1,1,2,59" ten="235,265,255,235" oya="1" hai0="60,93,26,111,44,67,132,84,20,25,18,22,72" hai1="41,110,109,77,117,131,91,29,62,69,17,3,126" hai2="82,105,1,33,96,102,121,32,101,19,95,127,45" hai3="112,51,113,89,15,70,98,65,129,85,104,10,38"/><U66/><E117/><V4/><F121/><W124/><G38/><T97/><D72/><U75/><E131/><V13/><F127/><W55/><G129/><T116/><D116/><U128/><E128/><V135/><F135/><W43/><G43/><T6/><D132/><U0/><E126/><V106/><F82/><W24/><G124/><T76/><D111/><N who="1" m="42507" /><E29/><V92/><F45/><W134/><G134/><T107/><D107/><U73/><E91/><V64/><F64/><W5/><G24/><T16/><D44/><U53/><E41/><V14/><F1/><N who="1" m="585" /><E77/><V120/><F120/><W30/><G30/><T31/><D6/><U61/><E17/><V74/><F74/><W21/><G89/><T42/><D42/><U100/><E100/><V78/><F78/><W118/><G118/><T103/><D31/><U119/><E119/><V123/><F123/><W50/><G5/><T7/><D7/><U48/><E48/><V87/><F4/><W35/><G51/><T12/><D76/><U86/><E86/><V46/><F19/><W90/><G85/><T130/><D84/><U63/><E63/><V27/><F87/><W88/><G50/><T79/><D79/><U99/><E99/><V71/><F96/><W122/><G98/><T37/><D130/><U80/><E80/><V23/><F101/><W9/><G122/><T54/><D37/><U49/><E49/><V83/><F102/><W34/><G90/><T133/><D133/><U114/><E114/><V28/><F83/><W125/><G112/><T58/><D67/><U8/><E8/><V56/><F28/><RYUUKYOKU ba="1,1" sc="235,15,265,15,255,-15,235,-15" hai0="12,16,18,20,22,25,26,54,58,60,93,97,103" hai1="53,61,62,66,69,73,75" />
</Scene>
<Scene>
<INIT seed="1,2,1,2,0,85" ten="250,280,240,220" oya="1" hai0="120,76,94,104,45,107,135,42,52,36,83,48,70" hai1="74,18,49,112,131,41,17,123,59,66,110,3,20" hai2="56,133,79,71,87,35,122,25,34,113,64,126,54" hai3="6,27,12,55,78,97,39,100,67,50,47,19,62"/><U38/><E112/><V115/><F122/><W108/><G108/><T9/><D120/><U8/><E123/><V63/><F126/><W81/><G39/><T33/><D33/><U23/><E38/><V43/><F43/><W60/><G6/><T109/><D109/><U75/><E110/><V65/><F65/><W99/><G27/><T21/><D135/><U40/><E3/><V32/><F25/><W90/><G67/><T2/><D70/><U44/><E131/><V46/><F46/><W1/><G1/><T93/><D21/><U5/><E41/><V61/><REACH who="2" step="1"/><F133/><REACH who="2" ten="250,280,230,220" step="2"/><W69/><G47/><T124/><D124/><U37/><E66/><V96/><F96/><W119/><G97/><T53/><D42/><U118/><E37/><V105/><F105/><W13/><G99/><T80/><D36/><U111/><E111/><V24/><F24/><W58/><G55/><T10/><D45/><U95/><E59/><V128/><F128/><W84/><G58/><T4/><D107/><U89/><E118/><V82/><AGARI ba="2,2" hai="32,34,35,54,56,61,63,64,71,79,82,87,113,115" machi="82" ten="40,5200,0" yaku="1,1,0,1,53,1" doraHai="85" doraHaiUra="51" who="2" fromWho="2" sc="250,-15,280,-28,230,78,220,-15" />
</Scene>
<Scene>
<INIT seed="2,0,0,2,2,69" ten="235,252,308,205" oya="2" hai0="26,108,18,30,106,110,45,42,118,88,36,59,1" hai1="76,48,124,53,83,13,60,8,105,28,63,85,96" hai2="78,9,92,46,133,112,94,39,29,123,61,66,22" hai3="111,33,129,6,52,58,103,113,131,82,0,25,121"/><V99/><F123/><W56/><G121/><T95/><D106/><U15/><E124/><V81/><F112/><W119/><G119/><T77/><D118/><U70/><E28/><V55/><F9/><N who="3" m="2247" /><G58/><T57/><D77/><U130/><E130/><N who="3" m="49674" /><G113/><T34/><D18/><U97/><E15/><V120/><F120/><W125/><G103/><T19/><D19/><U116/><E116/><V75/><F133/><W44/><G44/><T109/><REACH who="0" step="1"/><D1/><REACH who="0" ten="225,252,308,205" step="2"/><U47/><E105/><V135/><F135/><W5/><G125/><T126/><D126/><U86/><E86/><AGARI ba="0,1" hai="26,30,34,36,42,45,57,59,86,88,95,108,109,110" machi="86" ten="40,8000,1" yaku="1,1,14,1,52,1,54,1,53,0" doraHai="69" doraHaiUra="100" who="0" fromWho="1" sc="225,90,252,-80,308,0,205,0" />
</Scene>
<Scene>
<INIT seed="3,0,0,4,5,41" ten="315,172,308,205" oya="3" hai0="28,119,13,134,117,22,90,37,99,53,124,66,33" hai1="92,21,79,55,40,11,56,30,19,113,63,112,75" hai2="51,16,4,0,73,120,2,12,93,106,109,46,61" hai3="69,133,57,43,118,64,76,62,7,108,3,126,26"/><W130/><G118/><T83/><D66/><U78/><E30/><V98/><F106/><W31/><G130/><T1/><D1/><U17/><E75/><V9/><F73/><W81/><G133/><T48/><D37/><U110/><E110/><V95/><F120/><W47/><G108/><T131/><D134/><U129/><E129/><V52/><F2/><W103/><G103/><T32/><D131/><U15/><E92/><V123/><F109/><W100/><G100/><T20/><D124/><U74/><E74/><V5/><F95/><W36/><G126/><T58/><D22/><U116/><E116/><V80/><F80/><W39/><G39/><T91/><D91/><U96/><E96/><V29/><F29/><W23/><G3/><T114/><D114/><U115/><REACH who="1" step="1"/><E40/><REACH who="1" ten="315,162,308,205" step="2"/><N who="2" m="25031" /><F123/><W68/><REACH who="3" step="1"/><G7/><REACH who="3" ten="315,162,308,195" step="2"/><T121/><D119/><U34/><E34/><V82/><F0/><W45/><G45/><T6/><D117/><U70/><E70/><V104/><F104/><W35/><G35/><T85/><D33/><U42/><E42/><V101/><F82/><W44/><G44/><T102/><D32/><U25/><AGARI ba="0,2" hai="11,15,17,19,21,25,55,56,63,78,79,112,113,115" machi="25" ten="30,2000,0" yaku="1,1,0,1,53,0" doraHai="41" doraHaiUra="24" who="1" fromWho="1" sc="315,-5,162,40,308,-5,195,-10" />
</Scene>
<Scene>
<INIT seed="4,0,0,3,3,5" ten="310,202,303,185" oya="0" hai0="94,106,0,87,121,80,129,7,42,88,69,9,60" hai1="72,21,84,90,6,97,13,20,30,50,133,35,120" hai2="49,46,43,53,59,82,54,118,119,89,41,125,113" hai3="105,1,64,109,70,83,14,61,110,117,126,123,47"/><T73/><D121/><U23/><E120/><V62/><F82/><W58/><G123/><T57/><D69/><U26/><E72/><V38/><F89/><W130/><G117/><T37/><D129/><U18/><E97/><V56/><F125/><W108/><G1/><T44/><D106/><U11/><E50/><V8/><F8/><W99/><G130/><T33/><D33/><U101/><E101/><V98/><F98/><W27/><G126/><T100/><D100/><U96/><E96/><V81/><F81/><W63/><G99/><T78/><D57/><U3/><REACH who="1" step="1"/><E133/><REACH who="1" ten="310,192,303,185" step="2"/><V31/><F113/><W32/><G108/><T4/><D4/><U34/><E34/><V114/><F114/><W116/><G32/><T17/><D17/><U86/><E86/><V115/><F115/><W51/><G51/><T76/><D76/><U36/><E36/><V40/><F31/><W66/><G109/><T91/><D91/><U102/><E102/><V92/><F92/><AGARI ba="0,1" hai="3,6,11,13,18,20,21,23,26,30,35,84,90,92" machi="92" ten="30,8000,1" yaku="1,1,7,1,24,2,52,1,53,0" doraHai="5" doraHaiUra="127" who="1" fromWho="2" sc="310,0,192,90,303,-80,185,0" />
</Scene>
<Scene>
<INIT seed="5,0,0,5,2,117" ten="310,282,223,185" oya="1" hai0="120,79,29,35,5,46,118,44,58,70,74,50,127" hai1="88,65,123,87,129,45,36,102,86,84,59,12,64" hai2="126,62,19,13,30,1,125,109,28,4,42,31,106" hai3="104,26,105,34,95,16,121,55,21,40,80,128,51"/><U78/><E129/><V32/><F106/><W113/><G128/><T77/><D118/><U23/><E123/><V85/><F42/><W115/><G40/><T11/><D70/><U57/><E102/><V47/><F47/><W52/><G34/><T97/><D127/><N who="2" m="48650" /><F62/><W83/><G121/><T110/><D74/><U133/><E133/><V68/><F68/><W135/><G135/><T96/><D29/><U93/><E36/><V114/><F85/><N who="1" m="32873" /><E45/><V76/><F76/><W6/><G6/><T69/><D46/><U101/><E101/><V18/><F109/><W33/><G33/><T131/><D44/><U49/><E78/><V107/><F107/><N who="3" m="41035" /><G95/><T134/><D79/><U94/><E94/><V73/><F73/><W99/><G99/><T56/><D77/><U112/><E112/><N who="3" m="43082" /><G51/><T37/><D131/><U92/><E92/><V75/><F75/><W60/><G60/><T61/><D134/><U124/><E124/><V130/><F130/><W20/><G20/><T2/><D35/><U3/><E3/><V122/><F122/><W10/><G10/><T25/><D2/><U67/><E49/><V27/><F114/><W116/><G116/><T100/><D50/><U41/><E41/><V81/><F81/><AGARI ba="0,0" hai="16,21,26,52,55,80,81,83" m="43082,41035" machi="81" ten="30,3900,0" yaku="15,1,54,2" doraHai="117" who="3" fromWho="2" sc="310,0,282,0,223,-39,185,39" />
</Scene>
<Scene>
<INIT seed="6,0,0,0,2,20" ten="310,282,184,224" oya="2" hai0="40,25,28,121,43,67,124,16,3,22,27,96,47" hai1="82,122,100,8,15,94,33,13,14,44,57,11,9" hai2="134,29,87,61,129,116,64,93,19,31,92,119,98" hai3="23,84,75,53,89,46,130,38,65,106,99,74,59"/><V49/><F129/><W118/><G118/><T110/><D121/><U91/><E122/><V45/><F134/><W86/><G130/><T133/><D110/><U72/><E33/><V108/><F108/><W6/><G65/><T52/><D3/><U83/><E72/><V73/><F73/><W128/><G128/><T76/><D67/><U111/><E111/><V127/><F127/><W126/><G126/><T120/><D76/><U80/><E100/><V104/><F104/><W70/><G70/><T107/><D120/><U1/><E1/><V69/><F19/><W62/><G84/><T117/><D124/><U5/><E5/><V71/><F71/><W35/><G35/><T105/><D133/><U39/><E57/><V32/><F87/><W36/><G36/><T56/><D43/><U131/><E131/><V97/><F116/><W54/><G6/><T7/><D96/><N who="2" m="36970" /><F119/><W85/><G85/><T12/><D7/><U81/><N who="1" m="20480" /><DORA hai="17" /><U42/><E94/><N who="2" m="36459" /><F32/><W95/><G99/><T18/><D117/><U102/><E102/><V123/><F123/><W78/><G106/><T101/><D101/><U63/><E91/><V68/><F68/><W51/><G38/><T48/><D107/><U0/><E0/><V88/><F88/><W103/><G103/><T135/><D105/><U113/><E113/><V132/><F132/><W37/><G37/><T24/><D135/><U114/><E114/><V109/><F109/><W55/><G75/><T60/><D18/><U4/><E4/><V26/><F26/><W115/><G74/><T41/><D16/><U2/><E2/><RYUUKYOKU ba="0,0" sc="310,-15,282,15,184,15,224,-15" hai1="8,9,11,13,14,15,39,42,44,63" hai2="29,31,45,49,61,64,69" />
</Scene>
<Scene>
<INIT seed="6,1,0,4,0,54" ten="295,297,199,209" oya="2" hai0="26,58,129,70,97,15,13,25,2,60,44,46,12" hai1="108,61,8,117,34,68,69,103,39,27,134,131,57" hai2="78,3,128,118,11,17,119,40,130,16,121,123,51" hai3="35,88,65,106,0,89,1,104,90,74,36,56,99"/><V102/><F78/><W133/><G35/><T21/><D70/><U116/><E108/><V30/><F102/><W6/><G36/><T127/><D2/><U109/><E109/><V101/><F101/><W114/><G74/><T84/><D127/><U83/><E39/><V9/><F40/><W125/><G125/><T126/><D126/><U93/><E131/><N who="2" m="50219" /><F51/><W122/><G122/><N who="2" m="46601" /><F30/><W124/><G124/><T96/><D84/><U53/><E103/><V98/><F98/><N who="0" m="37994" /><D129/><U55/><E117/><N who="2" m="44555" /><F3/><W14/><G99/><T75/><D75/><U73/><E73/><V45/><F45/><N who="0" m="17514" /><D21/><U37/><E116/><V95/><F95/><W135/><G0/><T33/><D33/><U120/><E93/><V107/><F107/><W79/><G1/><T132/><D132/><N who="3" m="50761" /><G104/><T85/><D85/><U52/><E34/><V42/><F42/><W110/><G106/><T76/><D76/><U64/><E134/><V20/><F20/><W38/><G79/><T91/><D91/><U29/><E29/><V105/><F105/><W62/><G38/><T94/><D94/><U5/><E37/><V63/><F63/><W22/><G22/><T19/><D19/><AGARI ba="1,0" hai="9,11,16,17,19" m="44555,46601,50219" machi="19" ten="40,18000,2" yaku="28,2,19,1,34,2,54,1" doraHai="54" who="2" fromWho="0" sc="295,-183,297,0,199,183,209,0" />
</Scene>
<Scene>
<INIT seed="6,2,0,2,0,117" ten="112,297,382,209" oya="2" hai0="113,75,116,30,77,3,65,92,106,62,102,87,33" hai1="79,97,133,55,39,76,31,58,132,38,11,111,1" hai2="71,72,29,134,54,14,104,50,15,99,91,119,126" hai3="68,115,9,12,35,59,86,34,110,4,43,100,32"/><V52/><F71/><W123/><G68/><T103/><D3/><U122/><E31/><V41/><F72/><W22/><G110/><T84/><D116/><U19/><E1/><V88/><F29/><W37/><G115/><T44/><D44/><U28/><E28/><V124/><F119/><W25/><G123/><T57/><D113/><U128/><E11/><V74/><F74/><W130/><G130/><T109/><D109/><U135/><E111/><V81/><F134/><W89/><G100/><T17/><D103/><U69/><E69/><V129/><F129/><W56/><G43/><T63/><D17/><U64/><E128/><V85/><F41/><W83/><REACH who="3" step="1"/><G37/><REACH who="3" ten="112,297,382,199" step="2"/><T66/><D106/><U121/><E39/><V60/><F104/><W18/><AGARI ba="2,1" hai="4,9,12,18,22,25,32,34,35,56,59,83,86,89" machi="18" ten="30,7900,0" yaku="1,1,2,1,0,1,53,1" doraHai="117" doraHaiUra="6" who="3" fromWho="3" sc="112,-22,297,-22,382,-41,199,95" />
</Scene>
<Scene>
<INIT seed="7,0,0,0,4,96" ten="90,275,341,294" oya="3" hai0="67,84,3,78,37,17,93,80,28,68,31,21,70" hai1="34,82,100,52,85,59,46,102,20,135,119,83,14" hai2="51,5,79,69,53,97,47,123,126,124,41,58,45" hai3="121,19,57,43,103,32,18,62,56,109,94,16,13"/><W89/><G121/><T27/><D37/><U104/><E34/><V24/><F79/><W77/><G32/><T4/><D67/><U99/><E135/><V113/><F5/><W98/><G109/><T35/><D31/><U39/><E119/><V2/><F2/><W23/><G77/><T25/><D93/><U30/><E39/><V75/><F75/><W107/><G43/><T105/><D105/><U125/><E125/><N who="2" m="48235" /><F69/><W65/><G57/><T92/><D92/><U44/><E99/><AGARI ba="0,0" hai="13,16,18,19,23,56,62,65,89,94,98,99,103,107" machi="99" ten="30,5800,0" yaku="7,1,52,1,54,1" doraHai="96" who="3" fromWho="1" sc="90,0,275,-58,341,0,294,58" owari="90,-41.0,217,-18.0,341,14.0,352,45.0" />
</Scene>
</mjloggm>