<mjloggm ver="2.3"><GO type="169"/><UN n0="%41%53%41%50%49%4E" n1="%E3%82%A2%E3%82%AB%E2%98%86%E3%82%A6%E3%83%BC%E3%83%94%E3%83%B3" n2="%E3%83%88%E3%83%9E%E3%82%BD%E3%83%B3" n3="%E5%94%90%E6%8F%9A%E5%A4%A7%E5%A5%BD%E3%81%8D" dan="18,16,16,17" rate="2237,2109,2029,2179" sx="M,M,M,M"/><TAIKYOKU oya="0"/>

<Scene>
<INIT seed="0,0,0,0,4,76" ten="250,250,250,250" oya="0" hai0="5,57,59,68,119,116,112,40,36,131,20,75,2" hai1="124,34,109,111,10,72,80,91,79,63,19,50,47" hai2="125,96,4,83,110,105,115,11,78,101,49,74,6" hai3="7,92,32,82,94,70,133,126,43,22,8,71,38"/><T23/><D112/><U100/><E34/><V117/><F110/><N who="1" m="41993" /><E124/><V35/><F125/><W84/><G32/><T90/><D68/><U33/><E33/><V77/><F35/><W64/><G126/><T129/><D75/><U1/><E100/><V26/><F117/><W121/><G121/><T13/><D2/><U107/><E107/><V12/><F115/><W99/><G133/><T18/><D5/><N who="1" m="1327" /><E91/><V61/><F26/><W29/><G71/><T65/><D23/><U104/><E104/><V134/><F134/><W97/><G70/><T30/><D30/><U128/><E19/><V55/><F61/><W60/><G29/><T81/><D40/><N who="1" m="24935" /><E63/><V15/><F77/><W123/><G60/><N who="0" m="38031" /><D36/><U67/><E67/><V127/><F127/><W42/><G64/><T130/><D59/><U44/><E44/><V120/><F120/><W21/><G123/><T132/><D132/><U58/><E58/><V106/><F106/><W53/><G38/><T73/><D73/><U46/><E46/><V54/><F49/><W0/><G53/><T27/><D116/><U108/><N who="1" m="42001" /><U3/><DORA hai="52" /><E3/><V122/><REACH who="2" step="1"/><F122/><REACH who="2" ten="250,250,240,250" step="2"/><W103/><G43/><T113/><D119/><U24/><E24/><V51/><F51/><W93/><G42/><T28/><D113/><U17/><E17/><V9/><AGARI ba="0,1" hai="4,6,9,11,12,15,54,55,74,78,83,96,101,105" machi="9" ten="30,7900,0" yaku="1,1,0,1,9,1,52,1,53,0" doraHai="76,52" doraHaiUra="135,37" who="2" fromWho="2" sc="250,-39,250,-20,240,89,250,-20" />
</Scene>
<Scene>
<INIT seed="1,0,0,5,1,39" ten="211,230,329,230" oya="1" hai0="120,6,129,48,94,125,68,10,132,123,90,64,104" hai1="75,45,29,109,122,21,133,55,14,4,49,9,79" hai2="59,110,28,131,12,95,66,85,77,126,41,107,124" hai3="8,3,113,27,119,82,114,31,67,115,135,116,78"/><U22/><E122/><V37/><F28/><W33/><G67/><T91/><D104/><U35/><E133/><V134/><F134/><W121/><G135/><T42/><D132/><U61/><E109/><V65/><F107/><W81/><G121/><N who="0" m="46667" /><D129/><U57/><E75/><V46/><F110/><W127/><G127/><T101/><D125/><U117/><E117/><V62/><F131/><W118/><REACH who="3" step="1"/><G78/><REACH who="3" ten="211,230,329,220" step="2"/><T30/><D64/><U89/><E79/><V130/><F130/><W72/><G72/><T26/><D68/><U34/><E89/><V112/><F66/><W13/><G13/><N who="0" m="5335" /><D91/><U24/><REACH who="1" step="1"/><E35/><REACH who="1" ten="211,220,329,220" step="2"/><V5/><F126/><W17/><G17/><T97/><D90/><U69/><E69/><V1/><F124/><W93/><G93/><T25/><D30/><U58/><E58/><V100/><F95/><W102/><G102/><T71/><D71/><U44/><E44/><AGARI ba="0,2" hai="25,26,42,44,48,94,97,101" m="5335,46667" machi="44" ten="30,2000,0" yaku="13,1,52,1" doraHai="39" who="0" fromWho="1" sc="211,40,220,-20,329,0,220,0" />
</Scene>
<Scene>
<INIT seed="2,0,0,1,5,93" ten="251,200,329,220" oya="2" hai0="102,97,98,28,123,37,39,34,133,12,15,110,14" hai1="41,46,74,90,51,106,47,4,127,78,10,1,49" hai2="92,20,80,32,58,79,5,113,109,69,125,7,124" hai3="135,73,120,130,22,76,107,96,23,54,9,21,40"/><V86/><F32/><W67/><G120/><T50/><D123/><U128/><E106/><V61/><F69/><W114/><G135/><T24/><D133/><U42/><E127/><V62/><F113/><W134/><G134/><T129/><D110/><U101/><E90/><V59/><F109/><W68/><G114/><T19/><D129/><U56/><E101/><V87/><F20/><W18/><G130/><T8/><D50/><U95/><E95/><V3/><F3/><W112/><G112/><T65/><D65/><U52/><E128/><V55/><F124/><W118/><G118/><T111/><D111/><U35/><E35/><V82/><F92/><W126/><G126/><T66/><D66/><U64/><E64/><V63/><F125/><W29/><G40/><T121/><D121/><U132/><E132/><V104/><F104/><W11/><G29/><T108/><D108/><U131/><E131/><V119/><F119/><W13/><G54/><T48/><D48/><U38/><E74/><V71/><F71/><W6/><G73/><T26/><D102/><U0/><E78/><V16/><F16/><W36/><G76/><T116/><D116/><U84/><E84/><V99/><F99/><W2/><G36/><T33/><D8/><U27/><E27/><V100/><F100/><N who="3" m="62855" /><G9/><T25/><D28/><U45/><E47/><V91/><F63/><N who="3" m="40063" /><G11/><T17/><D34/><U83/><E83/><V44/><F44/><W30/><G30/><T81/><D33/><U105/><E105/><V57/><F57/><W75/><G75/><T117/><D117/><U115/><E115/><RYUUKYOKU ba="0,0" sc="251,-30,200,10,329,10,220,10" hai1="0,1,4,10,38,41,42,45,46,49,51,52,56" hai2="5,7,55,58,59,61,62,79,80,82,86,87,91" hai3="2,6,13,18,21,22,23" />
</Scene>
<Scene>
<INIT seed="2,1,0,5,2,78" ten="221,210,339,230" oya="2" hai0="3,9,83,104,4,26,12,28,2,106,53,118,79" hai1="61,131,95,100,133,108,65,119,97,41,109,111,87" hai2="82,50,20,72,122,52,57,107,34,17,55,128,29" hai3="127,42,62,76,39,103,69,130,5,15,25,85,48"/><V129/><F107/><W45/><G39/><T37/><D118/><U43/><E119/><V91/><F122/><W98/><G130/><N who="2" m="50281" /><F34/><W49/><G127/><T96/><D37/><U124/><E131/><V51/><F29/><W93/><G25/><T81/><D53/><N who="2" m="20554" /><F57/><W11/><G69/><T24/><D24/><U66/><E133/><V80/><F91/><W63/><G48/><N who="2" m="18473" /><F72/><W90/><REACH who="3" step="1"/><G76/><REACH who="3" ten="221,210,339,220" step="2"/><T27/><D79/><U70/><E124/><V114/><F114/><W67/><G67/><T121/><D28/><U94/><E66/><V75/><F75/><W0/><G0/><T60/><D3/><U86/><E86/><V134/><F134/><W71/><G71/><T35/><D2/><U46/><E87/><V1/><F1/><W18/><G18/><T126/><D126/><U123/><E123/><V89/><F89/><W47/><G47/><T56/><D121/><U38/><E46/><V33/><F33/><W115/><G115/><T113/><D35/><U16/><E16/><V74/><F74/><W30/><G30/><T36/><D113/><U7/><E38/><V21/><F17/><W8/><G8/><T112/><D36/><U125/><E125/><V44/><F44/><W54/><G54/><N who="0" m="33815" /><D112/><U68/><E70/><V101/><F101/><W116/><G116/><T77/><D77/><U117/><E117/><V23/><AGARI ba="1,1" hai="20,21,23,80,82" m="18473,20554,50281" machi="23" ten="40,18000,2" yaku="28,2,19,1,52,2,54,1" doraHai="78" who="2" fromWho="2" sc="221,-61,210,-61,339,193,220,-61" />
</Scene>
<Scene>
<INIT seed="2,2,0,2,5,49" ten="160,149,532,159" oya="2" hai0="102,8,107,16,80,56,113,88,89,13,131,115,0" hai1="73,35,129,21,83,47,99,97,12,55,15,111,70" hai2="20,40,67,82,114,81,44,23,109,94,59,37,133" hai3="110,134,96,43,14,104,46,51,6,135,127,57,93"/><V72/><F114/><W100/><G127/><T28/><D131/><U50/><E35/><V39/><F39/><W4/><G110/><T34/><D0/><U26/><E111/><V53/><F109/><W118/><G118/><T22/><D34/><U75/><E129/><V98/><F133/><N who="3" m="50699" /><G104/><T92/><D107/><U2/><E70/><V79/><F82/><W33/><G33/><T71/><D71/><U123/><E2/><V69/><F67/><W91/><G100/><T30/><D113/><U17/><E123/><V112/><F69/><W116/><G116/><T1/><D115/><U124/><E124/><V119/><F119/><W60/><G14/><N who="0" m="9495" /><D1/><U19/><E26/><V54/><F112/><W25/><G25/><T108/><D108/><U76/><REACH who="1" step="1"/><E73/><REACH who="1" ten="160,139,532,159" step="2"/><V101/><REACH who="2" step="1"/><F59/><REACH who="2" ten="160,139,522,159" step="2"/><W3/><G3/><T18/><D56/><U65/><E65/><AGARI ba="2,2" hai="4,6,43,46,51,57,60,65,91,93,96" m="50699" machi="65" ten="30,1000,0" yaku="20,1" doraHai="49" who="3" fromWho="1" sc="160,0,139,-16,522,0,159,36" />
</Scene>
<Scene>
<INIT seed="3,0,0,1,0,99" ten="160,123,522,195" oya="3" hai0="29,49,86,119,15,82,125,25,89,101,26,24,51" hai1="107,0,98,117,97,17,59,84,13,11,53,5,34" hai2="67,45,114,44,110,48,115,120,70,106,123,105,103" hai3="91,50,68,94,127,58,73,79,64,130,42,60,75"/><W96/><G130/><T122/><D119/><U78/><E34/><V126/><F67/><W69/><G127/><T20/><D125/><U133/><E117/><V131/><F126/><W16/><G69/><T132/><D132/><U74/><E74/><V9/><F9/><W113/><G113/><T33/><D122/><U27/><E133/><V57/><F57/><W88/><G91/><T92/><D15/><U4/><E27/><V52/><F48/><W71/><G71/><T108/><D108/><U21/><E5/><V61/><F61/><W12/><G79/><T134/><D134/><U135/><E135/><V72/><F72/><W104/><G104/><T37/><D37/><U18/><E18/><V32/><F32/><W87/><G96/><N who="0" m="59527" /><D33/><U83/><REACH who="1" step="1"/><E107/><REACH who="1" ten="160,113,522,195" step="2"/><V54/><F131/><W102/><G75/><T19/><D26/><U40/><E40/><V129/><F129/><W35/><G73/><T46/><D25/><U6/><E6/><V76/><F123/><W124/><G35/><T47/><D19/><U63/><AGARI ba="0,1" hai="0,4,11,13,17,21,53,59,63,78,83,84,97,98" machi="63" ten="20,8000,1" yaku="1,1,0,1,7,1,53,2" doraHai="99" doraHaiUra="95" who="1" fromWho="1" sc="160,-20,113,90,522,-20,195,-40" />
</Scene>
<Scene>
<INIT seed="4,0,0,0,2,41" ten="140,203,502,155" oya="0" hai0="103,11,128,52,78,8,134,28,10,77,64,4,133" hai1="79,12,135,33,125,71,94,84,55,21,54,107,127" hai2="44,104,97,61,25,20,105,17,14,22,73,23,109" hai3="123,69,117,96,110,58,95,92,66,85,126,65,37"/><T68/><D128/><U13/><E33/><V132/><F73/><W118/><G37/><T102/><D28/><U72/><E71/><V6/><F109/><W47/><G110/><T75/><D4/><U131/><E107/><V57/><F132/><N who="0" m="50794" /><D75/><U19/><E131/><V90/><F6/><W9/><G123/><T31/><D31/><U34/><E34/><V59/><F59/><W60/><G126/><N who="1" m="48138" /><E135/><V101/><F105/><W24/><G69/><T40/><D40/><U82/><E13/><V112/><F112/><W43/><G66/><T70/><D70/><U46/><E46/><V48/><F90/><AGARI ba="0,0" hai="12,19,21,54,55,72,79,82,84,90,94" m="48138" machi="90" ten="30,1000,0" yaku="18,1" doraHai="41" who="1" fromWho="2" sc="140,0,203,10,502,-10,155,0" />
</Scene>
<Scene>
<INIT seed="5,0,0,5,4,67" ten="140,213,492,155" oya="1" hai0="40,30,96,63,3,19,51,134,13,55,33,122,123" hai1="70,112,72,53,6,4,42,66,99,135,46,23,110" hai2="108,111,17,87,128,16,75,130,127,2,37,73,15" hai3="114,95,14,20,41,29,92,21,93,77,86,80,18"/><U36/><E72/><N who="2" m="27723" /><F37/><W101/><G114/><T43/><D3/><U7/><E112/><V68/><F68/><W94/><G41/><T106/><D134/><U57/><E135/><V11/><F2/><W82/><G82/><T62/><D30/><U12/><E110/><V28/><F28/><W74/><G74/><T50/><D33/><U120/><E120/><N who="0" m="46121" /><D96/><U59/><E99/><V35/><F35/><W85/><G101/><T119/><D106/><U129/><E129/><N who="2" m="49771" /><F127/><W97/><G97/><T34/><D119/><U109/><E109/><V71/><F71/><W84/><N who="3" m="23552" /><DORA hai="25" /><W10/><REACH who="3" step="1"/><G10/><REACH who="3" ten="140,213,492,145" step="2"/><N who="0" m="6583" /><D34/><U78/><E42/><N who="0" m="15913" /><D50/><U48/><E48/><V81/><F111/><W121/><G121/><T132/><D132/><U125/><E36/><V9/><F108/><W32/><G32/><T44/><AGARI ba="0,1" hai="44,51,55,62,63" m="15913,6583,46121" machi="44" ten="30,1100,0" yaku="13,1" doraHai="67,25" who="0" fromWho="0" sc="140,21,213,-5,492,-3,145,-3" />
</Scene>
<Scene>
<INIT seed="6,0,0,2,0,21" ten="161,208,489,142" oya="2" hai0="84,117,68,103,96,113,76,93,10,19,81,35,46" hai1="37,7,118,100,74,124,122,57,54,31,61,89,132" hai2="135,48,4,43,20,83,65,91,17,44,32,64,108" hai3="72,109,15,2,134,98,114,62,26,105,39,18,53"/><V112/><F32/><W11/><G39/><T42/><D113/><U50/><E74/><V106/><F106/><W0/><G72/><T111/><D111/><U88/><E118/><V30/><F108/><W63/><G109/><T28/><D117/><U131/><E37/><V47/><F112/><W80/><G114/><T123/><D123/><U29/><E124/><V78/><F30/><N who="1" m="11273" /><E131/><V58/><F4/><W99/><G134/><T85/><D68/><U94/><E7/><V82/><F58/><W12/><G80/><T133/><D133/><U52/><E122/><V60/><F60/><W75/><G75/><T95/><D28/><U116/><E116/><V23/><F23/><W102/><G98/><T110/><D110/><U22/><E22/><V90/><F47/><W87/><G87/><N who="0" m="48551" /><D95/><U97/><E132/><V6/><F6/><W73/><G73/><T59/><D59/><AGARI ba="0,0" hai="50,52,54,57,59,61,88,89,94,97,100" m="11273" machi="59" ten="30,3900,0" yaku="8,1,54,2" doraHai="21" who="1" fromWho="0" sc="161,-39,208,39,489,0,142,0" />
</Scene>
<Scene>
<INIT seed="7,0,0,1,2,47" ten="122,247,489,142" oya="3" hai0="63,126,93,64,76,104,16,13,24,46,121,0,75" hai1="130,129,9,105,39,17,123,52,120,111,27,95,85" hai2="61,77,81,33,110,122,57,88,102,67,34,117,97" hai3="5,1,132,89,18,26,114,65,90,21,44,53,68"/><W125/><G125/><T133/><D121/><U79/><E105/><V43/><F117/><W128/><G128/><N who="1" m="49258" /><E39/><V83/><F110/><W119/><G119/><T108/><D104/><U23/><E111/><V118/><F118/><W14/><G132/><T134/><D108/><U66/><E66/><V35/><F43/><W19/><G114/><T98/><D0/><U32/><E32/><V100/><F122/><W87/><G1/><T41/><D126/><U38/><E38/><V4/><F4/><W80/><G5/><T106/><D106/><U10/><E52/><V72/><F97/><W40/><G65/><T50/><D24/><U48/><E48/><V15/><F15/><W115/><G68/><T116/><D116/><U78/><E78/><V74/><F88/><N who="3" m="51303" /><G115/><T84/><D75/><U135/><E135/><N who="0" m="51721" /><D76/><AGARI ba="0,0" hai="33,34,35,57,61,67,72,74,76,77,81,83,100,102" machi="76" ten="40,1300,0" yaku="9,1" doraHai="47" who="2" fromWho="0" sc="122,-13,247,0,489,13,142,0" owari="109,-39.0,247,5.0,502,60.0,142,-26.0" />
</Scene>
</mjloggm>