<mjloggm ver="2.3"><GO type="169" lobby="0"/><UN n0="%41%53%41%50%49%4E" n1="%E3%81%82%E3%81%A4%E3%81%82%E3%81%A4%E6%B9%AF%E8%B1%86%E8%85%90" n2="%74%6F%6D%6F%79%75" n3="%E7%81%BC%E7%9C%BC%E3%81%AE%E3%82%B7%E3%83%A3%E3%83%8A%E3%82%BF%E3%83%B3" dan="19,17,16,16" rate="2330.26,2134.59,2042.21,2147.92" sx="M,M,M,F"/><TAIKYOKU oya="0"/>

<Scene>
<INIT seed="0,0,0,3,3,134" ten="250,250,250,250" oya="0" hai0="60,30,54,29,72,123,76,113,131,90,74,25,120" hai1="16,44,116,9,49,83,109,0,23,32,57,94,50" hai2="70,99,24,124,81,3,118,19,1,5,27,80,87" hai3="82,38,66,47,106,114,73,51,53,86,41,42,130"/><T62/><D113/><U129/><E116/><V98/><F70/><W91/><G114/><T125/><D131/><U48/><E32/><V107/><F118/><W105/><G130/><T79/><D90/><U46/><E129/><V6/><F87/><W93/><G66/><T10/><D10/><U35/><E35/><V75/><F19/><W122/><G122/><T71/><D54/><U110/><E83/><V92/><F92/><W67/><G67/><T77/><D77/><U89/><E57/><V37/><F37/><W121/><G121/><T14/><D14/><U101/><E101/><V13/><F13/><W55/><G42/><T7/><D7/><U59/><E59/><V102/><F102/><W84/><G73/><T8/><D8/><U104/><E104/><V117/><F117/><W100/><G55/><T111/><D111/><N who="1" m="42507" /><E9/><V112/><F112/><W85/><G100/><T36/><D36/><U133/><E0/><V33/><F33/><W135/><G135/><T126/><REACH who="0" step="1"/><D71/><REACH who="0" ten="240,250,250,250" step="2"/><U17/><E133/><V39/><F39/><W127/><G38/><T15/><D15/><N who="1" m="9631" /><E17/><V26/><F1/><W95/><G53/><T34/><D34/><U61/><E61/><V21/><F3/><W65/><G91/><T43/><D43/><U97/><AGARI ba="0,1" hai="44,46,48,49,50,89,94,97" m="9631,42507" machi="97" ten="30,2000,0" yaku="14,1,54,1" doraHai="134" who="1" fromWho="1" sc="240,-10,250,30,250,-5,250,-5" />
</Scene>
<Scene>
<INIT seed="1,0,0,5,0,117" ten="230,280,245,245" oya="1" hai0="6,108,38,58,55,129,123,112,101,20,63,68,92" hai1="74,41,100,104,52,10,91,28,62,4,86,120,15" hai2="34,103,115,53,71,21,135,33,23,65,3,60,22" hai3="118,124,56,49,57,7,97,78,89,9,72,67,132"/><U106/><E74/><V76/><F3/><W47/><G118/><T109/><D112/><U29/><E41/><V98/><F115/><W35/><G35/><T114/><D114/><U70/><E120/><V122/><F122/><W82/><G132/><T95/><D38/><U79/><E79/><V110/><F135/><W83/><G67/><T73/><D73/><U40/><E40/><V61/><F76/><W105/><G124/><T42/><D42/><U39/><E39/><V24/><F110/><W54/><G83/><T37/><D37/><U0/><E0/><V16/><F33/><W130/><G130/><T88/><D129/><U8/><E8/><V94/><REACH who="2" step="1"/><F34/><REACH who="2" ten="230,280,235,245" step="2"/><W30/><G78/><T50/><D123/><U45/><E70/><V44/><F44/><W93/><G47/><T36/><D68/><U1/><E1/><V46/><F46/><W85/><G57/><AGARI ba="0,1" hai="16,21,22,23,24,53,57,60,61,65,71,94,98,103" machi="57" ten="40,2600,0" yaku="1,1,54,1,53,0" doraHai="117" doraHaiUra="111" who="2" fromWho="3" sc="230,0,280,0,235,36,245,-26" />
</Scene>
<Scene>
<INIT seed="2,0,0,0,2,62" ten="230,280,271,219" oya="2" hai0="46,68,5,119,89,74,15,103,29,11,98,66,56" hai1="91,83,54,39,132,53,113,22,19,42,94,128,24" hai2="34,129,116,109,73,1,93,67,106,49,17,13,64" hai3="20,75,3,35,135,7,18,107,45,92,84,31,101"/><V117/><F106/><W57/><G75/><T9/><D74/><U99/><E113/><V59/><F1/><W33/><G135/><T124/><D124/><U27/><E132/><V36/><F36/><W123/><G123/><T63/><D119/><U38/><E128/><V90/><F73/><W88/><G45/><T32/><D89/><U100/><E27/><V79/><F79/><W121/><G121/><T55/><D46/><U77/><E100/><V111/><F34/><W131/><G131/><T71/><D9/><U102/><E102/><V97/><F129/><W81/><G31/><T44/><D44/><U47/><REACH who="1" step="1"/><E39/><REACH who="1" ten="230,270,271,219" step="2"/><V6/><F117/><W60/><G107/><T14/><D103/><U95/><E95/><V112/><F112/><W114/><G114/><T10/><D32/><U4/><E4/><V25/><F25/><W30/><G92/><T12/><D5/><U2/><E2/><V126/><F6/><W127/><G101/><T69/><D29/><U118/><E118/><V96/><F116/><W48/><G30/><T65/><D12/><U125/><E125/><V21/><F126/><W43/><G127/><T0/><D0/><U82/><E82/><V8/><F97/><W40/><G3/><T26/><D98/><U78/><E78/><V80/><F80/><W61/><G7/><N who="0" m="3423" /><D26/><U16/><E16/><V28/><F28/><W41/><G35/><T130/><D130/><U51/><E51/><V110/><F8/><W37/><G33/><T58/><D15/><U122/><E122/><V76/><F76/><W50/><G37/><T87/><D11/><RYUUKYOKU ba="0,1" sc="230,-15,270,15,271,15,219,-15" hai1="19,22,24,38,42,47,53,54,77,83,91,94,99" hai2="13,17,21,49,59,64,67,90,93,96,109,110,111" />
</Scene>
<Scene>
<INIT seed="2,1,1,5,4,90" ten="215,285,286,204" oya="2" hai0="37,106,94,48,91,13,97,86,81,84,10,102,75" hai1="28,85,115,78,132,18,5,101,14,31,19,93,121" hai2="20,54,8,58,21,131,57,29,125,38,103,82,39" hai3="1,51,112,12,23,0,129,6,50,74,52,7,92"/><V98/><F125/><W40/><G74/><T11/><D37/><U111/><E115/><V2/><F131/><W45/><G129/><T134/><D134/><U80/><E111/><V17/><F82/><W76/><G76/><T127/><D127/><U87/><E132/><V116/><F58/><N who="3" m="33055" /><G1/><T25/><D13/><U133/><E133/><V79/><F79/><W70/><G70/><T44/><D25/><U3/><E3/><V68/><F68/><W99/><G0/><T59/><D59/><U55/><E121/><V71/><F71/><W113/><G113/><T95/><D75/><U43/><E43/><V33/><F33/><W63/><G63/><T61/><D61/><U109/><E109/><V120/><F116/><W56/><G56/><T89/><D106/><U73/><E73/><V123/><F123/><W53/><G40/><AGARI ba="1,1" hai="10,11,40,44,48,81,84,86,89,91,94,95,97,102" machi="40" ten="30,7700,0" yaku="7,1,8,1,52,2" doraHai="90" who="0" fromWho="3" sc="215,90,285,0,286,0,204,-80" />
</Scene>
<Scene>
<INIT seed="3,0,0,3,0,44" ten="305,285,286,124" oya="3" hai0="88,82,35,98,14,57,105,116,68,21,60,111,25" hai1="58,65,1,114,67,99,10,40,134,75,16,120,94" hai2="96,100,7,54,32,28,78,37,18,74,72,0,123" hai3="122,119,11,42,27,79,41,9,125,69,52,97,121"/><W93/><G119/><T133/><D116/><U104/><E114/><V15/><F37/><W63/><G79/><T91/><D68/><U5/><E120/><V117/><F123/><W30/><G125/><T128/><D111/><U112/><E112/><V115/><F115/><W33/><G121/><T129/><D133/><U77/><E104/><V131/><F117/><W51/><G122/><T4/><D35/><U8/><E134/><V53/><F7/><W66/><G41/><T23/><D105/><U45/><E58/><V3/><F28/><W110/><G42/><T6/><D23/><U108/><E108/><V56/><F53/><W62/><G62/><T81/><D81/><N who="1" m="45247" /><E16/><V84/><F84/><W130/><G110/><T48/><D14/><U92/><E10/><V113/><F32/><W22/><G33/><T87/><D98/><U49/><E94/><V50/><F113/><W47/><REACH who="3" step="1"/><G130/><REACH who="3" ten="305,285,286,114" step="2"/><T19/><D128/><U132/><E132/><V127/><F131/><W36/><G36/><T43/><D129/><U26/><E40/><V59/><F127/><W73/><G73/><T85/><D43/><U83/><E65/><V70/><F78/><W101/><AGARI ba="0,1" hai="9,11,22,27,30,47,51,52,63,66,69,93,97,101" machi="101" ten="20,12000,1" yaku="1,1,0,1,7,1,52,1,54,1,53,0" doraHai="44" doraHaiUra="102" who="3" fromWho="3" sc="305,-40,285,-40,286,-40,114,130" />
</Scene>
<Scene>
<INIT seed="3,1,0,1,3,132" ten="265,245,246,244" oya="3" hai0="116,4,103,0,9,126,87,17,129,64,121,89,81" hai1="71,83,24,18,67,34,99,95,93,88,14,72,32" hai2="109,13,124,28,84,78,22,101,27,33,21,38,40" hai3="54,69,57,41,70,26,42,133,130,19,31,47,37"/><W119/><G119/><T73/><D116/><U23/><E71/><V131/><F109/><W96/><G133/><T134/><D134/><U108/><E108/><V5/><F131/><W75/><G75/><T74/><D121/><U112/><E67/><V62/><F101/><W10/><G130/><T3/><D129/><U97/><E112/><V98/><F98/><W43/><G96/><T2/><D126/><U82/><E72/><V107/><F107/><W123/><G123/><T92/><D74/><U36/><E36/><V128/><F124/><W59/><G42/><T48/><D64/><U1/><E1/><V114/><F114/><W44/><G10/><T39/><D39/><U61/><E61/><V79/><F40/><W52/><G19/><T100/><D17/><U15/><E34/><V102/><F102/><W6/><G6/><T65/><D65/><U117/><E117/><V49/><F62/><N who="3" m="36135" /><G26/><T56/><D100/><U110/><E110/><V46/><F38/><N who="3" m="21559" /><G31/><T76/><D103/><N who="1" m="60847" /><E32/><V94/><F128/><W106/><G106/><T85/><D73/><U16/><E24/><V120/><F120/><W66/><G66/><T104/><D104/><U118/><E118/><V60/><F60/><AGARI ba="1,0" hai="37,43,47,54,59,60,69,70" m="21559,36135" machi="60" ten="30,18000,2" yaku="35,5,54,1" doraHai="132" who="3" fromWho="2" sc="265,0,245,0,246,-183,244,183" />
</Scene>
<Scene>
<INIT seed="3,2,0,3,5,84" ten="265,245,63,427" oya="3" hai0="73,13,66,93,1,20,91,77,33,103,128,14,132" hai1="23,38,81,115,58,95,107,17,89,75,102,85,116" hai2="46,30,82,99,79,36,80,76,88,41,106,130,48" hai3="105,45,122,71,72,117,74,119,97,44,124,4,126"/><W60/><G4/><T123/><D123/><U3/><E115/><V27/><F130/><W121/><G71/><T10/><D33/><U28/><E3/><V133/><F133/><W50/><G60/><T22/><D128/><U15/><E38/><V131/><F131/><W98/><REACH who="3" step="1"/><G50/><REACH who="3" ten="265,245,63,417" step="2"/><T54/><D132/><U113/><E113/><V42/><F48/><W39/><G39/><T29/><D66/><U24/><E116/><V110/><F36/><W21/><G21/><T8/><D22/><U49/><E49/><V16/><F41/><W62/><G62/><T127/><D20/><U34/><E23/><V35/><F42/><W55/><G55/><T68/><D54/><U37/><E34/><V51/><F51/><W96/><G96/><T129/><D68/><U61/><E37/><V5/><F5/><W92/><G92/><T70/><D93/><U32/><E95/><V43/><F43/><W87/><G87/><T101/><D70/><U108/><E61/><V69/><F69/><W83/><G83/><T7/><D7/><U90/><E81/><V104/><F82/><W78/><G78/><T47/><D77/><U25/><E85/><V26/><F79/><W40/><G40/><T125/><D129/><U2/><E32/><V65/><F80/><W114/><G114/><T19/><D10/><U53/><E53/><V109/><F76/><W6/><G6/><T118/><D8/><U111/><E2/><V112/><F112/><W11/><G11/><T57/><D1/><U56/><E15/><V59/><F35/><W18/><G18/><T0/><D14/><RYUUKYOKU ba="2,1" sc="265,-10,245,-10,63,-10,417,30" hai3="44,45,72,74,97,98,105,117,119,121,122,124,126" />
</Scene>
<Scene>
<INIT seed="3,3,1,3,0,73" ten="255,235,53,447" oya="3" hai0="98,71,102,42,122,120,45,100,1,51,66,12,82" hai1="16,58,33,7,21,32,123,107,52,31,10,5,3" hai2="97,9,90,20,50,34,79,60,80,85,38,8,78" hai3="93,86,125,104,63,69,15,114,92,65,54,40,24"/><W126/><G114/><T36/><D1/><U135/><E135/><V53/><F34/><W11/><G104/><T44/><D100/><U0/><E123/><V57/><F38/><W101/><G40/><T37/><D71/><U119/><E107/><V28/><F97/><W84/><G24/><T96/><D66/><U112/><E112/><V18/><F28/><W56/><G86/><T72/><D96/><U106/><E106/><V22/><F22/><W134/><G134/><T127/><D127/><N who="3" m="48649" /><G84/><T2/><D2/><U77/><E119/><V17/><F17/><N who="3" m="8447" /><G101/><T99/><D99/><U41/><E41/><V13/><REACH who="2" step="1"/><F60/><AGARI ba="3,1" hai="54,56,60,63,65,69,92,93" m="8447,48649" machi="60" ten="30,1500,0" yaku="18,1" doraHai="73" who="3" fromWho="2" sc="255,0,235,0,53,-24,447,34" />
</Scene>
<Scene>
<INIT seed="3,4,0,5,2,18" ten="255,235,29,481" oya="3" hai0="51,80,53,22,107,3,23,123,83,93,112,9,78" hai1="2,44,8,131,5,135,25,77,127,94,39,88,82" hai2="37,69,129,86,47,75,115,102,108,35,48,28,60" hai3="124,12,106,65,14,61,58,56,117,45,13,133,49"/><W103/><G117/><T99/><D123/><U0/><E135/><V91/><F75/><W119/><G119/><T31/><D107/><U64/><E127/><V24/><F115/><W95/><G133/><T134/><D134/><U11/><E131/><V76/><F76/><W122/><G122/><T16/><D112/><U67/><E25/><V15/><F37/><W26/><G106/><T87/><D80/><U111/><E111/><V101/><F108/><W40/><G124/><T81/><D81/><U27/><E27/><V52/><F129/><W6/><G26/><T130/><D31/><U105/><E105/><V29/><F29/><W71/><G6/><T36/><D36/><U4/><E44/><V114/><F15/><W38/><G38/><T68/><D68/><U132/><E39/><V59/><F69/><W92/><G103/><T89/><D130/><U85/><E132/><V20/><F35/><W10/><G10/><T116/><D116/><U96/><AGARI ba="4,0" hai="0,2,4,5,8,11,64,67,77,82,85,88,94,96" machi="96" ten="20,5200,0" yaku="0,1,7,1,9,1,54,1" doraHai="18" who="1" fromWho="1" sc="255,-17,235,64,29,-17,481,-30" />
</Scene>
<Scene>
<INIT seed="4,0,0,2,5,40" ten="238,299,12,451" oya="0" hai0="32,103,16,82,96,119,69,135,86,17,98,109,20" hai1="71,49,115,21,34,4,25,88,126,108,118,30,132" hai2="68,84,61,65,85,127,120,76,39,116,31,75,100" hai3="81,37,99,89,6,13,94,38,134,125,42,106,111"/><T74/><D119/><U55/><E118/><V36/><F116/><W29/><G29/><T133/><D32/><U41/><E108/><V128/><F120/><W1/><G111/><T117/><D109/><U47/><E126/><V56/><F127/><W79/><G1/><T45/><D117/><U27/><E132/><N who="0" m="50761" /><D69/><U54/><E71/><V50/><F128/><W11/><G125/><T101/><D74/><U60/><E115/><V114/><F114/><W51/><G106/><N who="0" m="63783" /><D20/><U10/><E60/><V67/><F68/><W104/><G134/><T46/><D16/><U93/><E27/><V53/><F31/><W102/><G6/><T62/><D62/><U19/><E19/><V110/><F110/><W112/><G11/><T24/><D17/><U91/><E34/><V18/><F18/><W90/><G13/><T122/><D24/><U97/><E91/><V8/><F8/><W57/><G90/><N who="0" m="51543" /><D122/><U35/><E35/><V131/><F75/><W121/><G121/><T107/><AGARI ba="0,0" hai="45,46,98,103,107" m="51543,63783,50761" machi="107" ten="30,6000,0" yaku="20,1,52,2" doraHai="40" who="0" fromWho="0" sc="238,60,299,-20,12,-20,451,-20" owari="298,10.0,279,-12.0,-8,-51.0,431,53.0" />
</Scene>
</mjloggm>