<mjloggm ver="2.3"><GO type="169" lobby="0"/><UN n0="%4B%E3%80%82" n1="%E6%9C%88%E5%8D%83%E4%B8%80%E5%A4%9C" n2="%E3%81%A1%E3%81%87%E3%81%A3%E3%81%8B%E3%83%BC%E3%81%9A" n3="%41%53%41%50%49%4E" dan="17,16,16,18" rate="2182,2052,2066,2206" sx="M,F,M,M"/><TAIKYOKU oya="0"/>

<Scene>
<INIT seed="0,0,0,2,0,54" ten="250,250,250,250" oya="0" hai0="113,36,97,90,66,105,126,70,100,122,23,84,108" hai1="134,64,107,5,93,131,6,55,78,57,119,13,114" hai2="58,14,28,86,135,106,18,26,101,111,16,43,87" hai3="44,95,79,46,48,68,49,102,94,56,82,37,130"/><T123/><D36/><U2/><E119/><V67/><F111/><W19/><G68/><T27/><D113/><U124/><E107/><V129/><F129/><W3/><G3/><T80/><D108/><U60/><E131/><V34/><F135/><W59/><G130/><T112/><D112/><U21/><E134/><V41/><F101/><W116/><G37/><T75/><D126/><U31/><E124/><V24/><F106/><W45/><G116/><T51/><D51/><N who="3" m="19529" /><G102/><T132/><D132/><U40/><E2/><V104/><F104/><W72/><G72/><T38/><D38/><U125/><E40/><N who="2" m="15435" /><F34/><W77/><G82/><T33/><D75/><U62/><E125/><V47/><F47/><W120/><G19/><N who="2" m="7209" /><F14/><W9/><G9/><T30/><REACH who="0" step="1"/><D23/><REACH who="0" ten="240,250,250,250" step="2"/><U12/><E21/><N who="2" m="15375" /><F26/><W17/><G120/><T99/><D99/><U98/><E114/><V25/><F25/><W65/><G44/><T71/><D71/><U109/><E109/><V35/><F35/><W53/><G46/><T10/><D10/><U15/><E98/><V8/><F8/><W42/><G45/><T91/><D91/><U32/><E32/><V7/><F7/><W39/><G39/><T96/><D96/><U61/><E5/><V69/><F69/><W22/><G42/><T52/><D52/><U11/><E6/><V133/><F133/><W63/><G22/><T85/><D85/><U121/><E11/><V1/><F1/><W74/><G74/><T76/><D76/><N who="3" m="29257" /><G17/><T115/><D115/><U50/><E78/><V92/><F86/><W110/><G110/><T29/><D29/><RYUUKYOKU ba="0,1" sc="240,15,250,-15,250,-15,250,15" hai0="27,30,33,66,70,80,84,90,97,100,105,122,123" hai3="53,56,59,63,65,94,95" />
</Scene>
<Scene>
<INIT seed="0,1,1,3,2,21" ten="255,235,235,265" oya="0" hai0="29,121,73,3,96,19,113,7,102,118,56,14,24" hai1="134,70,12,75,124,39,125,50,104,65,17,117,85" hai2="11,72,30,46,2,122,129,126,131,58,79,95,81" hai3="71,77,61,48,4,83,53,108,135,60,101,27,98"/><T89/><D121/><U111/><E117/><V74/><F122/><W110/><G135/><T25/><D118/><U45/><E134/><V47/><F74/><W54/><G4/><T103/><D113/><U90/><E75/><V106/><F106/><W64/><G61/><T28/><D73/><U41/><E104/><V40/><F126/><N who="1" m="48745" /><E111/><N who="3" m="42538" /><G48/><T18/><D3/><U115/><E115/><V112/><F112/><W42/><G42/><T88/><D7/><U130/><E130/><N who="2" m="49675" /><F30/><N who="0" m="11882" /><D56/><U10/><E70/><V43/><F58/><W127/><G127/><T38/><D38/><U1/><E65/><V109/><F109/><W123/><G123/><T0/><D0/><U80/><E1/><V52/><F95/><N who="3" m="58591" /><G83/><T91/><D19/><U5/><E17/><V99/><F99/><W49/><G77/><T87/><D87/><U66/><E66/><V105/><F105/><W33/><G49/><AGARI ba="1,1" hai="5,10,12,39,41,45,49,50,80,85,90" m="48745" machi="49" ten="30,1000,0" yaku="18,1" doraHai="21" who="1" fromWho="3" sc="255,0,235,23,235,0,265,-13" />
</Scene>
<Scene>
<INIT seed="1,0,0,4,0,13" ten="255,258,235,252" oya="1" hai0="100,2,23,35,111,71,61,114,95,130,82,27,125" hai1="69,85,88,119,117,37,9,58,36,25,106,89,12" hai2="19,42,72,59,49,30,20,81,120,4,123,29,121" hai3="21,98,57,97,103,28,14,124,46,68,50,116,65"/><U78/><E106/><V127/><F127/><W55/><G124/><T31/><D125/><U76/><E69/><V22/><F4/><W73/><G73/><T16/><D114/><U34/><E117/><V24/><F20/><W66/><G116/><T47/><D111/><U94/><E119/><V118/><F118/><W43/><G68/><T48/><D130/><U115/><E115/><V112/><F112/><W99/><G103/><T17/><D82/><U18/><E58/><V40/><F40/><W132/><G132/><T11/><D71/><U133/><E133/><V129/><F129/><W33/><G33/><T105/><D105/><U107/><E107/><V110/><F110/><W39/><REACH who="3" step="1"/><G28/><REACH who="3" ten="255,258,235,242" step="2"/><T128/><D128/><U113/><E113/><V77/><REACH who="2" step="1"/><F59/><REACH who="2" ten="255,258,225,242" step="2"/><W6/><G6/><T91/><D35/><U83/><E34/><V74/><F74/><W84/><G84/><T96/><D31/><U126/><E126/><V1/><F1/><W54/><G54/><N who="0" m="29983" /><D2/><U3/><E3/><V5/><F5/><W102/><G102/><T63/><D63/><U32/><E32/><V60/><F60/><W52/><G52/><T64/><D100/><U45/><E85/><V101/><F101/><W134/><G134/><T70/><D70/><U44/><E45/><AGARI ba="0,2" hai="19,22,24,29,30,42,45,49,72,77,81,120,121,123" machi="45" ten="40,2600,0" yaku="1,1,52,1,53,0" doraHai="13" doraHaiUra="7" who="2" fromWho="1" sc="255,0,258,-26,225,46,242,0" />
</Scene>
<Scene>
<INIT seed="2,0,0,1,4,45" ten="255,232,271,242" oya="2" hai0="126,16,71,78,21,35,18,113,33,88,103,131,65" hai1="7,122,109,31,69,6,29,36,91,12,55,53,114" hai2="28,100,75,4,51,77,9,60,54,107,42,13,72" hai3="124,39,93,135,0,96,14,40,2,62,128,102,3"/><V52/><F107/><W118/><G118/><T37/><D113/><U27/><E114/><V104/><F104/><W30/><G128/><T5/><D37/><U108/><E36/><V119/><F119/><W127/><G135/><T61/><D103/><U97/><E69/><V46/><F100/><W132/><G132/><T89/><D131/><U22/><E122/><V23/><F77/><W112/><G112/><T58/><D126/><U74/><E74/><V83/><F83/><W130/><G130/><T73/><D5/><U48/><E29/><V95/><F95/><W87/><G30/><T99/><D73/><U43/><E43/><V116/><F116/><W110/><G110/><N who="1" m="42602" /><E12/><V11/><F11/><W26/><G26/><T10/><D78/><U19/><E53/><V24/><REACH who="2" step="1"/><F42/><REACH who="2" ten="255,232,261,242" step="2"/><W121/><G40/><T8/><D10/><U17/><E91/><V59/><AGARI ba="0,1" hai="4,9,13,23,24,28,46,51,52,54,59,60,72,75" machi="59" ten="30,12000,1" yaku="1,1,2,1,0,1,52,1,54,1,53,0" doraHai="45" doraHaiUra="63" who="2" fromWho="2" sc="255,-40,232,-40,261,130,242,-40" />
</Scene>
<Scene>
<INIT seed="2,1,0,3,1,59" ten="215,192,391,202" oya="2" hai0="54,82,14,40,72,58,55,29,53,36,123,33,69" hai1="12,26,32,43,100,79,76,1,74,68,114,112,121" hai2="6,108,63,115,39,89,118,85,98,22,42,11,77" hai3="2,122,80,65,90,34,66,129,31,5,16,23,57"/><V61/><F115/><W4/><G122/><T78/><D123/><U101/><E1/><V71/><F118/><W24/><G129/><T111/><D111/><U110/><E110/><V50/><F71/><W107/><G107/><T117/><D117/><U28/><E68/><V131/><F39/><W109/><G109/><T95/><D69/><U18/><E121/><V124/><F108/><W46/><G46/><T104/><D104/><U96/><E43/><V48/><F131/><W21/><G34/><T13/><D58/><U10/><E100/><V91/><F124/><W92/><G80/><T75/><D75/><U0/><E74/><V49/><F42/><W17/><G31/><T19/><D95/><U60/><E0/><V81/><F22/><W45/><G45/><T113/><D113/><U120/><E120/><V128/><F128/><W30/><G30/><T44/><REACH who="0" step="1"/><D19/><REACH who="0" ten="205,192,391,202" step="2"/><U130/><E114/><V84/><F81/><W7/><G57/><T67/><D67/><U8/><E112/><V9/><F6/><W86/><REACH who="3" step="1"/><G2/><REACH who="3" ten="205,192,391,192" step="2"/><T25/><AGARI ba="1,2" hai="13,14,25,29,33,36,40,44,53,54,55,72,78,82" machi="25" ten="30,8000,1" yaku="1,1,0,1,53,3" doraHai="59" doraHaiUra="51" who="0" fromWho="0" sc="205,103,192,-21,391,-41,192,-21" />
</Scene>
<Scene>
<INIT seed="3,0,0,2,1,55" ten="308,171,350,171" oya="3" hai0="19,13,73,123,40,43,60,72,1,68,110,37,74" hai1="103,29,88,128,70,44,17,8,96,77,111,36,80" hai2="23,99,32,20,117,122,75,35,121,33,63,100,42" hai3="14,124,39,81,97,78,71,41,135,18,131,125,119"/><W26/><G119/><T25/><D123/><N who="2" m="47114" /><F117/><W6/><G71/><T83/><D110/><U104/><E70/><V95/><F75/><W109/><G109/><T3/><D25/><U59/><E111/><V11/><F42/><W94/><G6/><T98/><D98/><U106/><E29/><V56/><F11/><W24/><G131/><T10/><D83/><U34/><E34/><V52/><AGARI ba="0,0" hai="20,23,32,33,35,52,56,63,95,99,100" m="47114" machi="52" ten="40,5200,0" yaku="13,1,52,1,54,1" doraHai="55" who="2" fromWho="2" sc="308,-13,171,-13,350,52,171,-26" />
</Scene>
<Scene>
<INIT seed="4,0,0,1,1,131" ten="295,158,402,145" oya="0" hai0="108,53,24,10,33,16,35,134,29,1,49,133,129" hai1="2,36,82,77,116,100,135,11,72,84,42,55,83" hai2="128,51,19,97,75,43,44,70,81,50,34,127,8" hai3="45,87,64,73,121,111,86,90,105,63,58,109,118"/><T104/><D104/><U91/><E116/><V103/><F70/><W14/><G118/><T102/><D102/><U98/><E55/><V32/><F127/><W115/><G73/><T93/><D129/><U95/><E36/><V13/><F128/><W39/><G115/><T89/><D108/><U12/><E42/><V0/><F0/><W130/><G105/><T69/><D69/><U59/><E59/><V48/><F75/><W71/><G130/><T80/><D80/><U22/><E2/><V68/><F68/><W9/><G121/><T114/><D114/><U5/><REACH who="1" step="1"/><E22/><REACH who="1" ten="295,148,402,145" step="2"/><V21/><F21/><W6/><G71/><T27/><D35/><U60/><E60/><V37/><F34/><W38/><G38/><T26/><D1/><U107/><E107/><V113/><F32/><W120/><G120/><T65/><D65/><U78/><E78/><V7/><F113/><W117/><G117/><T132/><D10/><U74/><E74/><V3/><F37/><W122/><G122/><T110/><D110/><U46/><E46/><V99/><F43/><W67/><G39/><T92/><D53/><U101/><E101/><V40/><F103/><W106/><G106/><T94/><D49/><U31/><E31/><V88/><F48/><W123/><G123/><T119/><D119/><U66/><E66/><V41/><F51/><W54/><G111/><T18/><D89/><U96/><E96/><V124/><F41/><W28/><G109/><T61/><D61/><U79/><E79/><V4/><F3/><W57/><G63/><T56/><D56/><U20/><E20/><RYUUKYOKU ba="0,1" sc="295,15,148,15,402,-15,145,-15" hai0="16,18,24,26,27,29,33,92,93,94,132,133,134" hai1="5,11,12,72,77,82,83,84,91,95,98,100,135" />
</Scene>
<Scene>
<INIT seed="4,1,1,1,0,24" ten="310,163,387,130" oya="0" hai0="125,40,121,50,80,23,103,81,93,101,25,105,129" hai1="61,99,38,13,92,115,104,11,8,46,83,124,110" hai2="96,135,131,57,9,2,49,48,113,5,82,21,47" hai3="111,84,72,58,89,73,33,69,79,6,107,126,75"/><T95/><D121/><U30/><E110/><V64/><F113/><W91/><G111/><T51/><D129/><U3/><E3/><V85/><F131/><W29/><G69/><T65/><D125/><U34/><E104/><V106/><F135/><W132/><G107/><T26/><D65/><U119/><E119/><V71/><F71/><W55/><G132/><T87/><D105/><U22/><E124/><V118/><F118/><W37/><G37/><T42/><D87/><U68/><E34/><V1/><F1/><W52/><G126/><T60/><D23/><U133/><E83/><V74/><F74/><W62/><G6/><T108/><D108/><U123/><E123/><V130/><F130/><W10/><G10/><T100/><D100/><U53/><E68/><V120/><F21/><W128/><G128/><T116/><D116/><U16/><E115/><V67/><F57/><W27/><REACH who="3" step="1"/><G55/><REACH who="3" ten="310,163,387,120" step="2"/><T18/><D42/><U97/><E38/><V86/><F106/><W12/><G12/><T17/><D40/><U76/><E8/><V77/><F120/><W117/><G117/><T45/><D45/><U7/><E46/><V109/><F47/><W63/><G63/><AGARI ba="1,2" hai="17,18,25,26,50,51,60,63,80,81,93,95,101,103" machi="63" ten="25,4800,0" yaku="22,2,8,1" doraHai="24" who="0" fromWho="3" sc="310,71,163,0,387,0,120,-51" />
</Scene>
<Scene>
<INIT seed="4,2,0,5,2,76" ten="381,163,387,69" oya="0" hai0="45,57,79,51,108,89,20,56,49,4,71,109,93" hai1="123,116,26,128,120,1,125,61,19,118,90,36,50" hai2="44,2,32,8,42,48,112,10,31,134,37,127,29" hai3="104,55,40,22,101,5,3,114,43,91,12,124,11"/><T7/><D71/><U81/><E36/><V102/><F112/><W9/><G114/><T86/><D79/><U92/><E1/><V35/><F134/><W25/><G124/><T13/><D20/><U98/><E61/><V23/><F127/><W122/><G122/><N who="1" m="46634" /><E50/><V94/><F37/><W84/><G55/><N who="0" m="31871" /><D57/><U117/><E19/><V100/><F2/><W130/><G130/><T87/><D13/><U41/><E26/><N who="2" m="16607" /><F35/><W68/><G68/><T129/><D129/><U0/><E41/><V97/><F32/><W28/><G101/><N who="2" m="39017" /><F31/><W34/><G104/><T105/><D105/><U106/><E0/><V74/><F74/><W16/><REACH who="3" step="1"/><G9/><REACH who="3" ten="381,163,387,59" step="2"/><T59/><D108/><U53/><E53/><V110/><F110/><W24/><G24/><T96/><D109/><U99/><E125/><V58/><F58/><W133/><G133/><T85/><D59/><U6/><E128/><V88/><AGARI ba="2,1" hai="8,10,42,44,48,88,94,97" m="39017,16607" machi="88" ten="30,2000,0" yaku="8,1,54,1" doraHai="76" who="2" fromWho="2" sc="381,-12,163,-7,387,36,59,-7" />
</Scene>
<Scene>
<INIT seed="5,0,0,1,0,22" ten="369,156,423,52" oya="1" hai0="72,96,94,78,44,103,71,101,36,80,28,123,105" hai1="99,107,39,64,30,50,76,130,95,77,90,65,97" hai2="110,124,26,18,104,67,43,1,114,14,66,9,13" hai3="115,108,111,46,19,89,134,127,45,92,122,15,112"/><U131/><E39/><V133/><F110/><W6/><G6/><T25/><D123/><U35/><E50/><V8/><F104/><W20/><G122/><T120/><D120/><U54/><E54/><V75/><F75/><W82/><G82/><T74/><D71/><U109/><E109/><N who="3" m="42058" /><G134/><T24/><D72/><U55/><E55/><V85/><F1/><W21/><G21/><T69/><D69/><U40/><E40/><V126/><F133/><W2/><G2/><T27/><D36/><U79/><E30/><V88/><F43/><W113/><G127/><N who="2" m="48681" /><F26/><W83/><G83/><T33/><REACH who="0" step="1"/><D44/><REACH who="0" ten="359,156,423,52" step="2"/><U38/><E38/><V98/><F114/><N who="3" m="29187" /><W56/><DORA hai="42" /><G56/><T129/><D129/><N who="1" m="49163" /><E35/><V62/><F62/><W63/><G63/><T11/><D11/><U70/><E70/><V51/><F51/><W52/><G52/><T59/><D59/><U68/><E68/><V128/><F128/><W100/><G100/><AGARI ba="0,1" hai="64,65,76,77,79,90,95,97,99,100,107" m="49163" machi="100" ten="30,1500,0" yaku="19,1" doraHai="22,42" who="1" fromWho="3" sc="359,0,156,25,423,0,52,-15" />
</Scene>
<Scene>
<INIT seed="5,1,0,3,3,125" ten="359,181,423,37" oya="1" hai0="94,5,59,126,10,32,69,30,60,110,20,8,6" hai1="22,135,67,35,100,18,123,21,27,16,103,71,72" hai2="23,17,112,39,36,45,113,9,50,104,82,28,83" hai3="117,74,40,129,121,93,42,131,81,106,133,56,97"/><U15/><E123/><V11/><F104/><W52/><G121/><T62/><D110/><U86/><E72/><V90/><F28/><W25/><G106/><T43/><D126/><U12/><E135/><V13/><F39/><W80/><G133/><T105/><D105/><U34/><E71/><V41/><F36/><W64/><G64/><T132/><D132/><U84/><E67/><V61/><F61/><W53/><G25/><AGARI ba="1,0" hai="12,15,16,18,21,22,25,27,34,35,84,86,100,103" machi="25" ten="25,4800,0" yaku="22,2,54,1" doraHai="125" who="1" fromWho="3" sc="359,0,181,51,423,0,37,-51" owari="359,16.0,232,-17.0,423,52.0,-14,-51.0" />
</Scene>
</mjloggm>