<mjloggm ver="2.3"><GO type="169" lobby="0"/><UN n0="%41%53%41%50%49%4E" n1="%E6%9C%A7%E5%A4%8F%E6%9C%88" n2="%E3%82%AA%E3%82%BA%E3%82%B0%E3%83%AB%E3%83%BC%E3%83%97" n3="%E3%81%B3%E3%82%8A%E3%81%B3%E3%82%8A%E2%98%86%E3%83%93%E3%83%AA%E3%83%BC" dan="19,19,16,18" rate="2274.60,2241.31,2107.60,2208.15" sx="M,F,M,M"/><TAIKYOKU oya="0"/>

<Scene>
<INIT seed="0,0,0,2,4,67" ten="250,250,250,250" oya="0" hai0="103,43,126,111,73,117,7,125,72,51,49,104,26" hai1="34,97,38,30,109,50,99,95,47,6,4,46,82" hai2="101,17,9,108,86,31,77,118,81,87,88,64,11" hai3="48,1,80,135,116,78,16,33,18,102,84,90,29"/><T24/><D117/><U58/><E109/><V27/><F118/><W121/><G116/><T39/><D7/><U75/><E30/><V120/><F108/><W134/><G1/><T93/><D111/><U61/><E34/><V133/><F120/><W131/><G121/><T37/><D93/><U8/><E38/><N who="0" m="14345" /><D103/><U42/><E47/><V68/><F101/><W119/><G119/><T21/><D104/><U122/><E122/><V62/><F17/><W56/><G131/><T115/><D115/><U70/><E6/><V106/><F133/><N who="3" m="50699" /><G102/><T13/><D13/><U36/><E82/><V130/><F130/><W128/><G128/><T23/><D43/><U74/><E95/><V96/><F96/><W41/><G78/><T57/><D57/><U22/><E99/><V25/><F25/><N who="0" m="9834" /><D51/><U69/><E97/><V92/><REACH who="2" step="1"/><F106/><REACH who="2" ten="250,250,240,250" step="2"/><W14/><G18/><T35/><D35/><AGARI ba="0,1" hai="9,11,27,31,35,62,64,68,77,81,86,87,88,92" machi="35" ten="30,12000,2" yaku="1,1,2,1,7,1,52,1,54,1,53,1" doraHai="67" doraHaiUra="60" who="2" fromWho="0" sc="250,-120,250,0,240,130,250,0" />
</Scene>
<Scene>
<INIT seed="1,0,0,2,2,24" ten="130,250,370,250" oya="1" hai0="78,91,16,3,129,48,69,57,88,86,28,21,59" hai1="104,75,45,10,64,116,50,23,8,134,77,52,61" hai2="4,44,19,98,39,109,122,30,101,93,128,96,124" hai3="20,5,114,26,133,65,126,103,131,14,1,107,70"/><U125/><E116/><V2/><F122/><W17/><G114/><T92/><D69/><U58/><E104/><V73/><F73/><W60/><G131/><T74/><D3/><U42/><E125/><V87/><F128/><W32/><G126/><T0/><D0/><U12/><E134/><V33/><F124/><W81/><G133/><T80/><D129/><U112/><E112/><V41/><F109/><W34/><G81/><T130/><D130/><U49/><E75/><V100/><F87/><W76/><G76/><T119/><D119/><U6/><E77/><V99/><F19/><W66/><G66/><T123/><D123/><U31/><E10/><V95/><F4/><W9/><G34/><T29/><D91/><U11/><E11/><V13/><F2/><W56/><G103/><T37/><D37/><U132/><E132/><V89/><F13/><W127/><G107/><T111/><D111/><U54/><E50/><V25/><F99/><W40/><G40/><T110/><D110/><U105/><E105/><V18/><F18/><W27/><G127/><T53/><D59/><U84/><E84/><V46/><F46/><W68/><G27/><AGARI ba="0,0" hai="16,21,27,28,29,48,53,57,74,78,80,86,88,92" machi="27" ten="30,8000,1" yaku="7,1,52,2,54,2" doraHai="24" who="0" fromWho="3" sc="130,80,250,0,370,0,250,-80" /><AGARI ba="0,0" hai="6,8,12,23,27,31,42,45,49,52,54,58,61,64" machi="27" ten="40,7700,0" yaku="8,1,52,1,54,1" doraHai="24" who="1" fromWho="3" sc="210,0,250,77,370,0,170,-77" />
</Scene>
<Scene>
<INIT seed="1,1,0,4,4,47" ten="210,327,370,93" oya="1" hai0="134,67,25,28,34,77,46,118,42,32,70,135,78" hai1="69,115,81,101,86,127,15,114,35,18,48,68,90" hai2="45,52,94,16,10,38,117,51,54,97,17,14,22" hai3="76,110,85,91,44,0,80,4,108,55,62,9,12"/><U122/><E122/><V49/><F38/><W33/><G33/><T3/><D118/><U72/><E35/><V8/><F117/><W30/><G30/><T50/><D3/><U131/><E131/><V56/><F17/><W19/><G76/><T5/><D5/><U73/><E101/><AGARI ba="1,0" hai="8,10,14,16,22,45,49,51,52,54,56,94,97,101" machi="101" ten="30,12000,2" yaku="7,1,8,1,52,2,54,2" doraHai="47" who="2" fromWho="1" sc="210,0,327,-123,370,123,93,0" />
</Scene>
<Scene>
<INIT seed="2,0,0,5,4,120" ten="210,204,493,93" oya="2" hai0="45,107,86,35,84,71,53,116,1,69,12,88,19" hai1="43,111,8,105,24,98,41,32,127,47,26,100,13" hai2="40,118,46,73,89,34,7,131,87,93,60,103,31" hai3="59,113,15,132,10,50,83,75,39,129,16,21,61"/><V51/><F118/><W95/><G39/><T55/><D116/><U128/><E128/><V133/><F73/><W0/><G129/><T74/><D1/><U130/><E130/><V92/><F131/><W104/><G104/><T114/><D35/><U48/><E127/><V25/><F133/><W121/><G121/><T94/><D74/><U91/><E32/><V36/><F7/><W72/><G132/><T85/><D107/><U38/><E111/><V106/><F60/><W18/><G113/><T52/><D114/><U96/><E43/><V66/><F106/><W27/><G0/><T119/><D119/><U3/><E3/><V102/><F66/><W68/><G83/><T30/><D30/><U4/><E38/><V109/><F36/><W28/><G68/><T22/><REACH who="0" step="1"/><D45/><REACH who="0" ten="200,204,493,93" step="2"/><U57/><E47/><V65/><F65/><W37/><G75/><T58/><D58/><U62/><E57/><V9/><F9/><W42/><G72/><T77/><D77/><U56/><E56/><V64/><F64/><W23/><G59/><T63/><D63/><U134/><E62/><V67/><F67/><W5/><G61/><T97/><AGARI ba="0,1" hai="12,19,22,52,53,55,69,71,84,85,86,88,94,97" machi="97" ten="30,8000,1" yaku="1,1,0,1,54,2,53,1" doraHai="120" doraHaiUra="11" who="0" fromWho="0" sc="200,90,204,-20,493,-40,93,-20" />
</Scene>
<Scene>
<INIT seed="3,0,0,0,4,62" ten="290,184,453,73" oya="3" hai0="95,97,21,13,103,91,119,9,55,132,65,92,31" hai1="39,66,41,113,87,106,133,10,107,129,88,120,76" hai2="23,1,44,68,50,114,25,54,134,90,101,30,86" hai3="109,22,123,11,42,24,49,59,74,126,46,15,67"/><W80/><G123/><T32/><D119/><U71/><E120/><V83/><F1/><W84/><G74/><T2/><D132/><U112/><E76/><V93/><F114/><W81/><G126/><T85/><D2/><U78/><E78/><V4/><F134/><W33/><G33/><T63/><D32/><U6/><E133/><V96/><F68/><W53/><G109/><T5/><D55/><U48/><E39/><V117/><F117/><W58/><G67/><T102/><D102/><U14/><E129/><V128/><F128/><W40/><G40/><T104/><D21/><U69/><E69/><V8/><F8/><W73/><G73/><T116/><D31/><U16/><E6/><AGARI ba="0,0" hai="4,6,23,25,30,44,50,54,83,86,90,93,96,101" machi="6" ten="40,1300,0" yaku="8,1" doraHai="62" who="2" fromWho="1" sc="290,0,184,-13,453,13,73,0" />
</Scene>
<Scene>
<INIT seed="4,0,0,3,1,103" ten="290,171,466,73" oya="0" hai0="18,73,33,118,108,89,46,90,41,135,134,66,95" hai1="10,29,57,93,81,43,56,107,35,1,67,0,44" hai2="4,75,123,110,32,2,14,120,25,83,3,119,72" hai3="96,52,34,28,20,27,63,113,50,16,60,49,106"/><T59/><D118/><U79/><E93/><V131/><F83/><W11/><G113/><T69/><D33/><U26/><E107/><V115/><F75/><W51/><G11/><T64/><D73/><N who="1" m="43247" /><E1/><N who="2" m="11" /><F72/><W116/><G116/><T86/><D69/><U100/><E100/><V98/><F98/><W71/><G71/><T24/><D108/><U39/><E67/><V121/><F110/><W128/><G128/><T99/><D24/><U105/><E105/><V74/><F74/><W9/><G9/><T45/><D18/><U102/><E102/><V122/><F115/><W125/><G96/><T133/><D59/><U84/><E84/><V21/><F119/><W111/><G106/><T104/><D45/><U117/><E117/><V88/><F88/><W85/><G85/><T58/><D58/><U22/><E35/><V82/><F82/><W12/><G111/><T129/><D129/><U94/><E94/><V38/><F38/><W62/><REACH who="3" step="1"/><G52/><REACH who="3" ten="290,171,466,63" step="2"/><T65/><D104/><U77/><E77/><V87/><F131/><W8/><G8/><T80/><REACH who="0" step="1"/><D65/><REACH who="0" ten="280,171,466,63" step="2"/><U76/><E57/><V37/><F123/><W23/><G23/><T78/><D78/><U5/><E56/><V19/><F122/><W114/><G114/><T124/><D124/><AGARI ba="0,2" hai="12,16,20,27,28,34,49,50,51,60,62,63,124,125" machi="124" ten="50,3200,0" yaku="1,1,54,1,53,0" doraHai="103" doraHaiUra="6" who="3" fromWho="0" sc="280,-32,171,0,466,0,63,52" />
</Scene>
<Scene>
<INIT seed="5,0,0,2,4,12" ten="248,171,466,115" oya="1" hai0="95,57,59,125,52,53,41,30,118,88,58,24,38" hai1="121,2,51,14,72,115,127,87,97,11,39,82,26" hai2="67,133,80,17,50,108,28,75,18,45,65,77,49" hai3="37,1,93,46,91,120,81,131,101,102,10,98,124"/><U105/><E39/><V40/><F108/><W129/><G120/><T71/><D118/><U114/><E121/><V112/><F28/><W86/><G124/><T61/><D125/><U22/><E2/><V62/><F133/><W104/><G37/><T29/><D71/><U42/><E72/><V99/><F112/><N who="1" m="43049" /><E127/><V32/><F32/><W123/><G123/><T117/><D117/><U110/><E110/><V25/><F25/><W60/><G60/><N who="0" m="35879" /><D41/><U0/><E0/><V6/><F6/><W27/><G1/><T3/><D38/><U36/><E36/><V76/><F76/><W119/><G104/><T132/><D132/><U73/><E73/><V35/><F35/><W48/><G119/><T84/><D3/><U21/><E97/><V74/><F74/><W43/><G98/><T100/><D100/><U116/><E105/><V96/><F50/><W55/><G101/><T70/><D70/><U92/><E92/><V33/><F33/><W103/><G93/><T44/><D44/><N who="1" m="26007" /><E26/><V89/><F99/><W69/><G27/><T7/><D24/><U68/><E68/><V63/><F96/><W56/><G69/><T135/><D135/><U23/><E116/><V9/><F89/><W15/><G103/><T90/><D90/><N who="1" m="51575" /><E11/><V4/><F63/><W111/><G102/><T8/><D59/><U134/><E134/><V126/><F126/><W122/><G122/><T64/><D53/><U113/><N who="1" m="43057" /><U94/><DORA hai="106" /><E94/><V107/><F107/><W31/><G111/><T85/><D85/><U130/><E130/><V16/><F62/><N who="3" m="36127" /><G31/><T54/><D54/><RYUUKYOKU ba="0,0" sc="248,0,171,0,466,0,115,0" hai0="7,8,29,30,58,61,64,84,88,95" hai1="14,21,22,23" hai2="4,9,16,17,18,40,45,49,65,67,75,77,80" hai3="10,15,43,46,48,81,86,91,129,131" />
</Scene>
<Scene>
<INIT seed="5,1,0,3,4,76" ten="248,171,466,115" oya="1" hai0="134,47,93,70,41,112,22,1,79,20,50,46,114" hai1="38,59,73,45,85,129,64,67,119,84,12,26,32" hai2="116,53,19,68,35,77,80,61,74,5,56,65,44" hai3="122,92,69,86,75,133,107,99,108,91,8,40,49"/><U109/><E119/><V66/><F116/><W54/><G108/><T81/><D70/><U18/><E73/><V135/><F35/><W127/><G122/><T106/><D106/><U57/><E109/><V24/><F135/><W97/><G75/><T33/><D33/><U23/><E129/><V10/><F44/><W58/><G69/><T105/><D105/><U55/><E38/><V82/><F24/><W60/><G133/><T113/><D1/><U6/><E45/><V104/><F19/><W78/><G127/><T110/><D110/><U48/><E32/><V39/><F39/><W9/><G107/><T125/><D125/><U43/><E43/><V103/><F68/><W2/><G2/><T11/><D11/><N who="3" m="4169" /><G78/><T115/><D134/><U13/><E6/><V100/><F104/><W51/><G40/><N who="0" m="24903" /><D93/><U63/><REACH who="1" step="1"/><E67/><REACH who="1" ten="248,161,466,115" step="2"/><V117/><F117/><W72/><G72/><N who="0" m="43239" /><D115/><U4/><E4/><V71/><F66/><W28/><G54/><T21/><D47/><U36/><E36/><V101/><F65/><W3/><G3/><T83/><D41/><U16/><E16/><V111/><F111/><W15/><G28/><T89/><D114/><U17/><E17/><V7/><F7/><W31/><G31/><T120/><D120/><U52/><E52/><V14/><F71/><W94/><G58/><T130/><D130/><U0/><E0/><V132/><F132/><W29/><G29/><T98/><D113/><U102/><E102/><V95/><F103/><W90/><G15/><AGARI ba="1,1" hai="12,13,15,18,23,26,48,55,57,59,63,64,84,85" machi="15" ten="40,7700,0" yaku="1,1,8,1,53,1" doraHai="76" doraHaiUra="62" who="1" fromWho="3" sc="248,0,161,90,466,0,115,-80" />
</Scene>
<Scene>
<INIT seed="5,2,0,5,2,31" ten="248,251,466,35" oya="1" hai0="110,81,49,38,26,84,28,27,59,123,74,1,114" hai1="109,61,34,100,42,78,132,113,5,70,98,117,8" hai2="20,53,118,122,130,17,102,80,22,64,29,24,11" hai3="99,60,48,101,121,35,77,76,2,124,15,86,45"/><U6/><E117/><V43/><F122/><W107/><G121/><T115/><D123/><U105/><E113/><N who="0" m="43017" /><D110/><U119/><E119/><V7/><F118/><W97/><G2/><T30/><D1/><N who="1" m="47" /><E6/><V57/><F130/><W111/><G111/><T88/><D74/><U134/><E109/><V106/><F43/><W37/><G37/><T52/><D38/><U41/><E78/><V79/><F64/><W126/><G60/><T104/><D104/><U4/><E4/><V12/><F102/><W69/><G69/><T135/><D135/><N who="1" m="51755" /><E34/><V127/><F106/><W65/><G35/><N who="0" m="20887" /><D30/><U36/><E36/><V83/><F127/><W67/><G107/><T32/><D32/><U62/><E62/><N who="2" m="36143" /><F79/><W66/><G77/><T129/><D27/><AGARI ba="2,0" hai="7,11,12,17,20,22,24,27,29,80,83" m="36143" machi="27" ten="30,1000,0" yaku="8,1" doraHai="31" who="2" fromWho="0" sc="248,-16,251,0,466,16,35,0" />
</Scene>
<Scene>
<INIT seed="6,0,0,2,2,72" ten="232,251,482,35" oya="2" hai0="134,52,87,41,74,83,31,85,82,111,61,54,121" hai1="73,46,59,86,75,0,8,129,63,113,120,105,131" hai2="36,49,4,88,100,19,133,35,55,67,71,84,115" hai3="45,50,62,58,32,124,79,18,60,127,42,15,93"/><V123/><F36/><W97/><G32/><T56/><D111/><U27/><E113/><V51/><F35/><W9/><G79/><N who="0" m="46335" /><D74/><U117/><E105/><V44/><F133/><W65/><REACH who="3" step="1"/><G62/><REACH who="3" ten="232,251,482,25" step="2"/><T53/><D134/><U106/><E63/><V103/><F115/><W94/><G94/><T69/><D121/><U7/><E120/><V6/><F123/><W118/><G118/><T10/><D69/><U125/><E117/><V119/><F71/><W98/><G98/><T102/><D61/><U57/><E131/><V114/><F119/><W68/><G68/><T122/><D122/><U23/><E129/><V116/><F114/><W25/><G25/><T26/><D82/><U33/><E27/><V37/><F116/><W64/><G64/><T130/><D130/><U90/><E33/><V108/><F67/><W96/><G96/><T81/><D26/><U66/><E66/><V17/><F108/><W110/><G110/><T76/><D76/><U107/><E107/><V28/><F28/><W22/><G22/><T78/><D31/><U48/><E23/><V112/><F112/><W16/><G16/><T5/><D5/><U126/><E7/><V89/><F4/><W40/><G40/><T20/><D41/><U11/><E106/><V21/><F6/><W47/><G47/><T128/><D128/><U14/><E46/><V91/><F17/><W99/><G99/><T104/><D20/><U43/><E43/><V29/><F19/><W80/><G80/><T92/><D104/><U70/><E70/><V3/><F21/><W77/><G77/><T95/><D78/><RYUUKYOKU ba="0,1" sc="232,-10,251,-10,482,-10,25,30" hai3="9,15,18,42,45,50,58,60,65,93,97,124,127" />
</Scene>
<Scene>
<INIT seed="7,1,1,1,5,122" ten="222,241,472,55" oya="3" hai0="96,73,103,77,59,71,55,67,52,15,69,36,2" hai1="47,97,72,105,124,7,9,53,89,133,119,83,16" hai2="46,134,6,23,94,17,10,65,56,130,129,132,18" hai3="131,113,76,49,127,104,38,51,115,99,121,100,81"/><W66/><G121/><T64/><D2/><U54/><E124/><V86/><F65/><W109/><G38/><T25/><D36/><U37/><E133/><N who="2" m="51307" /><F56/><W40/><G127/><T8/><D25/><U14/><E119/><V48/><F94/><W0/><G0/><T88/><D88/><U35/><E35/><V112/><F86/><W41/><G131/><N who="2" m="50185" /><F112/><N who="3" m="43083" /><G66/><T74/><D55/><U85/><E72/><V31/><F31/><W1/><G1/><T39/><D39/><U43/><E105/><V78/><F23/><W82/><G82/><T13/><D67/><U62/><E97/><V125/><F78/><W98/><G98/><T123/><D123/><U107/><E107/><V28/><F28/><W110/><G41/><T128/><D128/><U63/><E53/><N who="2" m="29847" /><F125/><W27/><G27/><T91/><D64/><U135/><E135/><V11/><F11/><W20/><G20/><T90/><D8/><N who="1" m="6215" /><E54/><V5/><F5/><W92/><G104/><T84/><D52/><U70/><E70/><V87/><F87/><N who="3" m="48551" /><G40/><T45/><D96/><U75/><E75/><V114/><F114/><W111/><AGARI ba="1,1" hai="49,51,92,99,100,109,110,111" m="48551,43083" machi="111" ten="40,12000,1" yaku="10,1,15,1,52,3" doraHai="122" who="3" fromWho="3" sc="222,-41,241,-41,472,-41,55,133" />
</Scene>
<Scene>
<INIT seed="7,2,0,3,5,58" ten="181,200,431,188" oya="3" hai0="64,109,1,9,57,71,32,133,47,3,51,31,38" hai1="10,48,34,0,93,29,76,2,119,33,8,68,92" hai2="66,90,15,94,4,82,110,100,128,124,84,67,19" hai3="125,37,62,111,11,53,59,70,132,89,73,83,118"/><W55/><G118/><T88/><D109/><U129/><E68/><V27/><F110/><W108/><G37/><T65/><D38/><U121/><E121/><V56/><F128/><W126/><G132/><T63/><D133/><U61/><E61/><V135/><F124/><N who="3" m="47723" /><G70/><T106/><D106/><U96/><E129/><V41/><F135/><W116/><G116/><T7/><D71/><U80/><E119/><V49/><F4/><W36/><G36/><T54/><D3/><U45/><E2/><V105/><F27/><W95/><G11/><T50/><D50/><U86/><E93/><V123/><F105/><W39/><G39/><T21/><D32/><U43/><E29/><V30/><F30/><W5/><G5/><T85/><D21/><U130/><E130/><V12/><F123/><W107/><G107/><T99/><D99/><U101/><E10/><V42/><F15/><W35/><G35/><T60/><D31/><U127/><E127/><V74/><F74/><W14/><G14/><T112/><D60/><U131/><E131/><V46/><F42/><W98/><G55/><T24/><D24/><U13/><E0/><V115/><F115/><W91/><G73/><T22/><D22/><U120/><E120/><V102/><F56/><W26/><G26/><T18/><D112/><U72/><E72/><V122/><F122/><W20/><G20/><T134/><D134/><U52/><E52/><V79/><F67/><W77/><G77/><T78/><D78/><U17/><AGARI ba="2,0" hai="8,13,17,33,34,43,45,48,76,80,86,92,96,101" machi="17" ten="20,1500,0" yaku="0,1,7,1" doraHai="58" who="1" fromWho="1" sc="181,-6,200,21,431,-6,188,-9" owari="175,-32.0,221,2.0,425,52.0,179,-22.0" />
</Scene>
</mjloggm>