<mjloggm ver="2.3"><GO type="169" lobby="0"/><UN n0="%41%53%41%50%49%4E" n1="%E6%94%B9%E6%82%9B%E4%B8%80%E5%8F%B7" n2="%E5%9F%BA%E7%A4%8E%E8%AB%96" n3="%E3%83%9D%E3%83%81%E3%83%A7%E3%83%A0%E3%82%AD%E3%83%B3%E2%98%85" dan="19,16,17,17" rate="2298.96,2117.62,2150.06,2142.24" sx="M,M,M,M"/><TAIKYOKU oya="0"/>

<Scene>
<INIT seed="0,0,0,1,1,135" ten="250,250,250,250" oya="0" hai0="10,43,76,70,93,33,48,62,63,19,112,68,130" hai1="2,45,134,106,14,40,38,102,36,87,72,49,123" hai2="8,9,1,67,91,12,66,64,51,61,69,108,52" hai3="119,120,30,75,6,58,3,56,127,23,29,88,116"/><T78/><D112/><U21/><E123/><V24/><F108/><W7/><G75/><T107/><D107/><U41/><E72/><V105/><F105/><W77/><G77/><T35/><D130/><U46/><E2/><V17/><F24/><W34/><G34/><T104/><D104/><U31/><E134/><V85/><F8/><W74/><G74/><T125/><D93/><U129/><E129/><V5/><F5/><W86/><G3/><T126/><D10/><U113/><E113/><V121/><F1/><W32/><G32/><T83/><D48/><U117/><E117/><V71/><F71/><W99/><G99/><T132/><D132/><U124/><E87/><V44/><REACH who="2" step="1"/><F121/><REACH who="2" ten="250,250,240,250" step="2"/><W110/><G120/><T80/><D19/><U82/><E106/><V128/><F128/><W89/><G110/><T47/><REACH who="0" step="1"/><D47/><REACH who="0" ten="240,250,240,250" step="2"/><U97/><E45/><V65/><F65/><W27/><G116/><T0/><D0/><U50/><E46/><V101/><F101/><W16/><G119/><T60/><D60/><U100/><E102/><V79/><F79/><W13/><G89/><T18/><D18/><U59/><E100/><V37/><F37/><W118/><G118/><T98/><D98/><U122/><E97/><V39/><F39/><W11/><G6/><T22/><D22/><U4/><E21/><V57/><F57/><N who="3" m="22123" /><G30/><T115/><D115/><U109/><E31/><V95/><AGARI ba="0,2" hai="9,12,17,44,51,52,61,64,66,67,69,85,91,95" machi="95" ten="20,5200,0" yaku="1,1,0,1,7,1,54,1,53,0" doraHai="135" doraHaiUra="131" who="2" fromWho="2" sc="240,-26,250,-13,240,72,250,-13" />
</Scene>
<Scene>
<INIT seed="1,0,0,3,2,122" ten="214,237,312,237" oya="1" hai0="63,58,116,17,57,102,50,133,125,120,32,129,16" hai1="98,128,15,90,60,110,14,39,97,53,19,4,87" hai2="79,131,77,109,71,49,55,51,113,93,56,30,82" hai3="81,6,127,114,2,99,103,64,132,34,121,124,25"/><U123/><E123/><V86/><F71/><W29/><G121/><T95/><D120/><U7/><E39/><V126/><F126/><W61/><G114/><T27/><D116/><U117/><E117/><V33/><F113/><W115/><G115/><T107/><D107/><U37/><E37/><V88/><F131/><W21/><G132/><T12/><D133/><U31/><E128/><V18/><F77/><W92/><G81/><T66/><D129/><U69/><E31/><V9/><F33/><W23/><G23/><T80/><D125/><U96/><E110/><V1/><F30/><W101/><G101/><T119/><D119/><U13/><E19/><V94/><F109/><W5/><G5/><T59/><D32/><U83/><REACH who="1" step="1"/><E69/><REACH who="1" ten="214,227,312,237" step="2"/><V45/><F18/><W36/><G36/><T48/><D17/><U24/><E24/><V105/><F9/><W11/><REACH who="3" step="1"/><G34/><REACH who="3" ten="214,227,312,227" step="2"/><T54/><D27/><U65/><E65/><V62/><F105/><W70/><AGARI ba="0,2" hai="2,6,11,21,25,29,61,64,70,92,99,103,124,127" machi="70" ten="30,4000,0" yaku="1,1,2,1,0,1,53,0" doraHai="122" doraHaiUra="46" who="3" fromWho="3" sc="214,-10,227,-20,312,-10,227,60" />
</Scene>
<Scene>
<INIT seed="2,0,0,4,3,111" ten="204,207,302,287" oya="2" hai0="6,62,59,114,127,37,89,123,113,12,16,8,116" hai1="25,40,87,101,125,51,55,95,10,47,23,106,90" hai2="74,64,131,13,52,24,3,119,92,75,60,115,0" hai3="77,17,48,46,56,54,27,30,53,97,103,20,28"/><V66/><F119/><W81/><G103/><T86/><D123/><U70/><E70/><V109/><F131/><W93/><G97/><T122/><D122/><U44/><E125/><V110/><F24/><W91/><G93/><T45/><D127/><U107/><E10/><V15/><F92/><W133/><G133/><T50/><D37/><U80/><E80/><V94/><F94/><W1/><G1/><T88/><D116/><U19/><REACH who="1" step="1"/><E101/><REACH who="1" ten="204,197,302,287" step="2"/><V33/><F109/><W36/><G91/><T105/><D89/><U57/><E57/><V108/><F108/><W14/><G36/><AGARI ba="0,1" hai="19,23,25,36,40,44,47,51,55,87,90,95,106,107" machi="36" ten="30,3900,0" yaku="1,1,7,1,53,1" doraHai="111" doraHaiUra="68" who="1" fromWho="3" sc="204,0,197,49,302,0,287,-39" />
</Scene>
<Scene>
<INIT seed="3,0,0,1,2,128" ten="204,246,302,248" oya="3" hai0="32,49,2,107,34,41,101,40,85,4,16,91,51" hai1="8,45,26,77,56,22,21,93,55,73,53,79,70" hai2="48,28,80,124,132,67,88,120,109,47,131,117,119" hai3="13,46,78,27,71,130,134,111,108,35,43,17,19"/><W118/><G118/><T74/><D74/><U10/><E70/><V69/><F109/><N who="3" m="42059" /><G71/><T62/><D4/><U75/><E56/><V84/><F69/><W127/><G130/><T38/><D2/><U135/><E93/><V97/><F67/><W33/><G127/><T12/><D62/><U104/><E26/><V29/><F131/><W105/><G105/><T60/><D60/><U110/><E110/><V57/><F124/><W39/><G78/><T63/><D63/><U37/><E45/><V66/><F66/><W76/><G76/><T113/><D113/><U7/><E7/><V81/><F57/><W133/><G27/><T1/><D1/><U122/><E37/><V24/><F24/><W90/><G90/><T89/><D101/><U36/><E36/><V18/><F88/><W102/><G102/><T5/><D5/><U31/><E31/><V44/><F29/><W59/><G59/><T23/><D107/><U99/><E104/><V94/><F28/><W103/><G103/><T3/><D3/><U114/><E99/><V125/><F125/><W86/><G86/><T95/><D89/><U52/><E55/><V6/><F84/><W92/><G92/><T98/><D85/><U123/><REACH who="1" step="1"/><E114/><REACH who="1" ten="204,236,302,248" step="2"/><V61/><F94/><W50/><G39/><T72/><D38/><U0/><E0/><V20/><F117/><W14/><G19/><T115/><D115/><U100/><E100/><V11/><F18/><W126/><G126/><T58/><D58/><U25/><E25/><V83/><F119/><W106/><G106/><T82/><D95/><U65/><E65/><RYUUKYOKU ba="0,1" sc="204,-10,236,30,302,-10,248,-10" hai1="8,10,21,22,52,53,73,75,77,79,122,123,135" />
</Scene>
<Scene>
<INIT seed="4,1,1,5,5,101" ten="194,266,292,238" oya="0" hai0="103,31,60,111,45,35,122,38,48,78,94,96,131" hai1="11,70,28,24,124,114,82,46,87,0,56,80,12" hai2="15,120,5,9,121,85,98,49,102,51,110,63,118" hai3="39,29,89,50,17,129,36,20,71,123,132,105,81"/><T74/><D122/><U64/><E70/><V91/><F110/><W79/><G71/><T8/><D111/><U69/><E69/><V84/><F118/><W47/><G123/><T25/><D131/><U4/><E124/><V88/><F63/><W7/><G129/><T92/><D38/><U53/><E114/><V104/><F51/><W95/><G29/><T26/><D26/><U86/><E64/><V66/><F66/><W6/><G132/><T34/><D60/><U16/><E46/><V62/><F62/><W37/><G105/><T67/><D67/><U10/><E80/><V27/><F27/><W55/><G95/><T42/><D8/><U106/><E82/><V130/><F130/><W83/><G89/><T77/><D74/><U76/><E76/><V3/><F3/><W90/><G90/><T33/><REACH who="0" step="1"/><D94/><REACH who="0" ten="184,266,292,238" step="2"/><U108/><E108/><V21/><F121/><W72/><REACH who="3" step="1"/><G83/><REACH who="3" ten="184,266,292,228" step="2"/><T1/><D1/><U134/><E0/><V54/><F120/><W119/><G119/><T100/><D100/><U14/><E134/><V97/><F102/><W65/><G65/><T127/><D127/><U44/><E10/><V133/><F133/><W115/><G115/><T57/><D57/><U52/><E11/><V18/><F9/><W68/><G68/><T116/><D116/><U19/><E56/><V40/><F5/><W58/><G58/><T2/><D2/><U109/><E4/><V22/><F21/><AGARI ba="1,3" hai="21,25,31,33,34,35,42,45,48,77,78,92,96,103" machi="21" ten="40,2000,0" yaku="1,1,53,0" doraHai="101" doraHaiUra="32" who="0" fromWho="2" sc="184,53,266,0,292,-23,228,0" />
</Scene>
<Scene>
<INIT seed="4,2,0,1,1,115" ten="237,266,269,228" oya="0" hai0="100,31,21,81,76,70,29,82,48,108,53,114,98" hai1="47,111,78,92,119,28,17,27,6,67,83,16,56" hai2="20,127,39,22,65,89,118,19,42,38,57,128,45" hai3="14,129,130,73,15,134,59,124,101,112,13,77,40"/><T46/><D114/><U54/><E111/><V2/><F2/><W9/><G112/><T71/><D108/><U10/><E67/><V91/><F128/><N who="3" m="49259" /><G101/><T107/><D81/><U55/><E47/><V121/><F121/><W69/><G69/><T8/><D8/><U133/><E92/><V52/><F127/><W105/><G105/><T23/><D23/><U50/><E55/><V99/><F39/><W88/><G40/><T74/><REACH who="0" step="1"/><D21/><REACH who="0" ten="227,266,269,228" step="2"/><U33/><E133/><V4/><F22/><W123/><G123/><T113/><D113/><U80/><E80/><V64/><F20/><W63/><G134/><T61/><D61/><U120/><E120/><V66/><F4/><N who="3" m="3239" /><G124/><T102/><D102/><U104/><E83/><V135/><F135/><W18/><G18/><T68/><AGARI ba="2,1" hai="29,31,46,48,53,68,70,71,74,76,82,98,100,107" machi="68" ten="30,3000,0" yaku="1,1,0,1,53,0" doraHai="115" doraHaiUra="117" who="0" fromWho="0" sc="227,46,266,-12,269,-12,228,-12" />
</Scene>
<Scene>
<INIT seed="4,3,0,2,4,37" ten="273,254,257,216" oya="0" hai0="81,31,39,87,69,84,32,44,42,28,13,68,88" hai1="27,17,103,67,97,121,58,10,75,82,100,65,106" hai2="99,40,18,52,83,132,64,73,85,101,74,96,77" hai3="14,102,116,25,134,36,115,50,78,122,12,5,21"/><T23/><D32/><U7/><E121/><V109/><F109/><W1/><G122/><T34/><D34/><U41/><E100/><V62/><F132/><W22/><G134/><T46/><D46/><U3/><E58/><V59/><F96/><W2/><G36/><T51/><D39/><U80/><E41/><V54/><F18/><N who="3" m="10439" /><G78/><T19/><REACH who="0" step="1"/><D87/><REACH who="0" ten="263,254,257,216" step="2"/><U125/><E75/><V8/><F74/><W66/><G116/><T128/><D128/><U130/><E130/><V93/><F73/><W105/><G115/><T6/><D6/><U43/><E7/><V53/><F8/><W90/><G5/><T76/><D76/><U117/><E10/><V112/><F112/><W33/><G33/><T24/><D24/><U120/><E27/><V16/><F16/><W126/><G25/><T119/><D119/><U15/><E17/><V70/><REACH who="2" step="1"/><F40/><REACH who="2" ten="263,254,247,216" step="2"/><W20/><G20/><T111/><D111/><U56/><E43/><V49/><AGARI ba="3,2" hai="49,52,53,54,59,62,64,70,77,83,85,93,99,101" machi="49" ten="20,12000,2" yaku="1,1,2,1,0,1,7,1,54,1,53,1" doraHai="37" doraHaiUra="92" who="2" fromWho="2" sc="263,-63,254,-33,247,149,216,-33" />
</Scene>
<Scene>
<INIT seed="5,0,0,5,4,43" ten="200,221,396,183" oya="1" hai0="109,32,88,78,33,29,135,12,47,77,111,123,103" hai1="51,74,54,48,76,125,2,96,105,87,93,9,31" hai2="113,98,49,95,116,83,58,52,0,94,59,110,122" hai3="1,42,28,36,75,24,40,118,11,56,15,129,22"/><U107/><E74/><V70/><F116/><W45/><G118/><T100/><D135/><U97/><E125/><V6/><F122/><W128/><G75/><T115/><D123/><U72/><E72/><V5/><F110/><W68/><G68/><T17/><D115/><U63/><E31/><V126/><F70/><W79/><G79/><T20/><D78/><U4/><E63/><V46/><F113/><W37/><G1/><T13/><D77/><U121/><E121/><V26/><F126/><W73/><G73/><T101/><D13/><U7/><E7/><V53/><F83/><W50/><G56/><T104/><D104/><U81/><E48/><N who="2" m="30983" /><F94/><W91/><G91/><T114/><D114/><U85/><E85/><V66/><F26/><W61/><G61/><T120/><D120/><U21/><E21/><V25/><F25/><W10/><G10/><T64/><D64/><U130/><E130/><N who="3" m="50282" /><G40/><T18/><D109/><U108/><E108/><V134/><F134/><W132/><G132/><T41/><D111/><U80/><E80/><V92/><F92/><W119/><G119/><T90/><D90/><U23/><E23/><V27/><F27/><W14/><G14/><N who="0" m="9271" /><D88/><U131/><E131/><V67/><F0/><W102/><G102/><T71/><D71/><U112/><E112/><V89/><F67/><W82/><G82/><T84/><D101/><U8/><E8/><V65/><F66/><W39/><G39/><T60/><D100/><U16/><E9/><V55/><F65/><W35/><G35/><T127/><D33/><U86/><E2/><V44/><F59/><RYUUKYOKU ba="0,0" sc="200,-15,221,-15,396,15,183,15" hai2="5,6,44,46,49,53,55,89,95,98" hai3="11,15,22,24,28,36,37,42,45,50" />
</Scene>
<Scene>
<INIT seed="6,1,0,0,1,23" ten="185,206,411,198" oya="2" hai0="3,104,29,75,81,135,76,130,91,48,83,17,88" hai1="131,47,51,93,49,66,129,0,53,97,82,74,87" hai2="57,52,73,39,45,85,55,30,31,115,34,20,120" hai3="24,22,107,61,63,15,78,43,96,98,9,14,44"/><V68/><F120/><W114/><G114/><T41/><D3/><U60/><E74/><V58/><F73/><W132/><G132/><T116/><D104/><U134/><E0/><V42/><F68/><W72/><G72/><T103/><D103/><U6/><E6/><V79/><F34/><W121/><G121/><T4/><D4/><U126/><E134/><V122/><F122/><W21/><G107/><T110/><D110/><U111/><E111/><V118/><F31/><W36/><G78/><T71/><D71/><U86/><E126/><V123/><F115/><W70/><G70/><T106/><D106/><U26/><E51/><V117/><F123/><W101/><G101/><T133/><D116/><U100/><E26/><V124/><F124/><W80/><G80/><T33/><D130/><N who="1" m="49675" /><E82/><V16/><F30/><W46/><G36/><T112/><D112/><U109/><E109/><V40/><F40/><W18/><G43/><T127/><D127/><U94/><E94/><V128/><F128/><W67/><G67/><T38/><D38/><U7/><E7/><V11/><F117/><W105/><G105/><T35/><D17/><U2/><E2/><V12/><F118/><W64/><G64/><T54/><D41/><U10/><E10/><V1/><F11/><W25/><G9/><T92/><D81/><U32/><E32/><N who="0" m="12361" /><D29/><U102/><E102/><V8/><F8/><W113/><G113/><T19/><D19/><AGARI ba="1,0" hai="14,15,18,19,21,22,24,25,44,46,61,63,96,98" machi="19" ten="25,8000,1" yaku="22,2,8,1,52,2" doraHai="23" who="3" fromWho="0" sc="185,-83,206,0,411,0,198,83" />
</Scene>
<Scene>
<INIT seed="7,0,0,1,0,131" ten="102,206,411,281" oya="3" hai0="128,23,111,93,116,87,100,132,52,102,27,64,3" hai1="5,4,57,8,37,73,13,70,45,6,76,71,11" hai2="86,44,31,119,20,88,85,77,123,49,101,35,98" hai3="79,38,15,25,118,56,32,53,83,115,43,75,0"/><W66/><G118/><T92/><D116/><U89/><E57/><V129/><F35/><W124/><G115/><T26/><D3/><N who="1" m="31" /><E5/><V50/><F129/><W33/><G124/><T80/><D128/><U72/><E89/><V55/><F123/><W18/><G0/><T108/><D80/><N who="1" m="45063" /><E73/><V24/><F77/><W114/><G114/><T94/><D23/><U48/><E48/><V84/><F50/><W68/><G68/><T135/><D92/><U90/><E90/><V104/><F119/><W112/><G112/><T126/><D87/><U16/><E6/><V29/><F29/><W74/><G74/><T51/><D51/><U110/><E110/><V95/><AGARI ba="0,0" hai="20,24,31,44,49,55,84,85,86,88,95,98,101,104" machi="95" ten="20,2700,0" yaku="0,1,7,1,54,1" doraHai="131" who="2" fromWho="2" sc="102,-7,206,-7,411,27,281,-13" owari="95,-40.0,199,-20.0,438,53.0,268,7.0" />
</Scene>
</mjloggm>