<mjloggm ver="2.3"><GO type="169"/><UN n0="%41%53%41%50%49%4E" n1="%E3%82%A2%E3%83%8B%E3%82%AA%E3%83%B3" n2="%61%6E%62%79%33" n3="%6B%79%6F%6E%6B%6F%31%31" dan="19,16,17,16" rate="2251,2101,2037,2044" sx="M,F,M,M"/><TAIKYOKU oya="0"/>

<Scene>
<INIT seed="0,0,0,3,5,116" ten="250,250,250,250" oya="0" hai0="27,44,126,23,86,59,97,57,54,5,82,99,33" hai1="16,104,130,38,114,75,37,55,120,31,46,18,80" hai2="49,40,52,94,0,4,8,63,10,12,65,42,95" hai3="11,103,62,113,32,6,9,135,35,118,127,129,41"/><T48/><D33/><U53/><E104/><V3/><F94/><W87/><G87/><T25/><D126/><U92/><E31/><V39/><F95/><W105/><G62/><T122/><D122/><U36/><E114/><V45/><F39/><W69/><G41/><T29/><D25/><U124/><E124/><V43/><REACH who="2" step="1"/><F10/><REACH who="2" ten="250,250,240,250" step="2"/><W72/><G9/><T96/><REACH who="0" step="1"/><D5/><REACH who="0" ten="240,250,240,250" step="2"/><U133/><E120/><V117/><F117/><W28/><G6/><T68/><D68/><AGARI ba="0,2" hai="0,3,4,8,12,40,42,43,45,49,52,63,65,68" machi="68" ten="40,5200,0" yaku="1,1,54,1,53,1" doraHai="116" doraHaiUra="67" who="2" fromWho="0" sc="240,-52,250,0,240,72,250,0" />
</Scene>
<Scene>
<INIT seed="1,0,0,5,0,50" ten="188,250,312,250" oya="1" hai0="95,129,114,32,0,52,57,30,123,111,65,59,25" hai1="60,44,72,45,83,135,71,132,74,36,80,20,112" hai2="2,54,116,64,130,35,34,77,63,19,104,101,29" hai3="87,16,66,23,90,131,75,15,120,53,89,70,39"/><U126/><E112/><V117/><F77/><W78/><G120/><T17/><D114/><U21/><E126/><V92/><F92/><W84/><G39/><T82/><D0/><U51/><E60/><V9/><F130/><W128/><G75/><N who="1" m="28714" /><E51/><V11/><F19/><W133/><G70/><T67/><D111/><U99/><E99/><V68/><F9/><W26/><G66/><T81/><D129/><N who="3" m="49737" /><G133/><N who="1" m="51274" /><E71/><V94/><F94/><W93/><G78/><T85/><D123/><U18/><E36/><V62/><F11/><W55/><G26/><T12/><D95/><AGARI ba="0,0" hai="15,16,23,53,55,84,87,89,90,93,95" m="49737" machi="95" ten="30,7700,0" yaku="19,1,52,2,54,1" doraHai="50" who="3" fromWho="0" sc="188,-77,250,0,312,0,250,77" />
</Scene>
<Scene>
<INIT seed="2,0,0,4,0,47" ten="111,250,312,327" oya="2" hai0="12,58,46,115,99,54,93,72,66,43,27,97,24" hai1="116,82,65,57,39,26,130,129,74,0,125,126,124" hai2="62,102,107,56,22,68,1,86,120,77,92,51,9" hai3="49,128,106,95,11,108,32,79,53,118,4,111,133"/><V78/><F120/><W34/><G106/><T132/><D72/><U81/><E0/><V70/><F107/><W87/><G118/><T73/><D73/><U29/><E39/><V131/><F131/><N who="1" m="50185" /><E74/><V21/><F68/><W117/><G128/><T100/><D115/><U28/><E116/><V90/><F70/><W98/><G117/><T50/><D132/><U110/><E110/><N who="3" m="42026" /><G133/><T14/><D66/><U45/><E45/><V122/><F102/><N who="3" m="60767" /><G87/><T135/><D135/><U3/><E3/><V7/><F122/><W103/><G103/><T38/><REACH who="0" step="1"/><D99/><REACH who="0" ten="101,250,312,327" step="2"/><U48/><E65/><V36/><F36/><W16/><G79/><T88/><D88/><U35/><E29/><V61/><F77/><W123/><G123/><T18/><D18/><U69/><BYE who="0" /><E69/><V71/><F78/><W25/><G16/><T20/><D20/><U37/><E37/><V23/><REACH who="2" step="1"/><F71/><REACH who="2" ten="101,250,302,327" step="2"/><W31/><G34/><T109/><D109/><U80/><E125/><V119/><F119/><W134/><G134/><T2/><D2/><U84/><E124/><V83/><F83/><W55/><G32/><T85/><D85/><U44/><E126/><V8/><F8/><W113/><G11/><T67/><D67/><U60/><E81/><V52/><AGARI ba="0,2" hai="1,7,9,21,22,23,51,52,56,61,62,86,90,92" machi="52" ten="30,11700,0" yaku="1,1,0,1,52,1,54,1,53,0" doraHai="47" doraHaiUra="127" who="2" fromWho="2" sc="101,-39,250,-39,302,137,327,-39" />
</Scene>
<Scene>
<INIT seed="2,1,0,2,1,55" ten="62,211,439,288" oya="2" hai0="8,72,26,42,104,40,69,95,73,9,68,97,125" hai1="110,116,84,111,126,4,109,67,49,108,28,75,70" hai2="20,60,92,14,5,61,33,112,64,53,11,48,63" hai3="79,25,131,29,90,56,115,86,34,130,35,3,37"/><V7/><F33/><W15/><G37/><T46/><D46/><U74/><N who="1" m="27648" /><DORA hai="124" /><U44/><E116/><V128/><F112/><W118/><G3/><T76/><D76/><U102/><E102/><V21/><F64/><W59/><G118/><T39/><D39/><U10/><E126/><V54/><F5/><W113/><G79/><T89/><D89/><U13/><E28/><V99/><F128/><N who="3" m="49195" /><G15/><T122/><D122/><U30/><E30/><V24/><F24/><W51/><G35/><T77/><D77/><U78/><E67/><V80/><F80/><N who="3" m="49479" /><G51/><T65/><D65/><U32/><E32/><V91/><REACH who="2" step="1"/><F53/><REACH who="2" ten="62,211,429,288" step="2"/><W12/><G12/><T105/><D105/><U19/><E4/><V2/><F2/><W134/><G134/><T16/><D16/><U18/><E19/><V23/><F23/><W132/><G132/><T0/><D0/><U117/><E18/><V83/><F83/><W50/><G50/><T52/><D52/><U38/><E49/><V66/><F66/><W85/><G85/><T94/><D94/><U121/><E84/><V1/><F1/><W120/><G120/><T82/><D82/><U100/><E75/><V31/><F31/><W135/><G135/><T127/><D127/><U123/><E74/><V107/><F107/><W41/><G41/><T103/><D103/><U36/><E100/><V114/><F114/><AGARI ba="1,1" hai="25,29,34,56,59,113,114,115" m="49479,49195" machi="114" ten="30,12000,2" yaku="11,1,19,1,52,5" doraHai="55,124" who="3" fromWho="2" sc="62,0,211,0,429,-123,288,133" />
</Scene>
<Scene>
<INIT seed="3,0,0,5,3,91" ten="62,211,306,421" oya="3" hai0="26,1,15,24,54,44,78,13,132,34,16,43,62" hai1="9,10,130,57,58,0,110,32,46,127,99,40,65" hai2="129,74,79,88,135,19,94,49,4,104,76,114,22" hai3="122,47,134,100,45,75,64,8,80,52,17,125,116"/><W90/><G116/><T30/><D30/><U25/><E110/><V2/><F104/><W28/><G122/><T36/><D36/><U81/><E127/><V14/><F114/><W68/><G125/><T115/><D115/><U71/><E130/><V6/><F129/><W117/><G117/><T82/><D82/><U35/><E81/><V20/><F135/><W39/><G28/><T121/><D121/><U86/><E86/><V66/><F74/><W119/><G119/><T48/><D48/><U118/><E118/><V101/><F101/><W106/><G64/><T102/><D102/><U103/><E71/><V96/><F66/><W128/><G68/><T33/><D33/><U111/><E111/><V98/><F98/><W21/><G8/><T12/><D12/><U56/><E65/><V18/><F49/><W11/><G11/><N who="1" m="4106" /><E25/><V7/><REACH who="2" step="1"/><F2/><REACH who="2" ten="62,211,296,421" step="2"/><W73/><G73/><T93/><D93/><U113/><E0/><V87/><F87/><W120/><G75/><T59/><D59/><U51/><E113/><V29/><F29/><W84/><G128/><T83/><D83/><U89/><E103/><V69/><F69/><W67/><G67/><T31/><D31/><U85/><E85/><V42/><F42/><W60/><G134/><T63/><D63/><U72/><E72/><V53/><F53/><W107/><G107/><T105/><D105/><U70/><E70/><V109/><F109/><W112/><G106/><T97/><D97/><U55/><E55/><V92/><F92/><W108/><G108/><T123/><D123/><U41/><E40/><V3/><F3/><RYUUKYOKU ba="0,1" sc="62,-15,211,15,296,15,421,-15" hai1="32,35,41,46,51,56,57,58,89,99" hai2="4,6,7,14,18,19,20,22,76,79,88,94,96" />
</Scene>
<Scene>
<INIT seed="4,1,1,2,0,39" ten="47,226,311,406" oya="0" hai0="104,131,128,114,3,58,66,88,9,116,57,123,51" hai1="126,125,31,99,49,64,129,24,2,76,5,67,29" hai2="21,89,69,81,61,22,130,19,63,48,115,33,44" hai3="78,59,90,54,127,93,79,122,14,83,47,16,56"/><T96/><D96/><U102/><E76/><V101/><F33/><W109/><G109/><T95/><D95/><N who="1" m="58751" /><E129/><V118/><F118/><W18/><G127/><N who="1" m="48650" /><E49/><V111/><F111/><W34/><G34/><T86/><D86/><U46/><E46/><V40/><F130/><W103/><G122/><T105/><D105/><U110/><E110/><V43/><F69/><W65/><G103/><T32/><D32/><N who="1" m="20519" /><E31/><V112/><F101/><W84/><G65/><T42/><D42/><N who="2" m="15914" /><F63/><W10/><G18/><T7/><D7/><U92/><E92/><V53/><F61/><W30/><G30/><T108/><D108/><U124/><E124/><V73/><F19/><W106/><G106/><T107/><D107/><U60/><E60/><V11/><F11/><AGARI ba="1,1" hai="2,5,11,64,67" m="20519,48650,58751" machi="11" ten="30,1000,0" yaku="18,1" doraHai="39" who="1" fromWho="2" sc="47,0,226,23,311,-13,406,0" />
</Scene>
<Scene>
<INIT seed="5,0,0,0,2,129" ten="47,249,298,406" oya="1" hai0="20,58,127,41,91,77,81,35,26,109,28,32,63" hai1="3,51,133,16,107,5,22,131,0,48,68,1,65" hai2="2,126,73,96,53,105,108,50,45,134,9,55,114" hai3="125,21,128,84,67,10,8,101,7,47,37,83,31"/><U4/><E107/><V74/><F108/><W72/><G72/><T61/><D61/><U33/><E131/><V98/><F126/><W118/><G128/><T34/><D34/><U25/><E33/><V46/><F114/><W44/><G125/><T95/><D95/><U66/><E133/><V123/><F134/><W130/><G130/><T18/><D18/><U75/><E75/><V124/><F124/><W15/><G37/><T30/><D30/><U40/><E68/><V23/><F23/><W71/><G101/><T116/><D116/><U79/><E79/><V119/><F123/><W135/><G135/><T102/><D102/><U87/><E87/><V60/><F119/><W88/><G118/><T19/><D19/><U54/><E40/><V6/><F60/><W76/><G67/><T86/><D86/><U93/><E93/><V13/><F2/><W27/><G71/><T78/><D78/><U92/><E92/><V103/><F98/><W110/><G110/><T90/><D90/><U85/><E85/><V43/><F55/><W52/><G76/><T12/><D12/><U24/><E24/><V64/><F64/><N who="1" m="24681" /><E51/><AGARI ba="0,0" hai="6,9,13,43,45,46,50,51,53,73,74,96,103,105" machi="51" ten="30,1000,0" yaku="7,1" doraHai="129" who="2" fromWho="1" sc="47,0,249,-10,298,10,406,0" />
</Scene>
<Scene>
<INIT seed="6,0,0,3,5,105" ten="47,239,308,406" oya="2" hai0="66,125,18,79,94,60,10,133,83,38,87,128,89" hai1="100,4,17,48,20,2,8,124,45,56,67,110,135" hai2="95,69,102,77,6,29,46,13,26,123,14,16,7" hai3="32,23,75,118,19,36,58,54,99,3,39,120,76"/><V90/><F69/><W25/><G118/><T122/><D122/><U114/><E110/><V71/><F71/><W84/><G120/><T42/><D42/><U109/><E124/><V57/><F123/><W80/><G3/><T24/><D24/><U96/><E109/><V104/><F77/><W12/><G99/><T131/><D131/><U27/><E114/><V31/><F102/><W129/><G129/><T21/><D21/><U92/><E135/><V88/><F104/><W62/><REACH who="3" step="1"/><G84/><REACH who="3" ten="47,239,308,396" step="2"/><T55/><D55/><U72/><E72/><V115/><F115/><W81/><G81/><T112/><D112/><U119/><E119/><V130/><F130/><W68/><G68/><T34/><D34/><U63/><E48/><V117/><F117/><W106/><G106/><T22/><D22/><U111/><E111/><V64/><F95/><W35/><G35/><T86/><D86/><U59/><E45/><V53/><F64/><W107/><G107/><T15/><D15/><N who="2" m="5642" /><F46/><W73/><G73/><T82/><D82/><U98/><E98/><V51/><F6/><W134/><G134/><T61/><D61/><U30/><REACH who="1" step="1"/><E59/><REACH who="1" ten="47,229,308,396" step="2"/><V1/><F57/><W9/><G9/><T52/><D52/><U50/><E50/><V85/><F53/><W121/><G121/><T116/><D116/><U108/><E108/><V47/><F47/><W70/><G70/><T127/><D127/><U43/><E43/><V65/><F51/><W49/><G49/><T5/><D5/><U74/><E74/><V91/><F65/><W101/><G101/><T28/><D28/><AGARI ba="0,2" hai="2,4,8,17,20,27,28,30,56,63,67,92,96,100" machi="28" ten="40,1300,0" yaku="1,1,53,0" doraHai="105" doraHaiUra="78" who="1" fromWho="0" sc="47,-13,229,33,308,0,396,0" /><AGARI ba="0,0" hai="12,19,23,25,28,32,36,39,54,58,62,75,76,80" machi="28" ten="40,5200,0" yaku="1,1,52,1,53,1" doraHai="105" doraHaiUra="78" who="3" fromWho="0" sc="34,-52,262,0,308,0,396,52" owari="-18,-52.0,262,-14.0,308,11.0,448,55.0" />
</Scene>
</mjloggm>