<mjloggm ver="2.3"><GO type="169" lobby="0"/><UN n0="%68%61%6D%6F%6E" n1="%61%62%61%6E%74%65%73" n2="%41%53%41%50%49%4E" n3="%6E%69%6B%75%40%6E%61%6E" dan="16,16,19,16" rate="2037.79,2135.98,2268.55,2085.30" sx="M,M,M,M"/><TAIKYOKU oya="0"/>

<Scene>
<INIT seed="0,0,0,3,1,31" ten="250,250,250,250" oya="0" hai0="1,71,34,83,102,56,104,20,15,65,72,19,130" hai1="133,73,27,3,81,124,101,62,59,8,26,122,75" hai2="126,98,87,117,113,29,9,25,21,51,53,54,106" hai3="103,99,28,129,58,32,105,92,36,77,6,40,107"/><T108/><D1/><U7/><E122/><V64/><F113/><W10/><G77/><T57/><D71/><U55/><E124/><V118/><F126/><W60/><G129/><T52/><D130/><U134/><E101/><V127/><F127/><W12/><G40/><T69/><D69/><U61/><E61/><V13/><F64/><W95/><G36/><T88/><D108/><U39/><E39/><V67/><F67/><W44/><G44/><T45/><D34/><U46/><E46/><V37/><F37/><W2/><G2/><T76/><D65/><U91/><E91/><V89/><F98/><W111/><G95/><T115/><D115/><U90/><E90/><V116/><F106/><W94/><G92/><T47/><D57/><U22/><E27/><V33/><F21/><W42/><G42/><T97/><REACH who="0" step="1"/><D88/><REACH who="0" ten="240,250,250,250" step="2"/><U100/><E100/><V112/><F112/><W14/><G32/><T125/><D125/><U43/><E59/><V68/><F68/><W110/><G58/><T38/><D38/><U85/><E3/><V5/><REACH who="2" step="1"/><F51/><AGARI ba="0,1" hai="15,19,20,45,47,51,52,56,72,76,83,97,102,104" machi="51" ten="30,11600,0" yaku="1,1,7,1,54,1,53,1" doraHai="31" doraHaiUra="93" who="0" fromWho="2" sc="240,126,250,0,250,-116,250,0" />
</Scene>
<Scene>
<INIT seed="0,1,0,2,3,99" ten="366,250,134,250" oya="0" hai0="60,56,4,90,25,52,134,11,10,133,108,9,88" hai1="74,49,121,110,62,83,102,59,84,130,127,29,41" hai2="31,54,128,114,42,76,0,7,119,86,64,129,82" hai3="46,72,39,28,30,89,43,81,124,103,94,97,20"/><T98/><D108/><U67/><E121/><V38/><F114/><W120/><G124/><T61/><D4/><U91/><E110/><V33/><F119/><W70/><G70/><T13/><D13/><U44/><E127/><V66/><F54/><W104/><G120/><T51/><D25/><U57/><E130/><N who="2" m="50283" /><F31/><W101/><G103/><T87/><D98/><U50/><E29/><V47/><F33/><W19/><G81/><T93/><REACH who="0" step="1"/><D90/><REACH who="0" ten="356,250,134,250" step="2"/><U15/><E15/><V26/><F26/><W55/><G89/><T96/><D96/><U77/><E91/><V75/><F7/><W45/><G104/><T107/><D107/><U17/><E77/><V3/><F0/><W113/><G97/><T8/><N who="0" m="2560" /><DORA hai="85" /><T27/><D27/><U32/><E32/><V2/><F3/><W68/><G113/><T116/><D116/><U71/><E17/><V35/><F2/><W131/><G19/><T22/><D22/><U23/><E23/><V21/><F21/><W37/><G20/><T5/><D5/><U112/><E112/><V92/><F35/><W53/><G131/><T63/><AGARI ba="1,1" hai="51,52,56,60,61,63,87,88,93,133,134" m="2560" machi="63" ten="50,18000,2" yaku="1,1,0,1,52,1,54,2,53,1" doraHai="99,85" doraHaiUra="80,34" who="0" fromWho="0" sc="356,193,250,-61,134,-61,250,-61" />
</Scene>
<Scene>
<INIT seed="0,2,0,5,4,73" ten="549,189,73,189" oya="0" hai0="19,40,76,99,23,27,16,21,2,101,115,10,28" hai1="65,98,6,63,114,45,134,46,42,59,84,92,53" hai2="132,91,38,50,66,103,1,13,60,43,69,104,62" hai3="130,125,128,32,33,89,29,61,90,12,88,51,126"/><T100/><D115/><U7/><E114/><V26/><F1/><W87/><G61/><T108/><D108/><U52/><E134/><V96/><F132/><W48/><G12/><N who="0" m="7191" /><D2/><U110/><E110/><V97/><F38/><W116/><G87/><T86/><D40/><U102/><E84/><V5/><F62/><W80/><G80/><N who="0" m="47367" /><D99/><U4/><REACH who="1" step="1"/><E45/><REACH who="1" ten="549,179,73,189" step="2"/><V67/><F96/><W105/><G116/><T79/><D79/><U24/><E24/><AGARI ba="2,1" hai="19,21,23,24,27,28,100,101" m="47367,7191" machi="24" ten="30,5800,0" yaku="8,1,52,1,54,1" doraHai="73" who="0" fromWho="1" sc="549,74,179,-64,73,0,189,0" />
</Scene>
<Scene>
<INIT seed="0,3,0,5,1,106" ten="623,115,73,189" oya="0" hai0="29,122,78,58,123,130,43,33,68,111,28,79,95" hai1="75,73,35,80,96,90,128,113,131,25,82,49,36" hai2="87,40,62,100,44,34,15,72,11,56,69,61,65" hai3="117,94,91,129,2,23,31,7,12,105,54,18,6"/><T77/><D68/><U52/><E36/><V86/><F34/><W116/><G105/><T32/><D130/><N who="1" m="49707" /><E113/><V46/><F100/><W92/><G129/><T38/><D111/><U26/><E96/><V102/><F102/><W99/><G31/><T51/><D38/><U10/><E10/><V67/><F72/><N who="1" m="27721" /><E90/><V60/><F60/><W5/><G2/><T4/><D79/><U74/><N who="1" m="27729" /><U85/><DORA hai="132" /><E85/><V41/><F44/><W115/><G115/><T101/><D101/><U109/><E109/><V104/><F104/><W21/><G94/><T83/><D95/><U135/><E135/><V107/><F107/><W114/><G114/><T70/><D78/><U57/><E35/><V119/><F119/><W14/><G117/><T84/><D33/><U97/><E97/><V50/><REACH who="2" step="1"/><F40/><REACH who="2" ten="623,115,63,189" step="2"/><W30/><G116/><T53/><D43/><U27/><AGARI ba="3,1" hai="25,26,27,49,52,57,80,82" m="27729,49707" machi="27" ten="50,12000,2" yaku="19,1,52,4,54,1" doraHai="106,132" who="1" fromWho="1" sc="623,-63,115,139,63,-33,189,-33" />
</Scene>
<Scene>
<INIT seed="1,0,0,2,3,7" ten="560,254,30,156" oya="1" hai0="89,97,129,114,12,44,26,69,120,95,40,1,134" hai1="6,21,88,105,2,63,85,82,23,46,55,17,31" hai2="96,50,41,106,32,100,99,133,123,118,119,93,115" hai3="74,61,33,91,76,86,28,30,126,48,25,109,34"/><U11/><E105/><V24/><F123/><W19/><G109/><T67/><D1/><U68/><E31/><V77/><F133/><W75/><G126/><T71/><D12/><U83/><E83/><V112/><F32/><W27/><G76/><T3/><D44/><U58/><E68/><V59/><F24/><W4/><G4/><T60/><D40/><U9/><REACH who="1" step="1"/><E46/><REACH who="1" ten="560,244,30,156" step="2"/><N who="2" m="25935" /><F59/><W70/><G70/><T108/><D71/><U113/><E113/><N who="2" m="43595" /><F77/><W22/><G30/><T14/><D69/><U0/><E0/><V84/><F84/><W52/><G28/><T39/><D3/><U92/><E92/><V102/><AGARI ba="0,1" hai="93,96,99,100,102,106,118,119" m="43595,25935" machi="102" ten="30,1100,0" yaku="11,1" doraHai="7" who="2" fromWho="2" sc="560,-3,244,-5,30,21,156,-3" />
</Scene>
<Scene>
<INIT seed="2,0,0,1,3,68" ten="557,239,51,153" oya="2" hai0="86,3,22,83,7,59,95,64,15,63,45,26,97" hai1="54,123,124,79,99,50,77,93,4,36,43,49,17" hai2="56,87,85,103,119,76,71,51,118,132,131,35,69" hai3="100,12,120,107,14,81,130,9,110,92,78,8,38"/><V53/><F35/><W37/><G120/><T108/><D108/><U34/><E34/><V102/><F131/><W109/><G107/><T66/><D3/><U116/><E116/><V27/><F132/><W31/><G31/><N who="0" m="17879" /><D45/><N who="1" m="25791" /><E36/><N who="3" m="13930" /><G92/><T88/><D7/><U121/><E124/><V11/><F27/><W23/><G100/><N who="0" m="60479" /><D15/><N who="3" m="5673" /><G23/><T117/><D117/><U58/><E17/><V1/><F119/><W60/><G60/><T89/><D66/><U48/><E4/><V33/><F33/><W65/><G65/><T72/><D72/><U28/><E28/><V41/><F118/><W18/><G18/><T101/><D101/><N who="1" m="60655" /><E50/><V91/><F103/><W104/><G104/><T98/><D98/><U29/><E29/><V96/><F71/><W62/><G62/><T134/><D134/><U25/><E25/><V111/><F69/><W57/><G130/><T125/><D125/><U5/><E5/><N who="2" m="1455" /><F102/><W32/><G32/><T126/><D126/><U67/><E67/><V73/><F73/><W70/><G70/><T10/><D10/><U30/><E30/><V113/><F96/><W135/><G135/><T84/><D84/><U24/><E24/><V74/><F85/><W114/><G114/><T129/><D129/><U90/><E123/><V128/><F113/><W122/><G122/><T61/><D61/><U42/><E121/><V19/><F128/><W20/><G110/><T44/><D44/><U52/><E42/><V115/><F115/><W46/><G46/><T75/><D75/><U55/><E48/><V0/><F111/><W16/><G109/><T112/><D112/><U2/><E2/><RYUUKYOKU ba="0,0" sc="557,30,239,-10,51,-10,153,-10" hai0="59,63,64,83,86,88,89" />
</Scene>
<Scene>
<INIT seed="3,1,0,3,4,89" ten="587,229,41,143" oya="3" hai0="10,65,129,76,31,91,29,34,134,88,107,111,123" hai1="24,13,71,6,70,73,49,21,25,28,57,30,103" hai2="97,104,44,108,27,22,131,119,127,4,74,32,8" hai3="117,94,96,55,109,47,95,60,11,5,77,68,17"/><W113/><G113/><T87/><D123/><U126/><E73/><V120/><F74/><W62/><G117/><T15/><D107/><U16/><E126/><V43/><F119/><W82/><G109/><T39/><D39/><U7/><E103/><V133/><F127/><W122/><G122/><T80/><D111/><U115/><E115/><V110/><F120/><W59/><G17/><T58/><D129/><U23/><E57/><V42/><F131/><W114/><G114/><T46/><D134/><U85/><E49/><V52/><F133/><W38/><G96/><T14/><D46/><U112/><E112/><V50/><F32/><W1/><G62/><N who="0" m="38103" /><D34/><U19/><E85/><V84/><F108/><W86/><REACH who="3" step="1"/><G68/><REACH who="3" ten="587,229,41,133" step="2"/><T121/><D121/><U41/><REACH who="1" step="1"/><E13/><REACH who="1" ten="587,219,41,133" step="2"/><V124/><F110/><W63/><G63/><T72/><D15/><U81/><E81/><V90/><F124/><W79/><G79/><T102/><D14/><U101/><E101/><V0/><F97/><W2/><G2/><T105/><D102/><U78/><E78/><V69/><F69/><W12/><G12/><T67/><D80/><U93/><E93/><V116/><F116/><W36/><G36/><T64/><D76/><U100/><E100/><V18/><F104/><W33/><G33/><T99/><D99/><U26/><E26/><V75/><F75/><W37/><G37/><T51/><D72/><U66/><E66/><V128/><F128/><W106/><G106/><T125/><D67/><U3/><E3/><V35/><F35/><W83/><G83/><AGARI ba="1,2" hai="0,4,8,18,22,27,42,43,44,50,52,83,84,90" machi="83" ten="30,2000,0" yaku="7,1,54,1" doraHai="89" who="2" fromWho="3" sc="587,0,219,0,41,43,133,-23" />
</Scene>
<Scene>
<INIT seed="4,0,0,5,0,124" ten="587,219,84,110" oya="0" hai0="128,113,38,130,5,52,114,19,66,89,12,9,131" hai1="86,2,93,122,127,96,53,95,20,90,71,118,134" hai2="44,81,16,129,101,85,125,35,117,69,39,6,126" hai3="82,78,83,116,99,79,135,120,42,46,7,111,109"/><T37/><D66/><U3/><E118/><V24/><F69/><W103/><G116/><T68/><D68/><U72/><E122/><V57/><F117/><W104/><G7/><T54/><D89/><U36/><E72/><V15/><F101/><W59/><G120/><T76/><D76/><N who="3" m="29225" /><G59/><T55/><REACH who="0" step="1"/><D5/><REACH who="0" ten="577,219,84,110" step="2"/><U27/><E90/><V0/><F6/><W58/><G111/><T63/><D63/><U100/><E71/><V25/><F126/><W51/><G109/><T64/><D64/><U84/><E127/><V50/><F125/><W45/><G135/><T87/><D87/><U32/><E86/><V73/><F85/><W43/><G103/><T61/><D61/><U13/><E84/><V106/><F73/><W133/><G133/><T77/><D77/><U88/><E88/><V115/><F81/><W107/><G83/><T33/><D33/><U22/><E32/><V62/><F35/><W40/><G82/><T112/><AGARI ba="0,1" hai="9,12,19,37,38,52,54,55,112,113,114,128,130,131" machi="112" ten="50,24000,3" yaku="1,1,0,1,29,2,15,1,19,1,52,3,54,1,53,0" doraHai="124" doraHaiUra="123" who="0" fromWho="0" sc="577,250,219,-80,84,-80,110,-80" />
</Scene>
<Scene>
<INIT seed="4,1,0,4,5,83" ten="827,139,4,30" oya="0" hai0="24,60,36,45,99,59,47,0,79,15,71,93,100" hai1="13,57,135,65,54,61,55,86,103,32,39,10,113" hai2="95,72,5,69,131,110,91,3,31,37,58,8,96" hai3="87,18,25,46,129,12,105,29,104,20,122,53,42"/><T85/><D0/><U73/><E73/><V126/><F110/><W62/><G129/><T1/><D1/><U108/><E108/><V127/><F69/><W74/><G74/><T94/><D71/><U102/><E32/><V68/><F68/><W117/><G117/><T75/><D75/><U90/><E39/><V26/><F72/><W76/><G122/><T9/><D24/><U80/><E135/><V51/><F37/><W84/><G62/><T77/><D77/><U119/><E119/><V66/><F131/><W115/><G53/><N who="1" m="19978" /><E113/><V133/><F51/><W2/><G2/><T40/><D40/><U106/><E106/><V17/><F17/><AGARI ba="1,0" hai="10,13,17,57,61,65,80,86,90,102,103" m="19978" machi="17" ten="30,2000,0" yaku="8,1,52,1" doraHai="83" who="1" fromWho="2" sc="827,0,139,23,4,-23,30,0" owari="827,93.0,162,-4.0,-19,-52.0,30,-37.0" />
</Scene>
</mjloggm>