<mjloggm ver="2.3"><GO type="169"/><UN n0="%41%53%41%50%49%4E" n1="%67%69%6A%79%75%74%75" n2="%E3%81%91%E3%82%93%31%39%37%30" n3="%E3%81%98%E3%81%9A%E3%83%BC" dan="19,16,16,16" rate="2200,2124,2122,2119" sx="M,M,M,M"/><TAIKYOKU oya="0"/>

<Scene>
<INIT seed="0,0,0,1,1,122" ten="250,250,250,250" oya="0" hai0="65,102,119,104,17,70,126,10,94,12,97,2,85" hai1="46,73,24,7,0,26,132,36,8,134,80,56,89" hai2="69,72,87,110,59,13,131,90,11,25,76,28,47" hai3="61,74,14,5,101,106,71,29,98,99,60,6,27"/><T128/><D119/><U82/><E56/><V127/><F69/><W49/><G74/><T135/><D128/><U79/><E89/><V34/><F131/><W44/><G99/><T16/><D135/><N who="1" m="51755" /><E82/><V88/><F72/><W9/><G5/><T62/><D126/><U125/><E125/><V20/><F127/><W18/><G6/><T15/><D2/><U30/><E30/><V129/><F129/><W96/><G96/><T3/><D3/><U120/><E120/><V4/><F47/><W1/><G1/><T111/><D111/><U93/><E93/><V48/><F110/><W31/><G71/><T75/><D75/><U32/><E32/><V133/><F34/><W19/><G19/><T118/><D118/><U43/><AGARI ba="0,0" hai="0,7,8,24,26,36,43,46,73,79,80" m="51755" machi="43" ten="30,2000,0" yaku="25,1,20,1" doraHai="122" who="1" fromWho="1" sc="250,-10,250,20,250,-5,250,-5" />
</Scene>
<Scene>
<INIT seed="1,0,0,0,3,25" ten="240,270,245,245" oya="1" hai0="6,43,122,118,48,116,2,57,123,79,99,29,40" hai1="8,83,105,47,80,58,23,21,67,93,95,94,59" hai2="37,38,30,64,85,97,19,50,87,41,18,126,54" hai3="135,108,76,35,53,7,70,82,22,88,33,17,27"/><U36/><E105/><V20/><F64/><W52/><G108/><T121/><D79/><U15/><E36/><V109/><F109/><W106/><G70/><T134/><D99/><U49/><E67/><V51/><F41/><N who="0" m="15946" /><D6/><U61/><E61/><V28/><F97/><W130/><G106/><T103/><D103/><U89/><E47/><V74/><F20/><N who="1" m="7753" /><E49/><V113/><F54/><W60/><G7/><T1/><D48/><U34/><E34/><V128/><F113/><W39/><G39/><T104/><D104/><U72/><E72/><V32/><F32/><W63/><G35/><T42/><D57/><N who="1" m="21515" /><E89/><V73/><F126/><W55/><G33/><T69/><D69/><U133/><E133/><V115/><F115/><W56/><G135/><T44/><D134/><U12/><E8/><V31/><F31/><W68/><G68/><T78/><D44/><U110/><E110/><V13/><F13/><AGARI ba="0,0" hai="12,13,15,80,83,93,94,95" m="21515,7753" machi="13" ten="30,12000,1" yaku="28,2,26,2,8,1" doraHai="25" who="1" fromWho="2" sc="240,0,270,120,245,-120,245,0" />
</Scene>
<Scene>
<INIT seed="1,1,0,1,2,122" ten="240,390,125,245" oya="1" hai0="48,14,124,83,100,101,71,61,49,6,135,112,94" hai1="21,29,38,116,53,50,118,76,128,32,91,13,75" hai2="123,131,26,72,67,127,16,54,85,121,107,86,113" hai3="132,10,96,36,95,46,20,133,74,99,3,52,120"/><U108/><E38/><V56/><F72/><W88/><G74/><T40/><D112/><U134/><E128/><V126/><F107/><W42/><G120/><T22/><D135/><U119/><E134/><N who="3" m="51818" /><G20/><T28/><D124/><N who="2" m="47658" /><F67/><W64/><G64/><T130/><D130/><U17/><E91/><V58/><F131/><W105/><G105/><T115/><D115/><U106/><E106/><V93/><F93/><W87/><G3/><T25/><D94/><U80/><E29/><V0/><F0/><W5/><G5/><T15/><D28/><U1/><E1/><V34/><F113/><W111/><G10/><T33/><D6/><U77/><E77/><V66/><F66/><W79/><G79/><T70/><D22/><U103/><E103/><V55/><F34/><W90/><G52/><N who="2" m="20009" /><F26/><W7/><G7/><T109/><D25/><U57/><REACH who="1" step="1"/><E32/><REACH who="1" ten="240,380,125,245" step="2"/><V19/><F123/><W59/><G90/><T24/><D33/><U104/><E104/><V9/><F121/><W78/><G88/><T102/><D101/><U81/><E81/><V27/><F27/><W8/><G78/><T11/><D24/><U69/><E69/><V65/><F65/><W51/><G95/><T63/><D83/><U35/><E35/><V4/><F86/><W31/><G87/><T41/><D71/><U98/><E98/><V117/><F85/><W62/><G99/><T97/><D70/><U37/><E37/><V125/><F125/><W45/><G36/><T84/><D97/><U18/><E18/><V39/><F39/><N who="3" m="21727" /><G96/><T30/><D84/><U44/><E44/><V114/><F114/><RYUUKYOKU ba="1,1" sc="240,-10,380,30,125,-10,245,-10" hai1="13,17,21,50,53,57,75,76,80,108,116,118,119" />
</Scene>
<Scene>
<INIT seed="1,2,1,2,3,116" ten="230,410,115,235" oya="1" hai0="19,6,81,91,23,33,92,55,108,82,74,65,28" hai1="125,98,54,24,20,32,42,46,16,67,126,56,90" hai2="1,60,7,49,75,71,4,99,109,93,110,105,8" hai3="13,103,53,113,111,3,41,68,118,106,135,17,11"/><U84/><E67/><V96/><F75/><W48/><G113/><T21/><D108/><U107/><E32/><V37/><F7/><W127/><G111/><N who="2" m="42505" /><F49/><W64/><G118/><T85/><D33/><U121/><E121/><V100/><F37/><W122/><G122/><T57/><D65/><U38/><E98/><V102/><F60/><W97/><G135/><T26/><D6/><U112/><E107/><V51/><F51/><W104/><G127/><T117/><D74/><U95/><REACH who="1" step="1"/><E112/><REACH who="1" ten="230,400,115,235" step="2"/><V63/><F63/><AGARI ba="2,2" hai="16,20,24,38,42,46,54,56,63,84,90,95,125,126" machi="63" ten="40,7700,0" yaku="1,1,2,1,54,1,53,0" doraHai="116" doraHaiUra="76" who="1" fromWho="2" sc="230,0,400,103,115,-83,235,0" />
</Scene>
<Scene>
<INIT seed="1,3,0,0,5,92" ten="230,503,32,235" oya="1" hai0="94,118,122,81,13,37,113,117,43,39,99,101,62" hai1="5,35,36,91,34,70,125,53,42,111,93,105,69" hai2="30,7,29,126,77,88,1,57,6,82,55,12,133" hai3="114,72,115,85,67,110,71,64,116,108,47,27,87"/><U17/><E105/><V79/><F133/><W48/><G72/><T58/><D113/><U60/><E5/><V95/><F126/><W31/><G116/><T19/><D122/><U8/><E125/><V38/><F38/><W26/><G71/><T119/><D81/><U2/><E2/><V40/><F40/><W89/><G47/><T33/><D33/><U96/><E42/><V46/><F46/><W25/><G31/><T23/><REACH who="0" step="1"/><D43/><REACH who="0" ten="220,503,32,235" step="2"/><U0/><E35/><V61/><F1/><W14/><G115/><T56/><D56/><U45/><E34/><V130/><F130/><W3/><G114/><T41/><D41/><U49/><E0/><V90/><F79/><W54/><G3/><T20/><D20/><U131/><E131/><V80/><F77/><W28/><G110/><T121/><D121/><U73/><E111/><V132/><F132/><W123/><G123/><T44/><D44/><U32/><E45/><V24/><F82/><W120/><G120/><T4/><D4/><U134/><E32/><V22/><F7/><W78/><G78/><T86/><D86/><U63/><E134/><V59/><F59/><W124/><G87/><T129/><D129/><U106/><E70/><V98/><F6/><W127/><G108/><T11/><D11/><U15/><E69/><V76/><F76/><W84/><G84/><T103/><D103/><N who="1" m="62823" /><E93/><V21/><F80/><N who="3" m="49319" /><G127/><T18/><D18/><U112/><E17/><N who="2" m="10407" /><F90/><W97/><G124/><T100/><D100/><U74/><E112/><V52/><F30/><W50/><G28/><T10/><D10/><U68/><E8/><RYUUKYOKU ba="3,1" sc="220,15,503,-15,32,15,235,-15" hai0="13,19,23,37,39,58,62,94,99,101,117,118,119" hai2="22,24,29,52,55,57,61,88,95,98" />
</Scene>
<Scene>
<INIT seed="2,4,1,1,4,33" ten="235,488,47,220" oya="2" hai0="57,131,76,38,51,16,102,82,125,72,18,47,90" hai1="40,80,25,93,120,95,116,110,108,3,132,117,0" hai2="89,85,128,123,118,14,105,109,5,37,59,68,134" hai3="130,77,21,66,106,65,1,50,98,73,133,115,75"/><V87/><F68/><W6/><G133/><T74/><D74/><U13/><E40/><V23/><F123/><W4/><G130/><T86/><D131/><U81/><E13/><V63/><F128/><W43/><G21/><T62/><D38/><U36/><E36/><V103/><F37/><W100/><G115/><T11/><D125/><U92/><E25/><V19/><F118/><N who="1" m="45673" /><E132/><V126/><F134/><W49/><G77/><T28/><D28/><U83/><E120/><V30/><F126/><W48/><G43/><T112/><D102/><U52/><E52/><N who="2" m="34279" /><F30/><W22/><G22/><T61/><D112/><U7/><E7/><V101/><F105/><W8/><REACH who="3" step="1"/><G6/><REACH who="3" ten="235,488,47,210" step="2"/><T9/><D76/><U34/><E34/><V111/><F5/><W129/><G129/><T53/><D72/><AGARI ba="4,2" hai="1,4,8,48,49,50,65,66,72,73,75,98,100,106" machi="72" ten="40,2600,0" yaku="1,1,52,1,53,0" doraHai="33" doraHaiUra="27" who="3" fromWho="0" sc="235,-38,488,0,47,0,210,58" />
</Scene>
<Scene>
<INIT seed="3,0,0,5,5,112" ten="197,488,47,268" oya="3" hai0="104,21,56,30,1,126,37,91,70,107,7,102,92" hai1="106,99,118,2,72,77,61,97,121,79,74,73,133" hai2="44,39,69,129,52,19,131,75,63,82,100,42,10" hai3="95,11,110,12,128,80,5,3,18,115,125,89,93"/><W59/><G115/><T58/><D70/><U113/><E2/><V90/><F100/><W34/><G128/><T28/><D37/><U64/><E113/><V81/><F75/><W55/><G125/><T35/><D126/><U120/><E61/><V49/><F90/><W71/><G71/><T53/><D35/><U88/><E64/><V26/><F10/><W85/><G34/><T27/><D30/><U124/><E124/><V23/><F82/><W16/><G110/><T62/><D102/><N who="1" m="62799" /><E133/><V123/><F81/><W96/><G3/><T60/><D7/><U83/><E118/><V117/><F123/><N who="1" m="47177" /><E99/><V98/><F98/><W103/><REACH who="3" step="1"/><G95/><REACH who="3" ten="197,488,47,258" step="2"/><T46/><D1/><U78/><E88/><V65/><REACH who="2" step="1"/><F117/><REACH who="2" ten="197,488,37,258" step="2"/><W54/><G54/><N who="0" m="33815" /><D91/><U32/><E32/><V51/><F51/><AGARI ba="0,2" hai="5,11,12,16,18,51,55,59,80,85,89,93,96,103" machi="51" ten="30,11600,0" yaku="1,1,7,1,8,1,54,1,53,0" doraHai="112" doraHaiUra="22" who="3" fromWho="2" sc="197,0,488,0,37,-116,258,136" owari="197,-20.0,488,59.0,-79,-58.0,394,19.0" />
</Scene>
</mjloggm>