<mjloggm ver="2.3"><GO type="169"/><UN n0="%E3%81%97%E3%81%BE%E3%81%9F%E3%82%8D%E3%81%86%EF%BC%A0" n1="%41%53%41%50%49%4E" n2="%6E%69%6A%69" n3="%E6%89%8D%E7%89%99%E3%83%BB%E6%94%B9" dan="16,18,16,16" rate="2073,2252,2075,2061" sx="M,M,M,M"/><TAIKYOKU oya="0"/>

<Scene>
<INIT seed="0,0,0,5,0,57" ten="250,250,250,250" oya="0" hai0="45,55,35,127,28,93,52,99,65,60,76,61,42" hai1="0,73,8,41,27,130,54,53,30,31,120,75,89" hai2="82,26,91,85,110,104,101,13,50,125,25,68,90" hai3="3,38,124,109,77,97,94,51,132,56,123,107,135"/><T111/><D76/><U48/><E120/><V84/><F68/><W14/><G3/><T70/><D127/><U18/><E130/><V71/><F71/><W12/><G38/><T118/><D118/><U116/><E116/><V106/><F125/><W10/><G124/><T47/><D111/><U16/><E31/><V105/><F101/><W122/><G109/><T20/><D35/><U63/><E41/><V36/><F36/><W32/><G32/><T74/><D74/><U1/><E63/><N who="0" m="24137" /><D65/><U46/><E53/><N who="0" m="20553" /><D70/><U19/><E89/><V80/><F50/><W40/><G77/><T21/><D42/><U34/><E0/><V114/><F114/><W4/><G40/><T126/><D126/><U100/><E100/><V83/><F110/><W113/><G113/><T119/><D119/><U49/><E49/><V39/><F39/><W22/><G51/><T112/><D112/><U43/><E43/><V86/><REACH who="2" step="1"/><F13/><REACH who="2" ten="250,250,240,250" step="2"/><W134/><G14/><T23/><D28/><U44/><E44/><V7/><F7/><W9/><G4/><T64/><D64/><U72/><E1/><V128/><F128/><W29/><G123/><T115/><D115/><U98/><E46/><V117/><F117/><W133/><G122/><T102/><AGARI ba="0,1" hai="20,21,23,45,47,93,99,102" m="20553,24137" machi="102" ten="30,12000,1" yaku="8,1,52,3,54,1" doraHai="57" who="0" fromWho="0" sc="250,130,250,-40,240,-40,250,-40" />
</Scene>
<Scene>
<INIT seed="0,1,0,2,2,28" ten="380,210,200,210" oya="0" hai0="128,118,104,40,20,27,66,21,91,121,2,116,42" hai1="135,9,85,98,105,130,45,90,33,74,102,59,6" hai2="43,125,119,95,68,83,11,39,29,110,72,106,22" hai3="1,49,14,65,17,54,64,126,97,8,129,41,69"/><T80/><D104/><U48/><E74/><V10/><F68/><W70/><G1/><T32/><D2/><U99/><E130/><V52/><F106/><W75/><G75/><T134/><D121/><U24/><E135/><V38/><F119/><W44/><G129/><T100/><D100/><U18/><E59/><V58/><F125/><W71/><G126/><T76/><D128/><U124/><E124/><V35/><F35/><W67/><REACH who="3" step="1"/><G97/><REACH who="3" ten="380,210,200,200" step="2"/><T123/><D123/><U101/><E99/><V79/><F72/><W89/><G89/><T36/><D91/><U114/><E101/><V87/><F79/><W115/><G115/><T131/><D131/><U7/><E114/><V94/><F87/><W37/><G37/><T26/><D36/><U31/><E90/><V47/><F39/><W96/><G96/><T63/><D134/><U50/><E85/><V109/><F38/><W19/><G19/><T127/><D127/><U51/><E18/><V77/><F77/><W88/><G88/><T56/><D116/><U30/><E7/><V93/><F29/><W5/><G5/><T112/><D118/><U60/><E30/><V4/><F4/><W120/><G120/><T103/><D103/><U107/><E107/><V3/><F3/><W62/><G62/><T92/><D63/><U82/><E60/><V111/><F111/><W132/><G132/><T84/><D76/><U34/><E6/><V78/><F110/><W122/><G122/><T73/><D84/><U16/><E105/><V113/><F109/><W117/><G117/><T55/><D73/><U23/><E102/><RYUUKYOKU ba="1,1" sc="380,-10,210,-10,200,-10,200,30" hai3="8,14,17,41,44,49,54,64,65,67,69,70,71" />
</Scene>
<Scene>
<INIT seed="1,2,1,3,0,113" ten="370,200,190,230" oya="1" hai0="94,24,76,115,7,126,22,87,124,129,35,73,99" hai1="64,80,127,75,15,88,134,90,46,29,101,70,8" hai2="45,130,128,37,82,95,41,131,132,32,74,61,105" hai3="36,19,109,34,17,89,97,67,51,123,58,86,135"/><U66/><E134/><V11/><F105/><W16/><G123/><T60/><D115/><U59/><E127/><V3/><F32/><W118/><G36/><T52/><D35/><U65/><E70/><V85/><F132/><W31/><G135/><T47/><D73/><U102/><E29/><V6/><F61/><W57/><G109/><T50/><D7/><U81/><E46/><V125/><F95/><W39/><G39/><T23/><D23/><U69/><E69/><V43/><F43/><W104/><G67/><T108/><D108/><U25/><E25/><V4/><F4/><W10/><G10/><T9/><D9/><U13/><E59/><V30/><F30/><W20/><G34/><T48/><D76/><U72/><E66/><V27/><F27/><W110/><G110/><T93/><D87/><U111/><E111/><V98/><F98/><W92/><G51/><T133/><D94/><U91/><E91/><N who="2" m="51639" /><F74/><W38/><G38/><T79/><D79/><U2/><REACH who="1" step="1"/><E8/><REACH who="1" ten="370,190,190,230" step="2"/><V84/><F125/><W107/><G31/><T78/><D133/><U106/><E106/><V117/><F84/><W14/><G107/><T121/><D126/><U49/><E49/><V55/><F55/><W33/><G104/><T83/><D50/><U26/><E26/><V122/><F122/><W77/><G86/><N who="0" m="48503" /><D124/><U120/><E120/><V18/><F18/><W44/><G19/><N who="0" m="12383" /><D121/><U28/><E28/><V71/><F71/><W68/><G68/><T100/><D60/><U42/><E42/><V0/><F3/><AGARI ba="2,2" hai="2,3,13,15,64,65,72,75,80,81,88,90,101,102" machi="3" ten="25,9600,0" yaku="1,1,22,2,54,1,53,0" doraHai="113" doraHaiUra="114" who="1" fromWho="2" sc="370,0,190,122,190,-102,230,0" />
</Scene>
<Scene>
<INIT seed="1,3,0,2,3,41" ten="370,312,88,230" oya="1" hai0="86,85,42,68,2,67,124,58,65,55,50,46,79" hai1="103,24,93,63,31,26,64,116,121,133,106,128,76" hai2="131,92,89,61,100,127,22,115,60,129,27,132,123" hai3="94,28,69,13,16,18,97,33,40,4,70,81,35"/><U12/><E116/><V3/><F3/><W14/><G4/><T113/><D2/><U134/><E121/><V5/><F123/><W17/><G81/><T72/><D113/><U48/><E128/><N who="2" m="49227" /><F5/><W54/><G40/><T10/><D10/><U0/><E0/><V43/><F115/><W99/><G54/><T88/><D124/><U47/><E106/><V23/><F100/><W71/><G28/><T37/><D67/><U95/><E76/><V101/><F101/><W83/><G83/><N who="0" m="45543" /><D88/><U7/><E12/><N who="3" m="4714" /><G94/><N who="1" m="35850" /><E103/><V82/><F82/><W87/><G87/><T112/><D112/><U91/><E91/><V135/><F43/><W59/><G59/><T117/><D117/><U114/><E7/><V29/><F22/><W53/><G53/><T75/><D75/><U122/><E122/><V96/><F127/><W45/><G45/><T15/><D15/><U108/><E114/><V125/><F125/><W78/><G78/><T120/><D120/><U6/><E6/><V90/><F90/><W84/><G84/><T118/><D118/><U102/><E102/><V104/><F104/><W130/><G130/><T111/><D111/><U110/><E110/><V77/><F77/><W119/><G119/><T25/><D25/><U34/><E24/><V80/><F80/><W11/><G11/><T107/><D107/><U56/><E108/><V57/><F57/><W1/><G1/><T126/><D126/><U30/><E30/><V39/><F39/><W44/><G44/><T19/><D19/><U51/><E47/><V38/><F38/><W52/><G52/><T8/><D8/><RYUUKYOKU ba="3,0" sc="370,0,312,0,88,0,230,0" hai0="37,42,46,50,55,58,65,68,85,86" hai1="26,31,34,48,51,56,63,64,133,134" hai2="23,27,29,60,61,89,92,96,132,135" hai3="16,17,18,33,35,69,70,71,97,99" />
</Scene>
<Scene>
<INIT seed="1,4,0,4,1,77" ten="370,312,88,230" oya="1" hai0="119,7,79,89,112,117,73,70,46,129,49,44,78" hai1="76,8,35,71,98,31,27,21,4,56,43,61,9" hai2="41,50,18,134,99,131,2,6,11,39,104,101,86" hai3="64,16,37,92,60,88,36,127,110,65,116,93,69"/><U58/><E71/><V132/><F39/><W113/><G113/><T120/><D112/><U23/><E43/><V66/><F66/><W54/><G110/><T128/><D70/><U87/><E9/><V107/><F107/><W28/><G28/><T48/><D7/><U118/><E118/><V130/><F18/><W111/><G111/><T55/><D89/><U32/><E98/><V45/><REACH who="2" step="1"/><F86/><REACH who="2" ten="370,312,78,230" step="2"/><W105/><G105/><T29/><D117/><U40/><E87/><V103/><F103/><W75/><G116/><T96/><D119/><U19/><E19/><V13/><F13/><W133/><G65/><T33/><D96/><U102/><E102/><V26/><F26/><W30/><G37/><T115/><D115/><U85/><E85/><V123/><F123/><W90/><G36/><T20/><D120/><U82/><E27/><V14/><F14/><W22/><G64/><T74/><D29/><U38/><E31/><V125/><F125/><W83/><G127/><T95/><D73/><U81/><E38/><V126/><F126/><W135/><G30/><T42/><D74/><U24/><E24/><V106/><F106/><W5/><G75/><T122/><D122/><U1/><E32/><V47/><F47/><W10/><G16/><T34/><D33/><U100/><E35/><V0/><F0/><W25/><G25/><T121/><D34/><U63/><E100/><V59/><F59/><W108/><G108/><T52/><D121/><U3/><E1/><V15/><F15/><W51/><G69/><T91/><D46/><U12/><E3/><V62/><F62/><RYUUKYOKU ba="4,1" sc="370,-10,312,-10,78,30,230,-10" hai2="2,6,11,41,45,50,99,101,104,130,131,132,134" />
</Scene>
<Scene>
<INIT seed="2,5,1,0,5,89" ten="360,302,108,220" oya="2" hai0="43,28,56,101,122,58,13,26,128,68,19,6,25" hai1="81,106,105,18,132,111,61,30,40,14,10,31,84" hai2="90,114,47,100,76,98,4,135,70,77,127,21,123" hai3="99,5,91,22,11,131,57,59,134,23,124,37,83"/><V48/><F70/><W41/><G124/><T97/><D68/><U82/><E111/><V96/><F123/><W15/><G134/><T53/><D122/><U75/><E132/><V113/><F135/><W92/><G131/><T71/><D128/><U34/><E40/><V1/><F127/><W116/><G116/><T65/><D43/><U104/><E34/><V3/><F113/><W107/><G107/><T45/><D6/><U16/><E75/><V7/><F114/><W87/><G37/><T27/><D28/><U52/><E18/><V24/><F90/><W125/><G41/><T29/><D29/><U103/><E103/><V74/><F74/><W93/><G125/><T133/><D65/><U121/><E82/><V50/><F21/><N who="3" m="7691" /><G83/><T36/><D71/><U118/><E118/><V60/><F60/><W108/><G108/><T102/><D36/><U85/><E85/><V62/><F62/><W69/><G69/><T49/><D102/><AGARI ba="5,1" hai="5,11,15,57,59,87,91,92,93,99,102" m="7691" machi="102" ten="30,3900,0" yaku="8,1,52,2" doraHai="89" who="3" fromWho="0" sc="360,-54,302,0,108,0,220,64" />
</Scene>
<Scene>
<INIT seed="3,0,0,2,0,56" ten="306,302,108,284" oya="3" hai0="41,17,12,40,108,27,118,101,53,132,49,124,60" hai1="8,71,20,70,15,97,120,94,111,117,131,134,26" hai2="109,135,129,84,102,119,55,76,90,59,80,122,69" hai3="43,47,63,91,62,73,128,72,30,50,21,66,54"/><W121/><G121/><T64/><D118/><U22/><E120/><V5/><F69/><W107/><G107/><T92/><D108/><U112/><E117/><V127/><F119/><W25/><G128/><T52/><D124/><U36/><E111/><V23/><F109/><W105/><G105/><T34/><D132/><U113/><E36/><V126/><F129/><W32/><G32/><T130/><D34/><U10/><E131/><V19/><F135/><W16/><G30/><T100/><D27/><U6/><E134/><V85/><F5/><W33/><G33/><T45/><D53/><U44/><E44/><V51/><F102/><W29/><G29/><T106/><D106/><U116/><E116/><V81/><REACH who="2" step="1"/><F122/><REACH who="2" ten="306,302,98,284" step="2"/><W78/><G78/><T123/><D101/><U104/><E70/><V39/><F39/><W24/><G91/><T125/><D130/><U88/><E71/><V18/><F18/><W89/><G89/><T133/><D133/><U9/><E6/><V114/><F114/><W68/><REACH who="3" step="1"/><G25/><AGARI ba="0,1" hai="19,23,25,51,55,59,76,80,81,84,85,90,126,127" machi="25" ten="40,1300,0" yaku="1,1,53,0" doraHai="56" doraHaiUra="35" who="2" fromWho="3" sc="306,0,302,0,98,23,284,-13" />
</Scene>
<Scene>
<INIT seed="4,0,0,1,1,40" ten="306,302,121,271" oya="0" hai0="124,93,73,20,22,46,92,44,45,67,64,130,52" hai1="21,18,95,122,83,41,13,63,59,101,113,4,8" hai2="27,24,84,15,61,88,56,71,14,9,47,103,118" hai3="78,69,112,62,70,133,74,86,82,17,127,108,7"/><T57/><D73/><U117/><E122/><V49/><F71/><W80/><G108/><T125/><D130/><U3/><E117/><V115/><F103/><W81/><G112/><T36/><D36/><U109/><E109/><V98/><F98/><W26/><G127/><T131/><D131/><U43/><E113/><V91/><F115/><W100/><G133/><T123/><D123/><U102/><E83/><N who="2" m="49183" /><F91/><W53/><G100/><T128/><D128/><U60/><E60/><V58/><F14/><W129/><G129/><T66/><D124/><U0/><E0/><V77/><F77/><W85/><G7/><T38/><D38/><U51/><E95/><N who="0" m="36425" /><D125/><U25/><E3/><V76/><F76/><W134/><G134/><T68/><D68/><U33/><E33/><V1/><F1/><W126/><G126/><T32/><D32/><U114/><E114/><V116/><F116/><W135/><G135/><T90/><D90/><U79/><E79/><V111/><F111/><W42/><G70/><T107/><D107/><U2/><E2/><V19/><F118/><W110/><G69/><T35/><D35/><U75/><E75/><V50/><F50/><AGARI ba="0,0" hai="20,22,44,45,46,50,52,57,64,66,67" m="36425" machi="50" ten="30,12000,1" yaku="8,1,52,3,54,1" doraHai="40" who="0" fromWho="2" sc="306,120,302,0,121,-120,271,0" />
</Scene>
<Scene>
<INIT seed="4,1,0,3,0,90" ten="426,302,1,271" oya="0" hai0="41,61,101,106,25,71,49,48,97,120,44,82,124" hai1="83,45,19,108,50,70,115,65,119,14,62,133,37" hai2="103,110,1,77,54,60,52,24,42,121,107,12,96" hai3="122,53,35,38,73,46,8,117,93,63,129,72,31"/><T47/><D124/><U51/><E108/><V9/><F1/><W75/><G117/><T30/><D120/><U92/><E119/><V99/><F121/><W111/><G111/><T98/><D82/><U95/><E37/><V94/><F110/><W66/><G122/><T26/><D98/><U0/><E0/><V11/><F77/><W81/><G129/><T68/><D61/><U74/><E133/><V127/><F127/><W58/><G8/><T13/><D13/><U78/><E115/><V123/><F42/><W4/><G4/><T85/><D85/><U125/><E125/><V5/><F123/><W20/><G35/><T17/><D17/><U36/><E36/><V131/><F131/><W67/><G81/><T105/><D105/><U27/><E27/><V109/><F109/><W102/><G38/><T55/><D26/><U59/><E70/><V100/><F9/><W89/><G46/><T34/><AGARI ba="1,0" hai="25,30,34,41,44,47,48,49,55,68,71,97,101,106" machi="34" ten="20,2100,0" yaku="0,1,7,1" doraHai="90" who="0" fromWho="0" sc="426,24,302,-8,1,-8,271,-8" owari="450,56.0,294,9.0,-7,-51.0,263,-14.0" />
</Scene>
</mjloggm>