<mjloggm ver="2.3"><GO type="169" lobby="0"/><UN n0="%E4%B8%80%E7%94%9F%E6%87%B8%E5%91%BD" n1="%E3%82%8A%E3%81%A8%E3%82%8B%E3%80%82%E3%80%82" n2="%68%79%75%2D%69" n3="%41%53%41%50%49%4E" dan="17,16,16,18" rate="2209.19,2090.14,2059.18,2250.54" sx="M,M,M,M"/><TAIKYOKU oya="0"/>

<Scene>
<INIT seed="0,0,0,3,4,114" ten="250,250,250,250" oya="0" hai0="103,56,25,63,20,57,89,132,34,10,65,112,83" hai1="90,43,71,51,50,104,121,4,125,44,3,130,42" hai2="108,11,47,27,100,84,82,59,64,31,54,19,129" hai3="69,86,93,29,33,124,118,81,117,23,94,115,9"/><T28/><D112/><U55/><E104/><V107/><F108/><W0/><G115/><T123/><D123/><U113/><E113/><V77/><F129/><W78/><G69/><T62/><D132/><U16/><E71/><V106/><F64/><W91/><G33/><T30/><D103/><U67/><E67/><V116/><F116/><W32/><G32/><T61/><D10/><U41/><E130/><V1/><F47/><W17/><G29/><T92/><D83/><U26/><E3/><V6/><F19/><W40/><G124/><T49/><D34/><U22/><E4/><V95/><F95/><W5/><G40/><T14/><D14/><U38/><E38/><V24/><F31/><W135/><G135/><T2/><D2/><U80/><E125/><V128/><F128/><W87/><REACH who="3" step="1"/><G94/><REACH who="3" ten="250,250,250,240" step="2"/><T35/><D30/><U98/><E121/><V99/><REACH who="2" step="1"/><F107/><REACH who="2" ten="250,250,240,240" step="2"/><W21/><G21/><T68/><D35/><U39/><E39/><V13/><F13/><AGARI ba="0,2" hai="0,5,9,13,17,23,78,81,86,87,91,93,117,118" machi="13" ten="30,7700,0" yaku="1,1,7,1,52,2,53,0" doraHai="114" doraHaiUra="110" who="3" fromWho="2" sc="250,0,250,0,240,-77,240,97" />
</Scene>
<Scene>
<INIT seed="1,0,0,2,1,107" ten="250,250,163,337" oya="1" hai0="72,12,61,95,0,115,113,91,52,83,19,73,36" hai1="90,53,35,112,37,97,135,11,18,102,132,96,85" hai2="69,49,121,41,125,134,56,77,24,84,124,76,64" hai3="78,9,104,74,48,66,88,110,87,100,1,114,43"/><U122/><E112/><V82/><F121/><W50/><G114/><T119/><D0/><U4/><E122/><V62/><F134/><N who="1" m="51241" /><E35/><V54/><F77/><W89/><G110/><T33/><D36/><U101/><E37/><V57/><F41/><W23/><G66/><T94/><D33/><U16/><E53/><V44/><REACH who="2" step="1"/><F24/><REACH who="2" ten="250,250,153,337" step="2"/><W47/><G78/><T32/><D115/><U27/><E27/><V55/><F55/><W42/><G43/><T127/><D113/><U118/><E118/><V129/><F129/><W31/><G42/><T59/><D119/><U67/><E67/><V63/><F63/><W30/><G48/><T7/><D61/><U5/><E102/><V46/><F46/><W22/><G50/><T70/><D52/><U3/><E4/><V126/><AGARI ba="0,1" hai="44,49,54,56,57,62,64,69,76,82,84,124,125,126" machi="126" ten="30,4000,0" yaku="1,1,0,1,18,1,53,0" doraHai="107" doraHaiUra="109" who="2" fromWho="2" sc="250,-10,250,-20,153,50,337,-10" />
</Scene>
<Scene>
<INIT seed="2,0,0,2,5,5" ten="240,230,203,327" oya="2" hai0="75,56,65,102,70,133,40,109,128,25,36,16,44" hai1="123,91,59,7,114,21,9,0,93,18,126,103,89" hai2="83,50,105,116,119,60,51,32,98,26,120,76,122" hai3="57,53,84,62,2,4,86,73,69,19,111,34,35"/><V17/><F60/><W129/><G73/><T134/><D75/><U90/><E114/><V55/><F51/><W94/><G111/><T92/><D109/><U101/><E126/><V63/><F63/><W66/><G129/><T104/><D70/><U127/><E127/><V49/><F50/><W115/><G115/><T61/><D104/><U68/><E68/><V37/><F37/><W24/><G35/><T107/><D107/><U48/><E123/><V118/><F98/><W52/><G94/><T27/><D128/><U72/><E72/><V30/><F17/><W38/><G38/><T11/><D92/><U124/><E124/><V77/><F105/><W6/><G6/><T54/><D102/><U130/><E130/><V79/><REACH who="2" step="1"/><F83/><REACH who="2" ten="240,230,193,327" step="2"/><W15/><G19/><T46/><D65/><U113/><E113/><V20/><F20/><W81/><G62/><T88/><D36/><U112/><E112/><V23/><F23/><W13/><G81/><T22/><D22/><U43/><E93/><V31/><F31/><W33/><G66/><T10/><D61/><U8/><E21/><V78/><N who="2" m="19968" /><DORA hai="95" /><V1/><F1/><W97/><G2/><T121/><D121/><U71/><E0/><V45/><AGARI ba="0,1" hai="26,30,32,45,49,55,116,118,119,120,122" m="19968" machi="45" ten="50,4800,0" yaku="1,1,0,1,53,0" doraHai="5,95" doraHaiUra="12,135" who="2" fromWho="2" sc="240,-16,230,-16,193,58,327,-16" />
</Scene>
<Scene>
<INIT seed="2,1,0,2,0,6" ten="224,214,251,311" oya="2" hai0="120,132,121,39,113,65,9,76,52,78,31,119,56" hai1="0,18,12,40,36,116,135,103,115,15,71,130,82" hai2="34,134,63,19,37,22,61,91,2,29,16,123,75" hai3="112,8,62,1,64,47,68,101,4,33,20,43,54"/><V17/><F75/><W93/><G112/><T72/><D39/><U70/><E0/><V90/><F37/><W53/><G33/><T42/><D42/><U117/><E115/><V77/><F77/><W3/><G3/><T69/><D31/><U96/><E130/><V98/><F34/><W51/><REACH who="3" step="1"/><G20/><REACH who="3" ten="224,214,251,301" step="2"/><T13/><D113/><U11/><E117/><V88/><F2/><W27/><G27/><T60/><D119/><U24/><E116/><V102/><F134/><W97/><AGARI ba="1,1" hai="1,4,8,43,47,51,53,54,62,64,68,93,97,101" machi="97" ten="30,7900,0" yaku="1,1,0,1,52,1,53,1" doraHai="6" doraHaiUra="45" who="3" fromWho="3" sc="224,-21,214,-21,251,-40,301,92" />
</Scene>
<Scene>
<INIT seed="3,0,0,5,4,8" ten="203,193,211,393" oya="3" hai0="29,114,35,90,51,109,88,43,111,108,129,46,84" hai1="25,105,79,98,30,6,15,59,44,20,70,37,99" hai2="26,67,100,9,118,110,31,38,94,42,47,74,3" hai3="40,76,54,130,92,134,53,119,14,77,102,24,78"/><W41/><G119/><T101/><D129/><U65/><E70/><V11/><F110/><W80/><G130/><T36/><D114/><U33/><E105/><V123/><F118/><W63/><G134/><T69/><D69/><U39/><E79/><V116/><F116/><W91/><G102/><T93/><D101/><U132/><E132/><V97/><F123/><W58/><G80/><T75/><D75/><U121/><E121/><V96/><F74/><W72/><G72/><T19/><D19/><U87/><E87/><V128/><F3/><W13/><G54/><T122/><D122/><U21/><E21/><V131/><F67/><W120/><G120/><T18/><D18/><U28/><E28/><V57/><F57/><W133/><G24/><N who="0" m="18855" /><D90/><U7/><E7/><V50/><F38/><AGARI ba="0,0" hai="36,38,43,46,51,84,88,93,108,109,111" m="18855" machi="38" ten="30,2000,0" yaku="14,1,54,1" doraHai="8" who="0" fromWho="2" sc="203,20,193,0,211,-20,393,0" />
</Scene>
<Scene>
<INIT seed="4,0,0,0,0,87" ten="223,193,191,393" oya="0" hai0="20,67,3,83,9,26,119,53,79,0,92,57,105" hai1="112,40,65,100,7,77,104,132,73,52,71,16,128" hai2="29,6,28,15,42,56,118,59,37,27,75,18,123" hai3="43,121,78,25,23,74,135,89,98,51,24,38,122"/><T69/><D105/><U102/><E40/><V41/><F75/><W60/><G135/><T31/><D119/><U2/><E132/><V45/><F123/><N who="3" m="47115" /><G38/><T93/><D69/><U103/><E104/><V85/><F6/><W58/><G78/><T129/><D67/><U126/><E2/><V10/><F118/><W47/><G74/><T110/><D129/><U106/><E7/><V72/><F72/><W62/><G62/><T36/><D36/><U86/><E73/><V127/><F42/><W111/><G111/><T13/><D0/><U88/><E77/><V35/><F29/><W8/><G8/><T113/><D3/><U108/><E106/><V34/><F35/><W61/><G61/><N who="0" m="36015" /><D113/><U50/><E108/><V115/><F115/><W17/><G24/><T68/><D68/><U130/><E112/><V125/><REACH who="2" step="1"/><F85/><REACH who="2" ten="223,193,181,393" step="2"/><W48/><G43/><T19/><D110/><U49/><E130/><V133/><F133/><W124/><G17/><T84/><AGARI ba="0,1" hai="9,13,19,20,26,31,79,83,84,92,93" m="36015" machi="84" ten="30,1500,0" yaku="8,1" doraHai="87" who="0" fromWho="0" sc="223,25,193,-5,181,-5,393,-5" />
</Scene>
<Scene>
<INIT seed="4,1,0,3,1,77" ten="248,188,176,388" oya="0" hai0="135,27,46,75,82,0,121,1,68,73,3,25,94" hai1="113,114,90,72,22,18,49,11,8,39,21,84,107" hai2="102,59,122,19,10,115,67,80,118,79,57,56,88" hai3="28,16,47,127,123,66,128,41,104,12,61,42,98"/><T117/><D121/><U13/><E39/><V108/><F122/><W110/><G123/><T31/><D117/><U69/><E107/><V76/><F108/><W17/><G110/><T130/><D68/><U92/><E69/><V120/><F120/><W132/><G128/><T125/><D130/><U91/><E72/><V109/><F109/><W86/><G132/><T105/><D105/><U51/><E22/><V99/><F115/><N who="1" m="44041" /><E91/><V87/><F67/><W64/><G127/><T81/><D125/><U7/><E8/><V24/><F118/><W43/><G28/><T133/><D94/><U34/><E34/><V35/><F35/><W54/><G98/><T23/><D46/><U100/><E100/><V2/><F2/><AGARI ba="1,0" hai="2,7,11,13,18,21,49,51,84,90,92" m="44041" machi="2" ten="30,2000,0" yaku="15,1,11,1" doraHai="77" who="1" fromWho="2" sc="248,0,188,23,176,-23,388,0" />
</Scene>
<Scene>
<INIT seed="5,0,0,5,0,16" ten="248,211,153,388" oya="1" hai0="82,92,9,117,8,65,34,90,134,83,42,53,98" hai1="35,48,68,33,131,122,70,110,101,123,116,130,126" hai2="71,93,45,125,54,52,94,64,135,97,107,80,78" hai3="2,133,50,55,124,85,44,5,86,109,106,1,74"/><U25/><E101/><V120/><F120/><W3/><G109/><T6/><D117/><U10/><E48/><N who="2" m="28687" /><F71/><N who="1" m="27177" /><E116/><V32/><F32/><N who="1" m="12361" /><E10/><V56/><F64/><W112/><G2/><T69/><D9/><U88/><E25/><V18/><F107/><W36/><G1/><T96/><D8/><U119/><E119/><V81/><F135/><W79/><G106/><T38/><D134/><U100/><E100/><N who="2" m="60463" /><F125/><W91/><G124/><T29/><D34/><U59/><E59/><V84/><F81/><W27/><G3/><T21/><D69/><U99/><E126/><V128/><F128/><N who="1" m="49193" /><E110/><V47/><F47/><W89/><G44/><T102/><D102/><U46/><E46/><V39/><F39/><W73/><G36/><T66/><D38/><U26/><E26/><V41/><F94/><AGARI ba="0,0" hai="88,94,99,122,123" m="49193,12361,27177" machi="94" ten="40,3900,0" yaku="19,1,54,1" doraHai="16" who="1" fromWho="2" sc="248,0,211,39,153,-39,388,0" />
</Scene>
<Scene>
<INIT seed="5,1,0,5,0,119" ten="248,250,114,388" oya="1" hai0="67,111,31,135,35,19,14,1,95,64,54,49,2" hai1="126,48,115,84,80,69,6,40,71,55,24,26,127" hai2="32,130,28,97,85,117,91,42,94,88,121,8,25" hai3="33,13,90,62,92,73,122,3,30,51,38,68,76"/><U82/><E6/><V45/><F117/><W93/><G122/><T99/><D111/><U104/><E104/><V36/><F130/><W87/><G3/><T27/><D135/><U124/><E40/><V21/><F8/><W128/><G38/><T57/><D67/><U86/><E115/><V70/><F70/><N who="1" m="26633" /><E86/><V74/><F74/><W83/><G128/><T78/><D64/><U103/><E103/><V56/><F56/><W100/><G62/><T0/><D78/><N who="1" m="46103" /><E82/><V89/><F121/><W58/><G68/><T72/><D72/><U43/><E43/><V37/><F37/><W9/><G100/><T60/><D60/><U63/><E63/><V46/><F46/><AGARI ba="1,0" hai="24,26,46,48,55,124,126,127" m="46103,26633" machi="46" ten="40,2000,0" yaku="18,1" doraHai="119" who="1" fromWho="2" sc="248,0,250,23,114,-23,388,0" />
</Scene>
<Scene>
<INIT seed="5,2,0,4,2,115" ten="248,273,91,388" oya="1" hai0="75,127,104,50,10,72,18,14,95,68,125,35,34" hai1="82,73,13,70,79,85,65,53,38,80,5,114,4" hai2="9,33,24,36,131,52,15,93,42,7,37,32,112" hai3="101,41,133,120,49,99,2,6,29,3,8,105,130"/><U126/><E38/><V59/><F112/><W94/><G120/><T12/><D104/><U135/><E114/><V76/><F131/><W28/><G130/><T111/><D68/><U74/><E135/><V106/><F106/><W91/><G133/><T20/><D111/><U122/><E122/><V90/><F76/><W30/><G41/><T55/><D95/><U1/><E1/><V46/><F24/><W16/><G49/><T134/><D134/><U102/><E102/><V17/><F7/><W27/><G3/><T21/><D50/><U62/><E126/><N who="0" m="48137" /><D55/><U66/><E66/><V81/><F81/><W23/><G29/><T103/><D103/><U43/><E43/><V22/><F9/><W87/><AGARI ba="2,0" hai="2,6,8,16,23,27,28,30,87,91,94,99,101,105" machi="87" ten="20,2700,0" yaku="0,1,7,1,54,1" doraHai="115" who="3" fromWho="3" sc="248,-9,273,-15,91,-9,388,33" />
</Scene>
<Scene>
<INIT seed="6,0,0,1,5,121" ten="239,258,82,421" oya="2" hai0="54,125,29,122,133,96,28,39,114,27,21,94,14" hai1="60,70,23,4,124,35,38,45,65,117,95,34,98" hai2="11,116,10,62,113,36,115,55,101,108,19,99,67" hai3="49,134,119,44,91,69,5,41,50,63,135,51,87"/><V128/><F116/><W20/><G119/><T33/><D122/><U43/><E117/><V37/><F55/><W71/><G5/><T48/><D39/><N who="2" m="14922" /><F19/><W110/><G110/><T68/><D68/><N who="3" m="26185" /><G20/><T92/><D114/><N who="2" m="43530" /><F128/><W132/><G63/><T0/><D0/><U106/><E124/><V7/><F7/><W109/><G109/><T1/><D1/><U84/><E4/><V53/><F108/><W6/><G6/><T17/><D125/><U22/><E106/><N who="2" m="63807" /><F53/><W76/><G76/><T58/><D29/><U72/><E72/><V79/><F79/><W131/><G131/><T57/><D133/><U123/><E123/><V120/><F120/><W56/><G56/><AGARI ba="0,0" hai="10,11,56,62,67" m="63807,43530,14922" machi="56" ten="30,1500,0" yaku="15,1" doraHai="121" who="2" fromWho="3" sc="239,0,258,0,82,15,421,-15" />
</Scene>
<Scene>
<INIT seed="6,1,0,1,1,83" ten="239,258,97,406" oya="2" hai0="119,133,38,12,123,107,26,90,102,18,29,127,8" hai1="99,70,61,67,41,104,48,88,22,24,110,51,45" hai2="124,131,11,63,23,79,42,87,55,40,93,14,34" hai3="3,49,39,54,132,19,92,105,73,77,108,84,98"/><V106/><F34/><W128/><G108/><T52/><D123/><U118/><E110/><V111/><F106/><W86/><G3/><T121/><D121/><U75/><E75/><V64/><F111/><W135/><G39/><T60/><D38/><U65/><E65/><V76/><F124/><W59/><G128/><T68/><D133/><N who="3" m="51273" /><G105/><T95/><D127/><U2/><E2/><V125/><F125/><W94/><G94/><T21/><D119/><U62/><E62/><V130/><F55/><W56/><G77/><N who="2" m="29769" /><F23/><W5/><G73/><T30/><D107/><U13/><E118/><V78/><N who="2" m="29777" /><V115/><DORA hai="89" /><F115/><W0/><G19/><N who="0" m="8583" /><D102/><U47/><E104/><V44/><F44/><W32/><G32/><T85/><D68/><U10/><E47/><V4/><F63/><W80/><G80/><T66/><D66/><U7/><E45/><V16/><F64/><W35/><G35/><T50/><D60/><U72/><E41/><N who="2" m="15979" /><F131/><W91/><G59/><AGARI ba="1,0" hai="18,21,26,29,30,50,52,59,85,90,95" m="8583" machi="59" ten="30,7700,0" yaku="8,1,52,2,54,1" doraHai="83,89" who="0" fromWho="3" sc="239,80,258,0,97,0,406,-80" />
</Scene>
<Scene>
<INIT seed="7,0,0,4,2,93" ten="319,258,97,326" oya="3" hai0="127,37,43,10,68,14,72,69,77,15,64,49,17" hai1="123,57,63,61,1,22,83,92,131,126,129,90,76" hai2="28,121,128,79,87,110,6,135,74,29,52,78,116" hai3="7,19,34,25,80,36,42,100,38,120,45,89,107"/><W65/><G120/><T73/><D37/><U125/><E1/><V118/><F6/><W84/><G7/><T18/><D127/><N who="1" m="48651" /><E22/><V39/><F39/><W9/><G38/><T47/><D77/><U70/><E70/><V124/><F87/><W88/><G65/><T4/><D4/><U114/><E57/><V62/><F62/><W26/><G34/><T81/><D81/><U105/><E63/><V32/><F32/><W82/><G100/><T86/><D86/><N who="1" m="52311" /><E61/><V21/><F21/><W60/><G107/><T20/><REACH who="0" step="1"/><D64/><REACH who="0" ten="309,258,97,326" step="2"/><U48/><E123/><V46/><F121/><W66/><G80/><T112/><D112/><U96/><E48/><V111/><F124/><W51/><G36/><T12/><D12/><U30/><E30/><V56/><F56/><W115/><G115/><T133/><D133/><U99/><E114/><V113/><F113/><W91/><G66/><T44/><D44/><U106/><E106/><V11/><F46/><W132/><G60/><T13/><D13/><U67/><E67/><V54/><F135/><W8/><G132/><T40/><D40/><U122/><E122/><V35/><F35/><W5/><G5/><T101/><D101/><N who="1" m="62631" /><E99/><V94/><F94/><W85/><G42/><T75/><AGARI ba="0,1" hai="10,14,15,17,18,20,43,47,49,68,69,72,73,75" machi="75" ten="30,2000,0" yaku="1,1,0,1,53,0" doraHai="93" doraHaiUra="98" who="0" fromWho="0" sc="309,30,258,-5,97,-5,326,-10" owari="339,44.0,253,-15.0,92,-41.0,316,12.0" />
</Scene>
</mjloggm>