<mjloggm ver="2.3"><GO type="169"/><UN n0="%47%61%4B%75" n1="%E3%82%AF%E3%83%AC%E3%82%A2" n2="%E3%81%98%E3%81%9A%E3%83%BC" n3="%41%53%41%50%49%4E" dan="16,16,16,19" rate="2074,2064,2125,2200" sx="M,M,M,M"/><TAIKYOKU oya="0"/>

<Scene>
<INIT seed="0,0,0,2,5,63" ten="250,250,250,250" oya="0" hai0="47,80,36,32,30,23,24,29,126,49,81,108,52" hai1="73,125,91,66,10,61,116,105,70,31,99,40,75" hai2="115,95,100,124,22,131,11,76,111,78,34,97,8" hai3="101,64,67,39,96,89,71,9,19,128,72,86,42"/><T112/><D112/><U119/><E125/><V16/><F34/><W48/><G71/><T28/><D126/><U59/><E10/><V6/><F115/><W54/><G72/><T60/><D108/><U87/><E59/><V15/><F111/><W107/><G128/><T84/><D36/><U117/><E40/><V13/><F131/><W92/><G42/><T79/><D32/><U69/><E69/><V83/><F83/><N who="3" m="49375" /><G39/><T77/><REACH who="0" step="1"/><D60/><REACH who="0" ten="240,250,250,250" step="2"/><U68/><E68/><V74/><F124/><W25/><G107/><T26/><D26/><U57/><E70/><V85/><F74/><AGARI ba="0,1" hai="23,24,28,29,30,47,49,52,74,77,79,80,81,84" machi="74" ten="30,11600,0" yaku="1,1,7,1,54,1,53,1" doraHai="63" doraHaiUra="46" who="0" fromWho="2" sc="240,126,250,0,250,-116,250,0" />
</Scene>
<Scene>
<INIT seed="0,1,0,2,3,96" ten="366,250,134,250" oya="0" hai0="53,67,87,25,74,71,72,64,51,85,99,63,12" hai1="89,98,57,29,124,119,30,10,133,43,55,28,44" hai2="111,125,128,38,123,24,126,14,120,131,100,39,122" hai3="8,86,18,107,75,9,62,118,56,54,60,68,90"/><T117/><D117/><U108/><E119/><V32/><F14/><W11/><G118/><T23/><D67/><U4/><E108/><V61/><F61/><W22/><G75/><T88/><D12/><U69/><E69/><V134/><F111/><W82/><G107/><T91/><D91/><U46/><E124/><N who="2" m="47723" /><F24/><N who="3" m="14423" /><G68/><T104/><D87/><U103/><E89/><V110/><F110/><W27/><G27/><T73/><D99/><U15/><E43/><V2/><F2/><W70/><G70/><T65/><D104/><U80/><E80/><V40/><F40/><W83/><G83/><T81/><D65/><U129/><E129/><N who="2" m="49739" /><F32/><W31/><G31/><T109/><D109/><U114/><E114/><V97/><F134/><W48/><AGARI ba="1,0" hai="8,9,11,48,54,56,60,62,82,86,90" m="14423" machi="48" ten="30,1100,0" yaku="8,1" doraHai="96" who="3" fromWho="3" sc="366,-6,250,-4,134,-4,250,14" />
</Scene>
<Scene>
<INIT seed="1,0,0,2,1,98" ten="360,246,130,264" oya="1" hai0="74,53,131,72,75,85,48,60,57,41,55,130,133" hai1="56,125,50,87,54,23,29,19,61,65,11,20,27" hai2="64,15,3,1,83,78,30,0,132,123,22,71,82" hai3="37,12,49,52,68,34,79,81,117,24,47,14,111"/><U107/><E107/><V95/><F123/><W17/><G68/><T89/><D133/><U21/><E125/><V102/><F132/><W32/><G37/><T113/><D41/><U109/><E109/><V110/><F110/><W118/><G111/><T86/><D113/><U62/><E62/><V58/><F71/><W116/><G14/><T25/><D25/><U67/><E67/><V115/><F115/><W80/><G24/><T91/><D86/><U104/><E104/><V36/><F36/><W18/><G17/><T121/><D121/><U5/><E87/><V129/><F78/><W112/><G112/><T94/><REACH who="0" step="1"/><D91/><REACH who="0" ten="350,246,130,264" step="2"/><U4/><E29/><V44/><F30/><W31/><G31/><T128/><D128/><U59/><REACH who="1" step="1"/><E5/><REACH who="1" ten="350,236,130,264" step="2"/><V16/><F129/><W66/><G118/><T70/><D70/><U76/><E76/><V135/><F135/><W77/><G116/><T73/><N who="0" m="18944" /><DORA hai="97" /><T126/><D126/><U9/><E9/><V7/><F7/><W8/><G117/><T35/><D35/><U43/><E43/><V2/><F64/><W33/><G66/><T84/><D84/><U28/><E28/><V90/><F90/><W40/><G40/><T122/><D122/><U63/><E63/><V88/><F88/><W100/><G79/><T42/><D42/><U38/><E38/><V124/><F124/><W114/><G114/><T134/><D134/><U106/><E106/><V99/><F99/><W120/><G120/><T103/><D103/><U10/><E10/><V26/><F102/><W69/><G100/><T108/><D108/><U13/><AGARI ba="0,2" hai="4,11,13,19,20,21,23,27,50,54,56,59,61,65" machi="13" ten="20,12000,1" yaku="1,1,5,1,0,1,7,1,8,1,53,0" doraHai="98,97" doraHaiUra="39,105" who="1" fromWho="1" sc="350,-40,236,140,130,-40,264,-40" />
</Scene>
<Scene>
<INIT seed="1,1,0,1,4,125" ten="310,376,90,224" oya="1" hai0="58,32,74,103,8,63,20,31,90,59,33,102,40" hai1="23,27,131,83,114,4,64,9,7,96,117,86,132" hai2="44,100,16,122,52,0,135,36,43,92,3,29,60" hai3="77,69,66,110,47,75,115,99,37,105,113,10,21"/><U65/><E117/><V6/><F122/><W12/><G110/><T127/><D74/><U109/><E114/><V24/><F135/><W126/><G126/><T73/><D73/><U94/><E132/><V85/><F6/><W98/><G21/><T30/><D127/><U13/><E9/><V89/><F100/><W81/><G66/><T39/><D39/><U80/><E109/><V133/><F133/><W87/><G69/><T2/><D40/><U134/><E134/><V106/><F106/><W108/><G108/><T72/><D72/><U42/><E42/><V11/><F29/><W104/><G47/><T116/><D116/><U57/><E57/><V28/><F28/><W14/><G37/><T124/><D124/><U18/><E131/><V53/><F60/><W76/><G10/><T26/><D8/><U111/><E111/><V51/><F53/><W78/><G14/><T56/><D20/><U97/><E13/><V91/><F91/><N who="3" m="51695" /><G12/><T22/><D22/><U48/><E48/><V95/><F24/><W88/><G75/><T123/><D90/><N who="1" m="55383" /><E97/><N who="3" m="36874" /><G88/><T25/><D2/><U68/><E68/><V17/><F3/><W49/><G49/><T84/><D84/><U45/><E45/><V112/><F0/><W54/><G54/><T46/><D46/><U19/><E19/><V35/><F17/><W101/><G101/><T67/><REACH who="0" step="1"/><D123/><REACH who="0" ten="300,376,90,224" step="2"/><U121/><E121/><V130/><F11/><W62/><G77/><T50/><D50/><U61/><E61/><V38/><F51/><W120/><G62/><T118/><D118/><U55/><E86/><V107/><F44/><RYUUKYOKU ba="1,1" sc="300,30,376,-10,90,-10,224,-10" hai0="25,26,30,31,32,33,56,58,59,63,67,102,103" />
</Scene>
<Scene>
<INIT seed="2,2,1,4,3,39" ten="330,366,80,214" oya="2" hai0="8,43,60,80,104,15,115,130,34,44,110,103,81" hai1="63,6,84,90,28,58,88,36,10,32,129,128,27" hai2="46,94,20,108,111,89,91,53,86,92,76,31,42" hai3="95,77,45,96,54,62,68,67,75,55,38,7,118"/><V33/><F33/><W52/><G118/><T37/><D34/><U56/><E36/><V2/><F2/><W65/><G7/><T117/><D115/><U19/><E19/><V35/><F35/><W127/><G127/><T51/><D117/><U14/><E84/><V1/><F1/><W41/><G65/><T0/><D0/><U11/><E11/><V66/><F66/><W24/><G77/><T29/><D29/><U100/><E100/><V122/><F122/><W123/><G75/><T49/><D110/><N who="2" m="42026" /><F76/><W73/><G73/><T5/><D130/><N who="1" m="50283" /><E58/><V22/><F53/><AGARI ba="2,1" hai="6,10,14,27,28,32,53,56,63,88,90" m="50283" machi="53" ten="30,2000,0" yaku="19,1,54,1" doraHai="39" who="1" fromWho="2" sc="330,0,366,36,80,-26,214,0" />
</Scene>
<Scene>
<INIT seed="3,0,0,1,4,43" ten="330,402,54,214" oya="3" hai0="0,3,58,52,41,38,18,91,14,56,133,47,130" hai1="109,24,103,126,48,77,108,61,93,26,62,15,112" hai2="31,46,76,94,81,124,84,21,40,28,59,113,114" hai3="90,32,119,66,67,6,1,120,22,123,23,117,116"/><W30/><G90/><T11/><D130/><U95/><E112/><V96/><F124/><W127/><G127/><T125/><D125/><U111/><E126/><V121/><F121/><N who="3" m="46667" /><G66/><T122/><D122/><U105/><E15/><V82/><F59/><W8/><G67/><T4/><D133/><U50/><E77/><V60/><F60/><N who="1" m="23145" /><E105/><V2/><F2/><W65/><G65/><T89/><D56/><U16/><E103/><V131/><F131/><W132/><G132/><T5/><D0/><U88/><E24/><AGARI ba="0,0" hai="1,6,8,22,23,24,30,32,116,117,119" m="46667" machi="24" ten="40,3900,0" yaku="34,2" doraHai="43" who="3" fromWho="1" sc="330,0,402,-39,54,0,214,39" />
</Scene>
<Scene>
<INIT seed="3,1,0,0,0,51" ten="330,363,54,253" oya="3" hai0="82,87,9,38,24,41,111,39,14,5,127,66,123" hai1="65,105,4,78,93,64,42,128,75,45,126,92,19" hai2="98,16,8,132,48,108,130,117,1,62,15,99,23" hai3="22,115,135,47,103,60,100,57,26,107,54,7,25"/><W20/><G115/><T30/><D123/><U40/><E105/><V80/><F117/><W71/><G135/><T124/><D111/><U86/><E19/><V58/><F108/><W33/><G33/><T112/><D66/><U84/><E126/><N who="0" m="48169" /><D41/><U37/><E128/><V3/><F130/><W91/><G71/><T88/><D112/><U0/><E42/><V76/><F48/><N who="3" m="28959" /><G107/><T85/><D85/><U18/><E18/><V17/><F132/><W77/><G77/><T102/><D102/><N who="3" m="38953" /><G7/><T27/><D27/><N who="3" m="10249" /><G91/><T69/><D69/><U90/><E84/><N who="2" m="48135" /><F1/><W121/><G121/><T32/><AGARI ba="1,0" hai="5,9,14,24,30,32,38,39,82,87,88" m="48169" machi="32" ten="30,2000,0" yaku="18,1,54,1" doraHai="51" who="0" fromWho="0" sc="330,23,363,-6,54,-6,253,-11" />
</Scene>
<Scene>
<INIT seed="4,0,0,2,0,22" ten="353,357,48,242" oya="0" hai0="7,27,61,60,19,1,73,6,76,128,87,59,2" hai1="40,31,3,62,12,77,130,79,111,43,103,37,30" hai2="81,9,88,39,83,95,92,124,49,52,26,108,17" hai3="74,121,126,82,94,33,120,16,51,91,78,80,104"/><T112/><D73/><U65/><E3/><N who="0" m="1033" /><D76/><U36/><E103/><V107/><F39/><W125/><G33/><T11/><D87/><U55/><E12/><V50/><F107/><W115/><G51/><T98/><D98/><U41/><E111/><V23/><F108/><W84/><G104/><T67/><D67/><U97/><E97/><V29/><F124/><N who="3" m="47723" /><G115/><T48/><D48/><U122/><E122/><N who="3" m="47210" /><G16/><T71/><D59/><U4/><E4/><N who="0" m="1577" /><D71/><U66/><E55/><V53/><F50/><W56/><G56/><T38/><D38/><U58/><E58/><N who="2" m="33039" /><F53/><W119/><G119/><T10/><D60/><U35/><E43/><V0/><F95/><W42/><G42/><T114/><D61/><U131/><E62/><V118/><F118/><W93/><AGARI ba="0,0" hai="74,78,80,82,84,91,93,94" m="47210,47723" machi="93" ten="40,8000,1" yaku="18,1,13,1,34,2" doraHai="22" who="3" fromWho="3" sc="353,-40,357,-20,48,-20,242,80" />
</Scene>
<Scene>
<INIT seed="5,0,0,1,5,91" ten="313,337,28,322" oya="1" hai0="118,131,102,51,68,71,122,6,61,78,63,28,26" hai1="25,43,57,112,125,54,130,69,13,23,16,15,93" hai2="4,31,88,103,73,22,108,86,39,72,19,45,79" hai3="114,36,34,77,59,92,30,65,115,84,67,41,94"/><U128/><E69/><V10/><F108/><W95/><G59/><T117/><D118/><U120/><E43/><V81/><F31/><W38/><G30/><T2/><D117/><U44/><E44/><V47/><F103/><W58/><G34/><T90/><D102/><U1/><E1/><V3/><F39/><W7/><G7/><T5/><D78/><U8/><E120/><V11/><F10/><W9/><G9/><T113/><D122/><U62/><E125/><V97/><F97/><W27/><G27/><T129/><D113/><N who="3" m="43017" /><G58/><T75/><D75/><U111/><E111/><V32/><F32/><W46/><G38/><T99/><D51/><U101/><E112/><V105/><F105/><W33/><G33/><T29/><D90/><U66/><E54/><V119/><F119/><W107/><G107/><T70/><D99/><N who="1" m="59631" /><E15/><V135/><F135/><W64/><G77/><T121/><D121/><U87/><E87/><AGARI ba="0,0" hai="36,41,46,64,65,67,84,87,92,94,95" m="43017" machi="87" ten="40,8000,1" yaku="15,1,52,3" doraHai="91" who="3" fromWho="1" sc="313,0,337,-80,28,0,322,80" />
</Scene>
<Scene>
<INIT seed="6,0,0,5,5,33" ten="313,257,28,402" oya="2" hai0="77,31,36,82,35,68,67,23,120,114,69,90,115" hai1="74,38,34,50,81,98,101,3,15,1,84,119,39" hai2="94,122,18,127,87,22,135,129,32,55,26,118,113" hai3="10,44,30,25,121,131,56,27,117,97,107,116,80"/><V54/><F32/><W79/><G121/><T75/><D120/><U105/><E119/><V2/><F122/><W95/><G107/><T46/><D23/><U110/><E110/><V47/><F118/><W29/><G131/><T85/><D31/><U86/><E50/><V16/><F129/><W8/><G116/><T59/><D35/><U53/><E53/><V5/><F113/><N who="0" m="43018" /><D59/><U73/><E15/><V13/><F135/><W111/><G111/><T123/><D67/><U45/><E84/><V108/><F127/><W6/><G117/><T9/><D9/><N who="3" m="3689" /><G6/><T63/><D63/><U65/><E65/><V52/><F108/><W21/><G44/><T61/><D61/><U70/><E70/><V42/><F2/><W4/><G4/><T62/><D62/><U11/><E34/><V19/><F5/><W66/><G56/><T28/><D28/><N who="3" m="10857" /><G21/><T106/><D106/><U64/><E64/><V126/><F126/><W43/><G43/><N who="0" m="22887" /><D123/><U76/><E11/><V12/><F42/><W7/><G7/><T78/><D78/><U102/><E45/><V24/><F47/><W72/><G72/><T20/><D20/><U124/><E124/><V58/><F58/><W130/><G66/><T133/><D133/><U37/><REACH who="1" step="1"/><E102/><REACH who="1" ten="313,247,28,402" step="2"/><V104/><F24/><W99/><G130/><T112/><N who="0" m="43026" /><T134/><DORA hai="132" /><D134/><U49/><E49/><V83/><F13/><W109/><G109/><T40/><D40/><U92/><E92/><AGARI ba="0,1" hai="68,69,75,77,82,85,90,92" m="22887,43026" machi="92" ten="40,1300,0" yaku="15,1" doraHai="33,132" who="0" fromWho="1" sc="313,23,247,-13,28,0,402,0" />
</Scene>
<Scene>
<INIT seed="7,0,0,1,2,45" ten="336,234,28,402" oya="3" hai0="49,58,83,74,47,25,109,104,91,99,23,64,54" hai1="82,15,56,9,69,6,123,133,33,61,71,98,78" hai2="81,44,96,119,106,11,27,55,48,57,79,134,67" hai3="0,77,3,13,103,51,32,107,16,132,120,12,35"/><W118/><G118/><T31/><D109/><U19/><E123/><V63/><F27/><W130/><G120/><T80/><D74/><U111/><E111/><V131/><F11/><W39/><G39/><T53/><D64/><U86/><E133/><V46/><F96/><W73/><G132/><T101/><REACH who="0" step="1"/><D91/><REACH who="0" ten="326,234,28,402" step="2"/><U21/><E98/><V42/><F134/><W14/><G73/><T59/><D59/><U72/><E72/><V108/><F108/><W97/><G97/><T1/><D1/><U124/><E124/><V60/><F119/><W116/><G0/><T117/><D117/><U26/><E56/><N who="2" m="37351" /><F131/><W94/><G3/><T70/><D70/><U85/><E61/><AGARI ba="0,1" hai="23,25,31,47,49,53,54,58,61,80,83,99,101,104" machi="61" ten="30,7700,0" yaku="1,1,7,1,52,1,53,1" doraHai="45" doraHaiUra="100" who="0" fromWho="1" sc="326,87,234,-77,28,0,402,0" owari="413,51.0,157,-24.0,28,-47.0,402,20.0" />
</Scene>
</mjloggm>