<mjloggm ver="2.3"><GO type="41" lobby="0"/><UN n0="%54%4F%4E%45%47%41%57%41" n1="%68%69%6B%61%70%69%6B%61" n2="%6B%69%6D%75%72%65%6E%6E" n3="%41%53%41%50%49%4E" dan="14,13,13,18" rate="2020.88,1918.26,2044.25,2271.48" sx="M,M,M,M"/><TAIKYOKU oya="0"/>

<Scene>
<INIT seed="0,0,0,5,5,110" ten="250,250,250,250" oya="0" hai0="62,123,122,2,90,15,11,82,129,114,106,65,76" hai1="64,28,83,31,14,93,77,119,120,131,4,32,55" hai2="42,69,88,47,57,58,56,19,104,59,135,101,13" hai3="73,6,92,67,121,127,7,22,3,52,86,84,41"/><T96/><D2/><U100/><E64/><V97/><F135/><W85/><G73/><T72/><D114/><U34/><E120/><V89/><F69/><W130/><G121/><T68/><D129/><U0/><E119/><V9/><N who="2" m="14848" /><DORA hai="75" /><V40/><REACH who="2" step="1"/><F40/><REACH who="2" ten="250,250,240,250" step="2"/><W132/><G41/><T8/><D123/><U87/><E131/><V91/><F91/><W12/><G132/><T126/><D122/><U53/><E100/><V105/><F105/><W118/><G130/><T134/><D134/><U133/><E133/><V117/><F117/><W128/><G118/><T61/><D126/><U98/><E55/><V71/><F71/><W107/><G52/><T74/><D106/><U26/><E53/><V20/><F20/><W109/><G22/><T115/><D115/><U63/><E32/><V70/><F70/><W44/><G107/><T24/><D90/><U51/><E34/><V21/><F21/><W124/><G128/><T25/><D68/><U99/><E77/><V78/><F78/><W43/><G43/><T27/><D65/><U33/><E33/><V46/><F46/><W80/><G44/><T79/><D8/><U39/><E63/><V18/><F18/><W30/><G67/><T116/><D116/><U113/><E4/><V66/><F66/><W108/><G7/><T35/><D35/><U45/><E113/><V50/><AGARI ba="0,1" hai="9,13,19,42,47,50,88,89,97,101,104" m="14848" machi="50" ten="40,8000,1" yaku="1,1,0,1,54,1,53,1" doraHai="110,75" doraHaiUra="103,23" who="2" fromWho="2" sc="250,-40,250,-20,240,90,250,-20" />
</Scene>
<Scene>
<INIT seed="1,0,0,1,4,103" ten="210,230,330,230" oya="1" hai0="85,28,35,61,9,121,46,44,74,54,8,87,53" hai1="120,88,45,114,72,77,51,131,65,129,108,82,126" hai2="21,73,27,95,31,17,75,100,56,60,127,38,30" hai3="91,64,81,23,117,116,122,110,50,112,24,59,66"/><U19/><E65/><V4/><F127/><W128/><G112/><T115/><D115/><U14/><E114/><V1/><F38/><W97/><G122/><T68/><D74/><U18/><E120/><V101/><F75/><W93/><G110/><T7/><D121/><U10/><E126/><V22/><F73/><W119/><G128/><T89/><D28/><U92/><E108/><V106/><F1/><W96/><G81/><T118/><D35/><U41/><REACH who="1" step="1"/><E19/><REACH who="1" ten="210,220,330,230" step="2"/><V86/><F17/><N who="3" m="12399" /><G66/><T125/><D125/><U63/><E63/><V16/><F60/><W90/><G64/><T113/><D113/><U34/><E34/><V57/><F16/><W26/><G116/><T98/><D61/><U25/><E25/><V15/><F27/><W11/><G26/><T43/><D68/><U107/><E107/><V2/><F106/><W80/><G117/><T62/><D62/><U47/><E47/><V84/><F4/><W70/><G70/><T40/><D118/><U79/><E79/><V55/><F57/><W52/><G119/><T0/><D7/><U39/><E39/><V105/><F105/><W133/><G59/><T29/><D46/><U36/><E36/><V124/><F56/><W48/><G48/><T13/><D44/><U135/><E135/><V42/><F124/><W83/><G133/><T32/><D32/><U37/><E37/><V67/><F67/><W5/><G50/><T78/><D78/><U132/><E132/><V20/><F31/><W123/><G123/><T102/><D29/><U12/><E12/><V111/><F30/><W33/><G5/><RYUUKYOKU ba="0,1" sc="210,-10,220,30,330,-10,230,-10" hai1="10,14,18,41,45,51,72,77,82,88,92,129,131" />
</Scene>
<Scene>
<INIT seed="1,1,1,2,1,29" ten="200,250,320,220" oya="1" hai0="109,120,104,123,78,82,72,50,6,111,77,117,68" hai1="16,105,51,83,19,110,134,58,85,99,130,93,86" hai2="84,38,56,52,10,95,91,98,46,119,2,25,55" hai3="88,94,128,129,24,3,13,80,92,73,0,31,127"/><U107/><E134/><V96/><F119/><W26/><G127/><T71/><D6/><U36/><E36/><V57/><F55/><W97/><G24/><T103/><D117/><U17/><E130/><N who="3" m="50282" /><G13/><T108/><D50/><U48/><E110/><V41/><F57/><W15/><G15/><T21/><D21/><U102/><E85/><V113/><F113/><W1/><G92/><T34/><D34/><U12/><E12/><V81/><F25/><W87/><G73/><T114/><D114/><U40/><E48/><V74/><F10/><W122/><G122/><N who="0" m="46635" /><D77/><U11/><E11/><V63/><REACH who="2" step="1"/><F2/><REACH who="2" ten="200,250,310,220" step="2"/><W49/><G0/><T124/><D124/><U54/><REACH who="1" step="1"/><E40/><REACH who="1" ten="200,240,310,220" step="2"/><V100/><F100/><N who="3" m="60471" /><G49/><T115/><D115/><U32/><E32/><AGARI ba="1,3" hai="1,3,26,31,32,80,87,88" m="60471,50282" machi="32" ten="30,3900,0" yaku="19,1,52,1,54,1" doraHai="29" who="3" fromWho="1" sc="200,0,240,-42,310,0,220,72" />
</Scene>
<Scene>
<INIT seed="2,0,0,1,4,26" ten="200,198,310,292" oya="2" hai0="3,70,76,31,75,74,46,119,64,77,48,131,63" hai1="99,90,124,16,94,53,29,97,59,49,23,108,28" hai2="86,85,106,93,129,110,12,24,43,40,95,32,78" hai3="92,15,11,6,105,1,101,118,38,87,89,58,54"/><V117/><F117/><W91/><G118/><T79/><D3/><U69/><E69/><V96/><F106/><W112/><G38/><T133/><D119/><U34/><E34/><V68/><F68/><W71/><G71/><T4/><D4/><U35/><E35/><V123/><F123/><W25/><G112/><T103/><D133/><U5/><E5/><V37/><F129/><W60/><G105/><T126/><D126/><U61/><E108/><V121/><F121/><W111/><G111/><T62/><D131/><U98/><E124/><V17/><F110/><W14/><G101/><T135/><D135/><U13/><E61/><V8/><F95/><W100/><G100/><T82/><D103/><U39/><E39/><V113/><F113/><W130/><G130/><T9/><D9/><U0/><E0/><V19/><F37/><W104/><G104/><T30/><D63/><U47/><E47/><V36/><F36/><W20/><REACH who="3" step="1"/><G91/><REACH who="3" ten="200,198,310,282" step="2"/><T88/><D75/><U84/><AGARI ba="0,1" hai="13,16,23,28,29,49,53,59,84,90,94,97,98,99" machi="84" ten="30,12000,2" yaku="0,1,25,2,8,1,52,2,54,1" doraHai="26" who="1" fromWho="1" sc="200,-30,198,130,310,-60,282,-30" />
</Scene>
<Scene>
<INIT seed="3,0,0,5,5,43" ten="170,328,250,252" oya="3" hai0="51,100,17,55,20,67,82,91,97,113,33,19,69" hai1="59,42,3,46,39,85,124,12,118,112,24,92,119" hai2="34,63,120,26,65,21,99,4,18,1,41,23,16" hai3="130,58,6,48,78,80,15,45,35,123,74,5,129"/><W13/><G123/><T83/><D33/><U50/><E3/><V68/><F120/><W121/><G121/><T32/><D32/><U98/><E112/><V56/><F34/><W14/><G35/><T116/><D116/><U127/><E24/><V61/><F99/><W96/><G58/><T108/><D113/><U104/><E104/><V52/><F41/><W87/><G74/><T54/><D108/><U2/><E2/><V37/><F37/><W72/><G72/><T75/><D75/><U7/><E85/><V76/><F76/><W40/><REACH who="3" step="1"/><G96/><REACH who="3" ten="170,328,250,242" step="2"/><T128/><D69/><U9/><E59/><V86/><F86/><W27/><G27/><T8/><D97/><U66/><E66/><V115/><F115/><W103/><G103/><T114/><D100/><N who="1" m="60487" /><E39/><V60/><F65/><W131/><AGARI ba="0,1" hai="5,6,13,14,15,40,45,48,78,80,87,129,130,131" machi="131" ten="40,18000,2" yaku="1,1,0,1,19,1,52,1,53,3" doraHai="43" doraHaiUra="125" who="3" fromWho="3" sc="170,-60,328,-60,250,-60,242,190" />
</Scene>
<Scene>
<INIT seed="3,1,0,1,2,127" ten="110,268,190,432" oya="3" hai0="41,115,49,80,68,56,95,21,103,108,8,66,58" hai1="120,72,31,101,117,122,30,107,90,61,2,20,16" hai2="119,73,121,98,45,84,55,35,6,124,69,89,9" hai3="65,62,74,32,100,129,51,71,28,33,19,85,75"/><W34/><G28/><T1/><D108/><U99/><E72/><V13/><F119/><W125/><G125/><T54/><D115/><U4/><E90/><V130/><F124/><W97/><G129/><T3/><D68/><U37/><E37/><V24/><F73/><W109/><G109/><T52/><D66/><U40/><E40/><V79/><F130/><W11/><G85/><T15/><D41/><U118/><E61/><V96/><F121/><N who="1" m="46697" /><E99/><V5/><F69/><W102/><G102/><T126/><D126/><U46/><E46/><V112/><F112/><W63/><G63/><T44/><D80/><U104/><E104/><V42/><F55/><W135/><G135/><T18/><D44/><U113/><E101/><V59/><F59/><W38/><G38/><T23/><D3/><U47/><E47/><V91/><F79/><W7/><G19/><T17/><D1/><U105/><E105/><V10/><F24/><W27/><G27/><T50/><D17/><U134/><E134/><V70/><F35/><W133/><G51/><T82/><D82/><U12/><E107/><V114/><F114/><W22/><G22/><T106/><D106/><U60/><E60/><V128/><F70/><W14/><G133/><T78/><D78/><U131/><E131/><V88/><F128/><W111/><G111/><T36/><D36/><U64/><E64/><V76/><F76/><W48/><G48/><T26/><D26/><U81/><E81/><V77/><F77/><W29/><G29/><N who="1" m="10762" /><E113/><V110/><F84/><W116/><G71/><T132/><D132/><U39/><E39/><RYUUKYOKU ba="1,0" sc="110,15,268,15,190,-15,432,-15" hai0="8,15,18,21,23,49,50,52,54,56,58,95,103" hai1="2,4,12,16,20,117,118" />
</Scene>
<Scene>
<INIT seed="4,2,0,1,1,16" ten="125,283,175,417" oya="0" hai0="104,99,75,69,55,65,84,40,74,15,47,123,124" hai1="52,70,85,12,110,30,118,95,36,48,97,8,101" hai2="60,54,50,121,19,67,100,25,0,90,76,3,51" hai3="21,132,106,64,18,10,26,78,107,20,5,33,9"/><T38/><D123/><U105/><E70/><V24/><F121/><W42/><G132/><T131/><D124/><U96/><E110/><V102/><F76/><W126/><G126/><T29/><D131/><U53/><E36/><V17/><F90/><W14/><G33/><T34/><D15/><U72/><E72/><V45/><F54/><W63/><G42/><T135/><D135/><U88/><E118/><V58/><F45/><W7/><G78/><T41/><D84/><U46/><E30/><V116/><F58/><W108/><G108/><T120/><D120/><U111/><E111/><V57/><F57/><W86/><G86/><T11/><D11/><U27/><E27/><V80/><F80/><W82/><G82/><T114/><D114/><U103/><E103/><V6/><F60/><W2/><G20/><T117/><D117/><U35/><E35/><V73/><F67/><W128/><G128/><T134/><D134/><U83/><E97/><V44/><F44/><W87/><G87/><T59/><D41/><U71/><E71/><AGARI ba="2,0" hai="2,5,7,9,10,14,18,21,26,63,64,71,106,107" machi="71" ten="30,2000,0" yaku="7,1,52,1" doraHai="16" who="3" fromWho="1" sc="125,0,283,-26,175,0,417,26" />
</Scene>
<Scene>
<INIT seed="5,0,0,4,1,52" ten="125,257,175,443" oya="1" hai0="119,53,64,55,21,19,14,120,10,61,85,124,5" hai1="86,99,24,117,13,27,51,122,67,37,58,134,83" hai2="116,125,8,109,30,16,105,135,92,130,54,28,57" hai3="7,3,77,25,48,36,110,0,126,49,131,133,97"/><U32/><E37/><V17/><F105/><W60/><G110/><T33/><D33/><U107/><E134/><V73/><F109/><W50/><G36/><T29/><D119/><U79/><E117/><V100/><F116/><W112/><G133/><T23/><D124/><U35/><E122/><V72/><F135/><W20/><G126/><T44/><D120/><U129/><E129/><V12/><F125/><W62/><G131/><T41/><D29/><U47/><E13/><V66/><F130/><W104/><G112/><T31/><D31/><U95/><E107/><V9/><F66/><W132/><G132/><T75/><D75/><U82/><E82/><V121/><F121/><W59/><G62/><T123/><D123/><U46/><E46/><V81/><F73/><W78/><G104/><T68/><D85/><U101/><E35/><V84/><F72/><W43/><G43/><T76/><D76/><U102/><E102/><V88/><F17/><N who="3" m="12431" /><G0/><T71/><D71/><U22/><E32/><V65/><F9/><W4/><G97/><T118/><D118/><U128/><E128/><V106/><F65/><N who="3" m="39071" /><G3/><T42/><D42/><N who="1" m="25079" /><E22/><V127/><F106/><W91/><G91/><T40/><D21/><U6/><E6/><AGARI ba="0,0" hai="4,6,7,48,49,50,77,78" m="39071,12431" machi="6" ten="30,2000,0" yaku="8,1,52,1" doraHai="52" who="3" fromWho="1" sc="125,0,257,-20,175,0,443,20" />
</Scene>
<Scene>
<INIT seed="6,0,0,3,4,16" ten="125,237,175,463" oya="2" hai0="132,128,97,41,92,23,126,87,43,91,109,56,46" hai1="84,122,21,35,57,120,127,98,13,123,11,83,81" hai2="88,112,74,107,18,104,8,129,72,52,82,90,73" hai3="117,3,70,99,86,65,1,78,119,9,133,101,67"/><V96/><F112/><W40/><G133/><T53/><D109/><U124/><E35/><V48/><F129/><W116/><G40/><T125/><D128/><U5/><E98/><V17/><F107/><W68/><G78/><T0/><D0/><U100/><E100/><V54/><F18/><W22/><G86/><T44/><D132/><U50/><E50/><V12/><F54/><W30/><G9/><T49/><D125/><U66/><E66/><V7/><F7/><W27/><G67/><T114/><D126/><N who="1" m="48171" /><E57/><V76/><F104/><W39/><G39/><T103/><D114/><U10/><E10/><V108/><F108/><W55/><G55/><T89/><D23/><U62/><E62/><V14/><F14/><W134/><G134/><T105/><D91/><N who="1" m="51599" /><E83/><V59/><REACH who="2" step="1"/><F96/><REACH who="2" ten="125,237,165,463" step="2"/><W118/><G1/><T29/><D29/><U60/><E60/><V69/><F69/><W85/><G3/><T113/><D113/><U38/><E38/><V131/><F131/><W110/><G110/><T42/><AGARI ba="0,1" hai="41,42,43,44,46,49,53,56,87,89,92,97,103,105" machi="42" ten="30,1100,0" yaku="0,1" doraHai="16" who="0" fromWho="0" sc="125,21,237,-3,165,-5,463,-3" />
</Scene>
<Scene>
<INIT seed="7,0,0,0,0,130" ten="146,234,160,460" oya="3" hai0="2,49,59,62,10,57,109,48,106,133,16,89,135" hai1="98,0,97,3,95,74,34,102,30,77,4,82,11" hai2="86,13,66,103,42,6,65,71,70,5,47,46,72" hai3="12,38,114,60,1,131,119,67,33,122,111,69,126"/><W90/><G90/><T134/><D109/><U9/><E30/><V129/><F86/><W88/><G88/><T36/><D36/><U85/><E97/><V115/><F103/><W73/><G12/><N who="0" m="7191" /><D2/><U79/><E79/><V68/><F13/><W75/><G60/><T54/><D106/><U20/><E20/><V92/><F92/><W50/><G50/><N who="0" m="30935" /><D89/><U55/><E55/><AGARI ba="0,0" hai="48,49,55,59,62,133,134,135" m="30935,7191" machi="55" ten="30,8000,1" yaku="20,1,52,3,54,1" doraHai="130" who="0" fromWho="1" sc="146,80,234,-80,160,0,460,0" owari="226,3.0,154,-35.0,160,-24.0,460,56.0" />
</Scene>
</mjloggm>