<mjloggm ver="2.3"><GO type="169" lobby="0"/><UN n0="%EF%BC%A6%EF%BC%B8%E9%9B%80%E5%A3%AB" n1="%41%53%41%50%49%4E" n2="%75%73%6B%31%31%31%35" n3="%E3%83%9F%E3%83%A9%E3%82%AF%E3%83%AB%E3%81%8A%E3%81%98%E3%81%95%E3%82%93" dan="17,19,16,17" rate="2211.67,2307.21,2144.69,2175.85" sx="M,M,M,M"/><TAIKYOKU oya="0"/>

<Scene>
<INIT seed="0,0,0,3,1,24" ten="250,250,250,250" oya="0" hai0="59,72,85,66,75,48,26,45,123,52,47,70,46" hai1="0,105,43,6,19,21,134,103,115,38,63,7,5" hai2="9,39,55,32,93,114,122,67,44,95,64,74,110" hai3="84,80,54,10,2,71,119,98,94,58,96,41,106"/><T37/><D123/><U131/><E134/><V60/><F114/><W92/><G71/><T109/><D37/><U120/><E120/><V14/><F122/><W25/><G119/><T13/><D109/><U117/><E117/><V3/><F74/><W116/><G116/><T34/><D13/><U62/><E115/><V76/><F76/><W33/><G41/><T101/><D101/><U42/><E0/><V111/><F3/><W61/><G106/><T132/><D132/><U1/><E1/><V65/><F32/><W126/><G126/><T23/><D34/><U16/><E131/><V36/><F60/><W124/><G124/><T86/><D70/><U108/><E108/><N who="2" m="41515" /><F55/><W31/><G2/><T15/><D15/><U81/><E81/><V51/><F51/><W12/><G96/><T97/><D97/><U18/><E21/><V56/><F56/><W77/><REACH who="3" step="1"/><G98/><REACH who="3" ten="250,250,250,240" step="2"/><T127/><D127/><U113/><E113/><V99/><F99/><W112/><G112/><T4/><D72/><U129/><E105/><V27/><F36/><W30/><G30/><N who="0" m="17759" /><D75/><U121/><E121/><V100/><F39/><W22/><G22/><T53/><D85/><U20/><E38/><V8/><F100/><W125/><G125/><T11/><D86/><U90/><E103/><V29/><F29/><W107/><G107/><T88/><D11/><U28/><E28/><V57/><F8/><W40/><G40/><N who="1" m="15402" /><E20/><V104/><F9/><W87/><G87/><T83/><D48/><U91/><E129/><V130/><F130/><W17/><AGARI ba="0,1" hai="10,12,17,25,31,33,54,58,61,77,80,84,92,94" machi="17" ten="20,5200,0" yaku="1,1,0,1,7,1,52,1,53,0" doraHai="24" doraHaiUra="35" who="3" fromWho="3" sc="250,-26,250,-13,250,-13,240,62" />
</Scene>
<Scene>
<INIT seed="1,0,0,0,3,122" ten="224,237,237,302" oya="1" hai0="88,125,124,24,40,131,39,29,59,46,2,94,20" hai1="35,113,116,27,0,25,85,30,16,95,106,51,133" hai2="101,128,129,134,130,52,100,33,87,74,84,58,83" hai3="98,60,81,127,132,109,32,97,75,41,96,18,56"/><U112/><E116/><V104/><F33/><W114/><G114/><T4/><D131/><U13/><E106/><V57/><F74/><W105/><G105/><T107/><D107/><U67/><E0/><V12/><F134/><W118/><G32/><T5/><D59/><U47/><E133/><V103/><F104/><W120/><G120/><T6/><REACH who="0" step="1"/><D2/><REACH who="0" ten="214,237,237,302" step="2"/><U44/><E113/><V9/><F58/><W15/><G56/><T110/><D110/><U7/><E112/><V66/><F66/><W78/><G109/><T69/><D69/><U121/><E67/><V36/><F83/><W10/><G81/><T49/><D49/><U102/><E51/><N who="2" m="30879" /><F36/><W93/><G132/><T86/><AGARI ba="0,1" hai="4,5,6,20,24,29,39,40,46,86,88,94,124,125" machi="86" ten="30,7900,0" yaku="1,1,0,1,54,1,53,1" doraHai="122" doraHaiUra="26" who="0" fromWho="0" sc="214,89,237,-39,237,-20,302,-20" />
</Scene>
<Scene>
<INIT seed="2,0,0,1,0,110" ten="303,198,217,282" oya="2" hai0="70,39,77,128,51,52,113,6,7,103,20,31,34" hai1="63,102,13,130,24,88,47,57,4,19,72,100,101" hai2="115,69,75,123,62,109,5,59,127,105,15,29,3" hai3="129,84,32,79,126,18,131,38,58,83,65,121,106"/><V12/><F123/><W46/><G121/><T98/><D70/><U122/><E122/><V132/><F75/><W25/><G106/><T104/><D39/><U23/><E72/><V54/><F105/><W82/><G126/><T49/><D128/><U14/><E130/><V94/><F69/><W16/><G129/><T116/><D34/><U96/><E47/><V55/><F127/><W120/><G131/><T117/><D77/><U30/><E4/><V26/><F132/><W9/><G120/><T27/><D51/><U107/><E30/><V95/><F109/><W124/><G124/><T2/><D113/><U76/><E76/><V92/><F115/><W111/><G111/><T1/><D7/><U99/><E107/><V0/><F55/><W56/><G83/><T135/><D135/><U80/><E99/><V37/><F37/><W78/><G79/><T93/><D104/><U50/><E50/><V40/><F40/><W90/><G78/><T64/><D64/><U74/><E74/><V53/><F53/><W133/><G133/><T28/><D31/><U61/><E61/><V89/><F89/><W67/><G90/><T108/><D6/><U91/><E91/><V43/><F43/><W118/><G65/><T66/><D66/><N who="1" m="39279" /><E80/><V48/><F62/><W114/><G82/><T10/><D108/><U60/><E60/><V36/><F36/><W21/><G38/><T11/><D2/><N who="2" m="554" /><F5/><W33/><G67/><T35/><D1/><U112/><E112/><V81/><F81/><W119/><G114/><T22/><D52/><U86/><E96/><V68/><F68/><RYUUKYOKU ba="0,0" sc="303,-15,198,15,217,15,282,-15" hai1="13,14,19,23,24,86,88,100,101,102" hai2="12,15,26,29,48,54,59,92,94,95" />
</Scene>
<Scene>
<INIT seed="2,1,0,3,1,94" ten="288,213,232,267" oya="2" hai0="17,47,11,63,106,75,118,23,121,27,13,29,112" hai1="26,41,61,133,89,115,135,83,78,25,67,4,19" hai2="96,43,16,24,80,38,101,107,45,8,51,95,125" hai3="2,76,114,120,82,128,100,42,103,18,74,90,59"/><V32/><F125/><W62/><G120/><T97/><D121/><U86/><E115/><V123/><F123/><W72/><G2/><T105/><D75/><U91/><E4/><V31/><F80/><W88/><G74/><T132/><D112/><U124/><E41/><V44/><F107/><W52/><G114/><T5/><D118/><U7/><E7/><V108/><F108/><W0/><G0/><T64/><D132/><N who="1" m="50763" /><E124/><V65/><F65/><W98/><G128/><T36/><D36/><U57/><E19/><V21/><F8/><W9/><G42/><T50/><D17/><U79/><E91/><V111/><F111/><W129/><G129/><T70/><D97/><U33/><E33/><V84/><F84/><W3/><G103/><T34/><D34/><U93/><E79/><V40/><REACH who="2" step="1"/><F32/><REACH who="2" ten="288,213,222,267" step="2"/><W66/><G66/><T85/><D85/><AGARI ba="1,1" hai="25,26,57,61,67,78,83,85,86,89,93" m="50763" machi="85" ten="30,1000,0" yaku="20,1" doraHai="94" who="1" fromWho="0" sc="288,-13,213,23,222,0,267,0" />
</Scene>
<Scene>
<INIT seed="3,0,0,1,0,135" ten="275,236,222,267" oya="3" hai0="6,126,4,127,101,15,83,114,116,80,25,73,58" hai1="40,94,128,110,8,99,90,124,77,24,129,43,52" hai2="10,35,26,12,39,21,38,105,17,107,78,70,48" hai3="69,81,3,131,74,106,46,13,50,134,65,37,119"/><W57/><G119/><T97/><D116/><U102/><E110/><V120/><F70/><W28/><G3/><T9/><D114/><U84/><E124/><N who="0" m="47657" /><D25/><U60/><E77/><V31/><F120/><W112/><G131/><N who="1" m="50250" /><E8/><V104/><F78/><W29/><G134/><T115/><D115/><U14/><E14/><V72/><F72/><W113/><G13/><T64/><D73/><U49/><E60/><V23/><REACH who="2" step="1"/><F48/><REACH who="2" ten="275,236,212,267" step="2"/><W0/><G50/><T22/><D6/><U30/><E49/><V51/><F51/><W89/><G74/><T32/><D32/><U66/><E43/><V122/><F122/><W61/><G113/><T91/><D22/><AGARI ba="0,1" hai="10,12,17,21,22,23,26,31,35,38,39,104,105,107" machi="22" ten="40,1300,0" yaku="1,1,53,0" doraHai="135" doraHaiUra="53" who="2" fromWho="0" sc="275,-13,236,0,212,23,267,0" />
</Scene>
<Scene>
<INIT seed="4,0,0,0,5,112" ten="262,236,235,267" oya="0" hai0="65,60,98,86,75,82,51,129,27,133,59,12,44" hai1="132,102,88,110,58,9,135,1,104,99,71,63,85" hai2="14,15,57,39,101,8,42,22,28,125,10,64,93" hai3="50,11,106,126,122,36,77,45,120,21,116,107,31"/><T68/><D133/><U74/><E110/><V43/><F125/><W13/><G36/><T115/><D115/><U128/><E74/><V20/><F39/><W78/><G126/><T90/><D129/><U69/><E128/><V113/><F113/><W92/><G116/><T54/><D75/><U121/><E121/><V111/><F111/><W84/><G31/><T105/><D27/><U17/><E1/><V32/><F32/><W72/><G21/><T91/><D12/><U4/><E17/><V35/><F35/><W37/><G37/><T52/><D105/><U118/><E118/><V89/><F101/><W30/><G30/><T6/><D6/><U46/><E46/><V119/><F119/><W123/><G72/><T114/><D114/><U0/><E135/><V56/><F28/><W62/><G62/><T40/><D68/><U79/><E79/><N who="3" m="30218" /><G92/><AGARI ba="0,0" hai="40,44,51,52,54,59,60,65,82,86,90,91,92,98" machi="92" ten="40,3900,0" yaku="8,1,54,1" doraHai="112" who="0" fromWho="3" sc="262,39,236,0,235,0,267,-39" />
</Scene>
<Scene>
<INIT seed="4,1,0,4,3,71" ten="301,236,235,228" oya="0" hai0="6,69,134,62,20,85,77,18,125,51,86,23,9" hai1="26,32,14,58,5,28,72,70,27,55,0,81,132" hai2="104,82,38,118,30,119,29,49,57,1,83,84,21" hai3="61,56,31,113,45,43,25,129,44,11,80,48,67"/><T120/><D120/><U2/><E70/><V50/><F104/><W75/><G113/><T60/><D125/><U112/><E112/><V94/><F1/><W46/><G129/><T100/><D134/><U123/><E123/><V109/><F109/><W108/><G108/><T73/><D100/><U65/><E65/><V98/><F57/><W24/><G24/><T111/><D73/><U105/><E105/><V88/><F38/><W130/><G130/><T133/><D69/><U87/><E72/><V13/><F82/><W35/><REACH who="3" step="1"/><G11/><REACH who="3" ten="301,236,235,218" step="2"/><T107/><D9/><U53/><E27/><V64/><F119/><W41/><G41/><T16/><D111/><U89/><E132/><V66/><F118/><W12/><G12/><T106/><D133/><U33/><E14/><V93/><F13/><W131/><G131/><T128/><D128/><U8/><E2/><V126/><F126/><W74/><G74/><T7/><D77/><AGARI ba="1,1" hai="25,31,35,43,44,45,46,48,56,61,67,75,77,80" machi="77" ten="40,2600,0" yaku="1,1,53,1" doraHai="71" doraHaiUra="36" who="3" fromWho="0" sc="301,-29,236,0,235,0,218,39" />
</Scene>
<Scene>
<INIT seed="5,0,0,1,5,13" ten="272,236,235,257" oya="1" hai0="96,134,29,61,44,14,38,17,113,2,90,21,110" hai1="79,119,3,117,108,98,53,106,76,132,105,43,48" hai2="122,31,65,89,101,15,67,121,4,87,103,36,68" hai3="18,111,6,54,30,131,84,28,104,115,69,109,83"/><U107/><E3/><V95/><F36/><W82/><G104/><T34/><D110/><U80/><E108/><V85/><F31/><W71/><G84/><T120/><D120/><U99/><E132/><V125/><F125/><W46/><G46/><T86/><D134/><U91/><E43/><V33/><F33/><W77/><G77/><N who="1" m="29770" /><E53/><V126/><F126/><W59/><G59/><T26/><D2/><U0/><E0/><V8/><F87/><W133/><G133/><T78/><D38/><U57/><E48/><V88/><F89/><W23/><G23/><T60/><D78/><U25/><E25/><V24/><F24/><W32/><G54/><T22/><D44/><U16/><E57/><V116/><F116/><N who="1" m="44617" /><E16/><V20/><F20/><W1/><G1/><T7/><D22/><U9/><E9/><V12/><F12/><W52/><G52/><T55/><D55/><U135/><E135/><V127/><F127/><W112/><G32/><T92/><D34/><U73/><E73/><V47/><F47/><W123/><G6/><T11/><D7/><U129/><E129/><V102/><REACH who="2" step="1"/><F68/><REACH who="2" ten="272,236,225,257" step="2"/><W27/><G27/><T74/><D26/><U72/><E72/><V130/><F130/><W10/><G131/><T114/><D21/><U41/><E41/><V66/><AGARI ba="0,1" hai="4,8,15,65,66,67,85,88,95,101,102,103,121,122" machi="66" ten="30,4000,0" yaku="1,1,0,1,54,1,53,0" doraHai="13" doraHaiUra="70" who="2" fromWho="2" sc="272,-10,236,-20,225,50,257,-10" />
</Scene>
<Scene>
<INIT seed="6,0,0,4,5,39" ten="262,216,275,247" oya="2" hai0="25,67,53,22,80,72,79,27,26,36,90,102,113" hai1="11,29,18,93,122,126,112,63,23,33,50,97,132" hai2="51,81,28,59,115,14,40,135,12,10,9,95,57" hai3="91,17,0,128,111,88,68,46,48,54,83,129,92"/><V133/><F115/><W42/><G111/><T96/><D113/><U62/><E112/><V100/><F28/><W121/><G121/><T31/><D67/><U117/><E117/><V37/><F37/><W4/><G68/><T107/><D36/><U64/><E122/><V34/><F34/><W24/><G83/><T89/><D53/><U110/><E110/><V60/><F81/><W74/><G74/><T123/><D123/><U104/><E104/><V85/><F100/><W20/><G54/><T105/><D105/><U61/><E132/><N who="2" m="50763" /><F95/><W65/><G65/><T77/><D77/><U73/><E126/><V70/><F85/><W44/><G46/><T98/><D98/><U109/><E109/><V13/><F70/><W131/><REACH who="3" step="1"/><G92/><REACH who="3" ten="262,216,275,237" step="2"/><T82/><D82/><U69/><E73/><V2/><F59/><W78/><G78/><T32/><D72/><U5/><E64/><N who="2" m="38927" /><F2/><W6/><G6/><T66/><D66/><U71/><E69/><V16/><F9/><AGARI ba="0,1" hai="0,4,9,17,20,24,42,44,48,88,91,128,129,131" machi="9" ten="40,8000,1" yaku="1,1,19,1,52,1,54,1,53,0" doraHai="39" doraHaiUra="103" who="3" fromWho="2" sc="262,0,216,0,275,-80,237,90" />
</Scene>
<Scene>
<INIT seed="7,0,0,2,3,41" ten="262,216,195,327" oya="3" hai0="18,20,59,5,35,87,100,78,130,128,8,10,3" hai1="47,135,50,48,127,28,63,121,118,89,76,79,93" hai2="110,77,82,53,112,42,106,60,37,70,65,73,71" hai3="39,46,7,40,72,126,26,107,74,45,105,98,0"/><W27/><G126/><T64/><D35/><U6/><E121/><V56/><F110/><W1/><G98/><T54/><D64/><U24/><E127/><V102/><F112/><W21/><G21/><T43/><D100/><U125/><E125/><V34/><F34/><W109/><G40/><T23/><D43/><U131/><E135/><V16/><F106/><W94/><G94/><T124/><D10/><U69/><E131/><V75/><F102/><W12/><G12/><T113/><D23/><N who="1" m="15391" /><E69/><V111/><F111/><W52/><G52/><T90/><D54/><N who="1" m="29983" /><E118/><V129/><F129/><W119/><G7/><T132/><D124/><U55/><E63/><V117/><F117/><W99/><G119/><T95/><D113/><U15/><E15/><V114/><F114/><W62/><G62/><T120/><D132/><U51/><E6/><V68/><F75/><W2/><G0/><T31/><D120/><U29/><E29/><V19/><REACH who="2" step="1"/><F65/><REACH who="2" ten="262,216,185,327" step="2"/><W91/><G109/><T103/><D128/><U33/><E33/><V86/><F86/><W49/><G72/><T104/><D104/><U80/><E55/><V116/><F116/><W84/><G74/><T88/><D130/><U58/><E58/><V123/><F123/><W83/><G107/><T11/><D59/><U30/><E30/><V22/><F22/><W9/><G105/><T32/><D31/><U17/><E17/><V13/><F13/><W38/><G84/><T57/><D18/><U92/><E92/><V36/><F36/><W134/><G39/><T61/><D95/><U14/><E14/><V66/><F66/><RYUUKYOKU ba="0,1" sc="262,-10,216,-10,185,30,327,-10" hai2="16,19,37,42,53,56,60,68,70,71,73,77,82" owari="252,5.0,206,-29.0,215,-18.0,327,42.0" />
</Scene>
</mjloggm>