<mjloggm ver="2.3"><GO type="169" lobby="0"/><UN n0="%4B%E3%80%82" n1="%41%53%41%50%49%4E" n2="%E3%83%90%E3%83%BC%E3%83%86%E3%82%A3" n3="%68%69%67%68%31%35%31%35" dan="17,19,16,16" rate="2158.00,2258.21,2152.78,2085.23" sx="M,M,M,M"/><TAIKYOKU oya="0"/>

<Scene>
<INIT seed="0,0,0,5,5,90" ten="250,250,250,250" oya="0" hai0="64,74,101,24,33,93,26,104,96,88,42,71,34" hai1="40,118,15,132,19,0,20,32,5,128,105,124,95" hai2="134,67,122,30,130,76,36,80,37,119,23,45,59" hai3="97,108,86,25,91,103,49,107,83,84,79,46,44"/><T85/><D42/><U63/><E105/><V129/><F122/><W47/><G108/><T102/><D74/><U121/><E121/><V35/><F35/><W4/><G4/><T66/><D102/><U27/><E118/><V6/><F6/><W11/><G11/><T94/><D104/><U38/><E128/><V65/><F45/><W41/><REACH who="3" step="1"/><G25/><REACH who="3" ten="250,250,250,240" step="2"/><T98/><D26/><U81/><E27/><N who="2" m="16767" /><F119/><W115/><G115/><T10/><D10/><U62/><E5/><V3/><F3/><W9/><G9/><T89/><D24/><U73/><E0/><V18/><F18/><W54/><G54/><T116/><D116/><U110/><E19/><V43/><F43/><W39/><G39/><T106/><REACH who="0" step="1"/><D71/><REACH who="0" ten="240,250,250,240" step="2"/><U75/><E40/><V123/><F123/><W53/><G53/><T127/><D127/><U131/><E124/><V61/><F67/><AGARI ba="0,2" hai="33,34,64,66,67,85,88,89,93,94,96,98,101,106" machi="67" ten="40,18000,2" yaku="1,1,52,2,54,1,53,2" doraHai="90" doraHaiUra="31" who="0" fromWho="2" sc="240,200,250,0,250,-180,240,0" />
</Scene>
<Scene>
<INIT seed="0,1,0,0,2,29" ten="440,250,70,240" oya="0" hai0="60,24,23,9,102,84,57,62,22,35,72,11,64" hai1="132,32,95,67,127,19,96,80,134,123,30,18,98" hai2="25,4,106,73,71,42,83,110,104,37,69,34,107" hai3="121,10,82,131,88,99,43,50,79,65,109,41,16"/><T1/><D72/><U51/><E123/><V117/><F117/><W122/><G109/><T8/><D102/><U53/><E127/><V0/><F110/><W26/><G131/><T20/><D1/><U115/><E115/><V86/><F86/><N who="3" m="48479" /><G65/><T89/><D60/><U7/><E67/><V49/><F49/><W38/><G38/><T97/><D97/><U81/><E7/><V12/><F12/><N who="3" m="7191" /><G26/><T103/><D103/><U27/><E81/><V59/><F59/><W85/><G99/><T46/><D46/><N who="1" m="27895" /><E80/><V77/><F25/><W40/><G121/><T116/><D116/><U113/><E113/><V2/><F2/><W114/><G114/><T39/><D39/><U70/><E70/><V13/><F13/><W52/><G122/><T78/><D78/><U124/><E124/><V44/><REACH who="2" step="1"/><F34/><REACH who="2" ten="440,250,60,240" step="2"/><W135/><G135/><N who="1" m="51754" /><E98/><V105/><N who="2" m="26624" /><DORA hai="58" /><V100/><F100/><AGARI ba="1,1" hai="18,19,27,30,32,95,96,100" m="51754,27895" machi="100" ten="30,2000,0" yaku="20,1,52,1" doraHai="29,58" who="1" fromWho="2" sc="440,0,250,33,60,-23,240,0" />
</Scene>
<Scene>
<INIT seed="1,0,0,4,0,91" ten="440,283,37,240" oya="1" hai0="34,48,119,134,129,0,83,126,6,84,15,122,63" hai1="14,22,30,31,56,86,20,75,117,65,85,107,8" hai2="19,82,123,29,120,113,58,13,71,45,67,116,64" hai3="3,50,54,46,57,43,25,109,66,104,62,102,105"/><U61/><E117/><V9/><F116/><W16/><G3/><T37/><D119/><U60/><E75/><V39/><F71/><W55/><G109/><T17/><D37/><U28/><E107/><V79/><F29/><W5/><G5/><T101/><D34/><U52/><E85/><V4/><F113/><W10/><G102/><T32/><D32/><U106/><E86/><V108/><F108/><W49/><G43/><T89/><D122/><U68/><REACH who="1" step="1"/><E106/><REACH who="1" ten="440,273,37,240" step="2"/><V90/><F123/><W72/><G72/><T69/><D84/><U24/><E24/><V127/><F120/><W96/><G96/><T26/><D26/><U132/><E132/><V78/><F127/><W47/><REACH who="3" step="1"/><G25/><REACH who="3" ten="440,273,37,230" step="2"/><T53/><D134/><U99/><E99/><V94/><F82/><W44/><G44/><T128/><D83/><U74/><E74/><V38/><F45/><W115/><G115/><T7/><D126/><U1/><E1/><V124/><F124/><W18/><G18/><AGARI ba="0,2" hai="8,14,18,20,22,28,30,31,52,56,60,61,65,68" machi="18" ten="40,3900,0" yaku="1,1,54,1,53,0" doraHai="91" doraHaiUra="80" who="1" fromWho="3" sc="440,0,273,59,37,0,230,-39" />
</Scene>
<Scene>
<INIT seed="1,1,0,5,5,30" ten="440,332,37,191" oya="1" hai0="17,65,133,121,1,29,3,8,20,64,131,19,62" hai1="5,49,120,33,135,105,129,96,6,21,111,12,76" hai2="44,10,11,115,69,108,35,122,91,124,26,56,118" hai3="4,77,36,127,25,101,87,60,114,125,52,107,123"/><U55/><E120/><V32/><F69/><W37/><G123/><T84/><D121/><U59/><E129/><V42/><F122/><W68/><G114/><T95/><D131/><U13/><E135/><V119/><F118/><W126/><G4/><T63/><D133/><U128/><E128/><V83/><F115/><W51/><G25/><T99/><D84/><U39/><E39/><V90/><F119/><W94/><G107/><T134/><D134/><U48/><E76/><V92/><F108/><W67/><G101/><T66/><D29/><U40/><E33/><V81/><F56/><W88/><REACH who="3" step="1"/><G77/><REACH who="3" ten="440,332,37,181" step="2"/><T2/><D1/><U38/><E6/><V85/><F26/><W14/><G14/><N who="0" m="7367" /><D3/><U7/><E13/><V82/><F124/><W109/><G109/><T89/><D2/><U130/><E7/><V71/><F91/><W70/><G70/><T0/><D0/><U41/><E111/><V57/><F71/><W72/><G72/><T93/><D93/><U18/><E5/><V102/><F102/><W73/><G73/><T86/><D99/><U98/><E98/><V106/><F106/><W54/><G54/><T58/><D95/><U46/><E130/><V24/><F24/><W27/><G27/><N who="0" m="14751" /><D86/><U53/><E96/><V116/><F116/><W9/><G9/><N who="2" m="3081" /><F32/><W104/><G104/><T78/><D78/><U23/><E105/><V45/><F35/><W110/><G110/><T75/><D75/><U34/><E34/><V100/><F100/><W112/><G112/><T117/><D117/><U28/><E38/><V113/><F113/><W22/><G22/><RYUUKYOKU ba="1,1" sc="440,-15,332,15,37,-15,181,15" hai1="12,18,21,23,28,40,41,46,48,49,53,55,59" hai3="36,37,51,52,60,67,68,87,88,94,125,126,127" />
</Scene>
<Scene>
<INIT seed="1,2,1,1,1,131" ten="425,347,22,196" oya="1" hai0="26,66,46,93,59,65,101,34,15,100,23,95,97" hai1="71,78,60,129,118,3,41,43,107,25,19,31,108" hai2="42,0,91,48,10,117,54,96,86,20,103,102,121" hai3="89,6,110,67,82,104,55,87,11,116,79,115,27"/><U18/><E118/><V80/><F121/><W124/><G115/><T21/><D34/><U7/><E129/><V53/><F0/><W22/><G116/><T112/><D112/><U73/><E107/><V128/><F10/><W47/><G110/><T94/><D46/><U16/><E108/><V45/><F117/><W120/><G120/><T84/><D84/><U24/><E24/><V125/><F125/><W49/><G104/><T9/><D97/><U12/><E3/><V38/><F128/><W62/><G124/><T51/><D51/><U98/><E98/><V61/><F20/><N who="0" m="7754" /><D26/><U119/><E119/><V8/><F8/><W4/><G89/><T36/><D36/><U114/><E114/><V30/><F30/><W88/><G79/><T113/><D113/><U76/><E76/><V68/><F54/><W126/><G126/><T70/><D70/><U106/><E106/><V32/><F96/><W130/><G11/><T63/><D66/><N who="1" m="41415" /><E7/><AGARI ba="2,1" hai="7,9,15,59,63,65,93,94,95,100,101" m="7754" machi="7" ten="30,1000,0" yaku="8,1" doraHai="131" who="0" fromWho="1" sc="425,26,347,-16,22,0,196,0" />
</Scene>
<Scene>
<INIT seed="2,0,0,5,0,69" ten="451,331,22,196" oya="2" hai0="98,50,93,38,82,59,43,107,111,80,115,57,31" hai1="127,103,9,120,114,37,124,77,94,109,97,74,104" hai2="87,118,68,95,40,26,117,65,83,64,84,2,81" hai3="13,135,90,45,66,116,25,131,91,22,46,48,133"/><V19/><F2/><W18/><G116/><T102/><D115/><U70/><E70/><V101/><F68/><W10/><G131/><T86/><D111/><U12/><E114/><V32/><F32/><W54/><G66/><N who="2" m="25705" /><F118/><W23/><G46/><N who="0" m="25951" /><D38/><U60/><E109/><V128/><F128/><W72/><G72/><T125/><D125/><N who="1" m="48203" /><E60/><V106/><F106/><W88/><REACH who="3" step="1"/><G25/><REACH who="3" ten="451,331,22,186" step="2"/><T35/><D59/><U61/><E74/><V73/><F117/><W108/><G108/><T27/><D57/><U24/><E24/><V53/><F73/><W6/><G6/><T49/><D27/><U5/><E5/><V96/><F40/><W71/><G71/><T62/><D35/><U34/><E34/><V89/><F53/><W30/><G30/><T4/><D31/><U126/><E126/><V8/><F26/><W75/><G75/><T123/><D4/><U110/><E110/><V130/><F130/><W47/><G47/><T63/><D123/><U33/><E33/><V112/><F112/><W14/><G14/><T36/><D107/><U41/><E12/><N who="2" m="7559" /><F101/><W16/><G16/><T44/><D102/><U52/><E103/><N who="2" m="60831" /><F87/><W129/><G129/><T100/><D86/><U92/><E104/><V7/><F7/><W42/><G42/><T1/><D44/><U76/><E41/><V85/><F85/><W17/><G17/><T119/><D119/><U55/><E55/><V113/><F113/><W121/><G121/><T51/><D100/><U105/><E52/><V78/><F89/><W132/><AGARI ba="0,1" hai="10,13,18,22,23,45,48,54,88,90,91,132,133,135" machi="132" ten="40,8000,1" yaku="1,1,0,1,20,1,54,1,53,0" doraHai="69" doraHaiUra="134" who="3" fromWho="3" sc="451,-20,331,-20,22,-40,186,90" owari="431,53.0,311,11.0,-18,-52.0,276,-12.0" />
</Scene>
</mjloggm>