<mjloggm ver="2.3"><GO type="169" lobby="0"/><UN n0="%41%53%41%50%49%4E" n1="%E5%98%98%E5%96%B0%E3%81%84%E5%96%B0%E3%81%84" n2="%E3%83%A4%E3%83%9E%E3%83%84%E3%82%AB%E3%83%9F" n3="%73%65%69%79%61%6A%70%35" dan="18,16,16,17" rate="2268.81,2093.17,2047.91,2139.84" sx="M,M,M,M"/><TAIKYOKU oya="0"/>

<Scene>
<INIT seed="0,0,0,1,0,102" ten="250,250,250,250" oya="0" hai0="101,0,115,68,124,99,56,90,23,37,116,105,133" hai1="94,3,85,64,54,111,130,11,67,62,35,72,126" hai2="98,44,131,122,82,123,73,9,106,93,134,1,48" hai3="103,47,59,128,88,2,33,7,24,84,19,43,34"/><T25/><D115/><U92/><E72/><V45/><F134/><W127/><G128/><T28/><D116/><U53/><E35/><V78/><F131/><W63/><G127/><T125/><D133/><U46/><E130/><V20/><F45/><W32/><G103/><T91/><D68/><U10/><E85/><V120/><F20/><W29/><G7/><T70/><D70/><U100/><E100/><V27/><F27/><W13/><G2/><T97/><D0/><U61/><E3/><V75/><F75/><W50/><G13/><T12/><D37/><U16/><E46/><V74/><F74/><W107/><G19/><T71/><D71/><U21/><E21/><V15/><F1/><W129/><G129/><T5/><D56/><U51/><E51/><V110/><F110/><W18/><G18/><T69/><D69/><U14/><E16/><V6/><F106/><W118/><G107/><T49/><D49/><U17/><E17/><V113/><F113/><W96/><G96/><T60/><D60/><U108/><REACH who="1" step="1"/><E14/><REACH who="1" ten="250,240,250,250" step="2"/><V83/><F123/><W95/><REACH who="3" step="1"/><G118/><REACH who="3" ten="250,240,250,240" step="2"/><T109/><D12/><U22/><E22/><V81/><F122/><W66/><AGARI ba="0,2" hai="24,29,32,33,34,43,47,50,59,63,66,84,88,95" machi="66" ten="20,8000,1" yaku="1,1,2,1,0,1,7,1,54,1,53,0" doraHai="102" doraHaiUra="132" who="3" fromWho="3" sc="250,-40,240,-20,250,-20,240,100" />
</Scene>
<Scene>
<INIT seed="1,0,0,2,2,39" ten="210,220,230,340" oya="1" hai0="87,10,107,133,83,96,23,127,123,35,12,57,30" hai1="117,22,0,76,59,21,81,56,94,60,1,86,121" hai2="72,19,41,108,5,71,27,51,24,31,114,105,113" hai3="67,7,119,52,95,110,46,102,42,111,131,20,99"/><U4/><E121/><V90/><F71/><W16/><G119/><T82/><D123/><U98/><E117/><V77/><F105/><W26/><G131/><T101/><D133/><U14/><E56/><V75/><F5/><W106/><G67/><T97/><D127/><U84/><E84/><V73/><F108/><N who="3" m="41515" /><G7/><T55/><D35/><U40/><E40/><V63/><F63/><W36/><G52/><T2/><D2/><U34/><E34/><V120/><F120/><W47/><G47/><T65/><D65/><U85/><E85/><V79/><F19/><W118/><G118/><T89/><D96/><U29/><E21/><V61/><F61/><W32/><G32/><T18/><D30/><U38/><E38/><V130/><F130/><W66/><G66/><T125/><D125/><U124/><E124/><V43/><F51/><W37/><G37/><T134/><D134/><U100/><E4/><V112/><F90/><W92/><AGARI ba="0,0" hai="16,20,26,36,42,46,92,95,99,102,106" m="41515" machi="92" ten="30,4000,0" yaku="14,1,52,1,54,1" doraHai="39" who="3" fromWho="3" sc="210,-10,220,-20,230,-10,340,40" />
</Scene>
<Scene>
<INIT seed="2,0,0,3,4,128" ten="200,200,220,380" oya="2" hai0="0,126,83,100,43,38,113,27,127,42,26,103,54" hai1="111,93,130,62,61,5,63,39,110,46,17,22,60" hai2="92,65,68,90,77,34,57,4,101,16,81,73,49" hai3="112,11,79,87,53,47,48,10,21,80,108,12,109"/><V59/><F34/><W55/><G112/><T72/><D113/><U6/><E130/><V131/><F131/><W89/><G109/><N who="1" m="41482" /><E93/><V9/><F101/><N who="0" m="38986" /><D0/><U35/><E35/><V106/><F106/><W125/><G108/><T104/><D104/><U24/><N who="1" m="15872" /><DORA hai="85" /><U98/><E98/><V41/><F68/><W7/><G125/><N who="0" m="47627" /><D54/><U50/><E39/><V102/><F65/><W66/><G66/><T15/><D15/><U97/><E97/><V86/><F102/><W67/><G67/><T8/><D8/><U119/><E119/><V91/><F91/><W1/><G21/><T2/><D2/><U18/><E17/><V121/><F121/><W74/><G55/><AGARI ba="0,0" hai="5,6,18,22,24,46,50,55" m="15872,41482" machi="55" ten="40,1300,0" yaku="14,1" doraHai="128,85" who="1" fromWho="3" sc="200,0,200,13,220,0,380,-13" />
</Scene>
<Scene>
<INIT seed="3,0,0,1,3,113" ten="200,213,220,367" oya="3" hai0="103,76,33,53,20,59,87,52,68,98,134,93,48" hai1="69,67,95,99,6,45,55,125,70,71,17,111,120" hai2="127,62,0,122,85,14,5,81,21,11,80,47,66" hai3="73,23,28,58,131,57,7,129,4,96,106,27,19"/><W30/><G73/><T42/><D134/><U105/><E120/><V121/><F127/><W34/><G96/><T119/><D33/><U22/><E125/><V56/><F47/><W9/><G106/><T24/><D68/><U18/><E105/><V61/><F61/><W13/><G58/><T31/><D119/><U46/><E6/><V8/><F21/><W83/><G83/><N who="0" m="47591" /><D53/><U65/><E111/><V64/><F66/><W60/><G7/><T49/><D42/><U51/><E45/><V72/><F72/><W128/><REACH who="3" step="1"/><G34/><REACH who="3" ten="200,213,220,357" step="2"/><T79/><D79/><U135/><E135/><V26/><F81/><W130/><N who="3" m="32768" /><DORA hai="40" /><W112/><G112/><T78/><D78/><U63/><E71/><V110/><F122/><W92/><G92/><T36/><D59/><U109/><E109/><V35/><F121/><W25/><G25/><T118/><D93/><U16/><E70/><V38/><F110/><W54/><AGARI ba="0,1" hai="4,9,13,19,23,27,28,30,54,57,60" m="32768" machi="54" ten="60,11700,0" yaku="1,1,0,1,19,1,53,0" doraHai="113,40" doraHaiUra="44,104" who="3" fromWho="3" sc="200,-39,213,-39,220,-39,357,127" />
</Scene>
<Scene>
<INIT seed="3,1,0,5,1,49" ten="161,174,181,484" oya="3" hai0="124,67,57,0,20,115,33,48,117,19,73,125,106" hai1="71,39,23,55,56,87,91,94,99,66,47,111,101" hai2="122,13,76,12,119,70,75,80,44,36,126,4,107" hai3="130,41,61,14,93,98,30,15,109,18,114,104,8"/><W134/><G114/><T59/><D106/><U97/><E111/><V45/><F119/><W88/><G109/><T96/><D117/><U68/><E66/><V103/><F70/><W64/><G130/><T24/><D73/><U120/><E120/><V72/><F72/><W89/><G134/><T79/><D115/><U95/><E23/><V50/><F122/><W27/><G41/><T135/><D135/><U86/><E86/><V35/><F35/><W78/><G78/><T65/><D0/><U53/><E87/><V100/><F126/><N who="0" m="48746" /><D79/><U38/><E47/><V113/><F113/><W129/><G104/><T54/><D96/><U118/><E118/><V63/><F63/><W90/><G15/><N who="0" m="9343" /><D59/><U132/><E132/><V11/><F107/><W37/><G37/><T127/><N who="0" m="48754" /><T22/><DORA hai="28" /><D33/><U31/><E31/><AGARI ba="1,0" hai="22,24,31,48,54,57,65,67" m="9343,48754" machi="31" ten="40,2600,0" yaku="18,1,52,1" doraHai="49,28" who="0" fromWho="1" sc="161,29,174,-29,181,0,484,0" />
</Scene>
<Scene>
<INIT seed="4,0,0,4,0,119" ten="190,145,181,484" oya="0" hai0="44,109,101,29,39,40,100,24,81,77,123,106,114" hai1="61,65,5,46,20,86,42,113,28,30,107,121,32" hai2="55,99,135,25,62,108,16,93,79,27,41,120,11" hai3="74,57,68,97,63,131,15,91,49,72,19,53,71"/><T70/><D114/><U110/><E110/><V85/><F108/><W50/><G131/><T132/><D109/><U80/><E107/><V4/><F135/><W37/><G37/><T124/><D132/><U47/><E32/><V54/><F120/><W89/><G71/><T75/><D124/><U58/><E113/><V129/><F129/><W38/><G38/><T92/><D70/><U69/><E5/><V8/><F41/><W125/><G125/><T90/><D106/><U21/><E69/><V23/><F27/><W67/><G50/><T133/><D133/><U122/><E47/><V45/><F4/><W134/><G134/><T34/><REACH who="0" step="1"/><D123/><REACH who="0" ten="180,145,181,484" step="2"/><U117/><E117/><V51/><F79/><W94/><G68/><T102/><D102/><U0/><E0/><V31/><F31/><W1/><G91/><T17/><D17/><U130/><E130/><V22/><F22/><W73/><G1/><T112/><D112/><U82/><E21/><V126/><F126/><W33/><G33/><T76/><D76/><U43/><E30/><V10/><F10/><W12/><G19/><T78/><D78/><U60/><E20/><V88/><F85/><AGARI ba="0,1" hai="24,29,34,39,40,44,75,77,81,85,90,92,100,101" machi="85" ten="30,2900,0" yaku="1,1,7,1,53,0" doraHai="119" doraHaiUra="7" who="0" fromWho="2" sc="180,39,145,0,181,-29,484,0" />
</Scene>
<Scene>
<INIT seed="4,1,0,3,2,104" ten="219,145,152,484" oya="0" hai0="18,78,115,34,40,92,66,131,59,111,12,24,102" hai1="51,101,123,112,6,74,32,10,29,110,126,7,25" hai2="99,30,36,46,120,19,77,70,37,90,88,11,67" hai3="15,2,65,42,122,94,95,113,41,31,8,3,109"/><T43/><D115/><U132/><E110/><V83/><F120/><W130/><G109/><T116/><D111/><U16/><E123/><V60/><F30/><W44/><G122/><T89/><D116/><U134/><E101/><V9/><F99/><W33/><G113/><T38/><D38/><U28/><E112/><V87/><F37/><W118/><G118/><T79/><D131/><U27/><E51/><V21/><F36/><W107/><G107/><T54/><D66/><U80/><E126/><V53/><F46/><W114/><G114/><T14/><D102/><U73/><E80/><V57/><F11/><W35/><G130/><T124/><D124/><U72/><E16/><V133/><F9/><W81/><G65/><T84/><D34/><N who="1" m="20751" /><E7/><V108/><F133/><W49/><G81/><T98/><D84/><U121/><E121/><V56/><F70/><W63/><G63/><N who="0" m="36343" /><D24/><U105/><E105/><V64/><F108/><W135/><G135/><N who="1" m="51754" /><E6/><V127/><F127/><W1/><G35/><T17/><D17/><U47/><E10/><V62/><F67/><W55/><G31/><T22/><D14/><AGARI ba="1,0" hai="14,19,21,53,56,57,60,62,64,77,83,87,88,90" machi="14" ten="30,3900,0" yaku="7,1,8,1,54,1" doraHai="104" who="2" fromWho="0" sc="219,-42,145,0,152,42,484,0" />
</Scene>
<Scene>
<INIT seed="5,0,0,0,2,125" ten="177,145,194,484" oya="1" hai0="114,28,39,18,8,85,126,124,4,112,48,120,109" hai1="58,111,47,12,94,19,95,89,106,122,45,40,104" hai2="78,71,5,76,17,44,37,62,127,98,65,25,129" hai3="79,105,99,113,91,101,13,46,35,86,102,27,134"/><U38/><E122/><V2/><F127/><N who="0" m="48682" /><D39/><U29/><E111/><V60/><F60/><W36/><G113/><N who="0" m="43627" /><D109/><U30/><E47/><V68/><F44/><W121/><G46/><T55/><D120/><U132/><E132/><V64/><F37/><W49/><G36/><T80/><D18/><U72/><E72/><V107/><F17/><W24/><G121/><T41/><D28/><U43/><E43/><V1/><F5/><W0/><G134/><T77/><D41/><U74/><E74/><V130/><F25/><W59/><G27/><T32/><D32/><U103/><E58/><V83/><F83/><W96/><G59/><N who="0" m="33255" /><D8/><U110/><E110/><V51/><F2/><W70/><G24/><T97/><D97/><U90/><E29/><V118/><F1/><W14/><G99/><T3/><D3/><U20/><E30/><V16/><F16/><W53/><G96/><T66/><D66/><U92/><REACH who="1" step="1"/><E103/><REACH who="1" ten="177,135,194,484" step="2"/><V73/><F73/><W119/><G102/><T108/><D108/><U100/><E100/><V9/><F71/><W33/><G101/><T93/><D93/><U57/><E57/><V84/><F68/><W135/><G70/><T42/><D42/><U15/><E15/><V54/><F118/><W61/><G14/><T21/><D21/><U10/><E10/><V7/><F9/><W22/><G13/><T69/><D69/><U82/><E82/><V11/><F11/><W115/><G22/><T50/><D4/><U56/><E56/><V128/><F7/><W67/><G0/><T75/><D75/><U6/><E6/><V131/><F131/><RYUUKYOKU ba="0,1" sc="177,15,135,15,194,-15,484,-15" hai0="50,77,80,85" hai1="12,19,20,38,40,45,89,90,92,94,95,104,106" />
</Scene>
<Scene>
<INIT seed="5,1,1,3,0,77" ten="192,150,179,469" oya="1" hai0="75,58,115,69,90,89,110,25,35,39,117,83,119" hai1="100,28,68,33,2,20,127,34,109,60,113,128,80" hai2="50,133,63,49,40,111,102,105,86,18,94,97,6" hai3="5,26,43,107,1,52,103,30,29,88,92,79,15"/><U42/><E2/><V98/><F111/><W73/><G1/><T99/><D110/><U59/><E68/><V108/><F108/><W118/><G118/><T130/><D69/><U57/><E109/><V11/><F133/><W45/><G103/><T31/><D39/><U54/><E100/><V41/><F18/><W70/><G107/><T112/><D130/><U38/><E128/><V76/><F63/><W61/><G79/><N who="0" m="44543" /><D58/><U93/><E93/><V85/><F6/><W16/><G5/><T12/><D12/><U81/><E42/><V66/><F66/><W44/><G73/><T67/><D67/><U0/><E38/><V27/><F27/><W48/><G70/><T4/><D4/><U104/><E104/><V22/><F22/><N who="3" m="11551" /><G26/><T36/><D36/><U116/><E0/><V96/><F96/><N who="3" m="57351" /><G44/><T123/><D123/><U95/><E113/><N who="0" m="43593" /><D99/><U21/><E116/><AGARI ba="1,1" hai="25,31,35,89,90,116,117,119" m="43593,44543" machi="116" ten="30,2000,0" yaku="15,1,52,1" doraHai="77" who="0" fromWho="1" sc="192,33,150,-23,179,0,469,0" />
</Scene>
<Scene>
<INIT seed="6,0,0,1,1,26" ten="225,127,179,469" oya="2" hai0="86,2,0,106,123,4,23,8,97,63,82,22,129" hai1="41,67,108,127,43,36,114,73,31,125,102,59,16" hai2="124,9,93,77,60,134,54,56,74,135,103,100,51" hai3="12,53,104,34,70,96,35,99,25,130,29,131,40"/><V71/><F124/><N who="1" m="47689" /><E73/><V117/><F117/><W11/><G70/><T79/><D123/><U61/><E108/><V45/><F9/><W33/><G40/><N who="1" m="15434" /><E36/><V78/><F71/><W122/><G53/><T7/><D129/><N who="3" m="49161" /><G122/><T105/><D63/><U39/><E39/><V38/><F38/><W6/><G104/><T120/><D120/><U55/><E102/><N who="2" m="38955" /><F93/><W128/><G128/><T64/><D105/><U107/><E107/><V19/><F19/><W52/><G52/><T72/><D106/><U83/><E83/><V118/><F118/><W84/><G84/><T95/><D82/><U80/><E80/><V66/><F74/><W113/><G113/><T27/><D72/><U50/><E114/><V47/><F47/><W109/><G109/><T88/><D86/><U24/><E16/><V126/><F126/><W89/><G89/><T69/><D88/><U115/><E115/><V15/><F15/><W133/><G133/><AGARI ba="0,0" hai="45,51,54,56,60,66,77,78,133,134,135" m="38955" machi="133" ten="30,1500,0" yaku="20,1" doraHai="26" who="2" fromWho="3" sc="225,0,127,0,179,15,469,-15" />
</Scene>
<Scene>
<INIT seed="6,1,0,1,3,108" ten="225,127,194,454" oya="2" hai0="19,27,135,8,76,57,25,125,112,65,55,71,69" hai1="88,53,104,66,52,128,78,95,107,85,121,10,70" hai2="50,119,21,72,93,115,94,63,83,127,113,103,18" hai3="99,98,46,43,109,40,54,77,81,101,31,86,110"/><V1/><F1/><W91/><G110/><T12/><D135/><U17/><E128/><V89/><F119/><W47/><G109/><T100/><D125/><U102/><E121/><V80/><F127/><W90/><G31/><T3/><D112/><N who="2" m="43082" /><F63/><W123/><G123/><T36/><D36/><U7/><E78/><N who="2" m="44103" /><F103/><W51/><G54/><T2/><D55/><U92/><E17/><V32/><F32/><W4/><G4/><T122/><D100/><U34/><E34/><V29/><F29/><W82/><G82/><T133/><D19/><U68/><E107/><V39/><F39/><W79/><G79/><T44/><D133/><U5/><E104/><V67/><F67/><W9/><G9/><T106/><D106/><U48/><E5/><V124/><F124/><W37/><G99/><T111/><D65/><U49/><E66/><V58/><F58/><W87/><G87/><T116/><D57/><U15/><E102/><V132/><F132/><W64/><G64/><T105/><D116/><U16/><E7/><V45/><F83/><W56/><G56/><T62/><D2/><U130/><E130/><V13/><F89/><W11/><G11/><T41/><D8/><U114/><E114/><V30/><F30/><W134/><G134/><T120/><D120/><U118/><E118/><V28/><F28/><W75/><G75/><T6/><D122/><U117/><E117/><V23/><F23/><W126/><G126/><T42/><D3/><U38/><E38/><V73/><F73/><W33/><G33/><T59/><D59/><N who="1" m="33159" /><E95/><AGARI ba="1,0" hai="37,40,43,46,47,51,77,81,86,90,91,95,98,101" machi="95" ten="30,1000,0" yaku="7,1" doraHai="108" who="3" fromWho="1" sc="225,0,127,-13,194,0,454,13" />
</Scene>
<Scene>
<INIT seed="7,0,0,2,5,29" ten="225,114,194,467" oya="3" hai0="98,104,112,111,5,83,84,120,27,1,3,118,116" hai1="19,9,49,73,65,32,122,6,36,21,44,35,128" hai2="90,134,30,125,96,54,11,26,58,7,40,130,20" hai3="51,100,22,46,78,50,18,87,33,64,52,121,107"/><W23/><G121/><T67/><D120/><U129/><E36/><V12/><F130/><W101/><G64/><T4/><D111/><U114/><E122/><V25/><F134/><W45/><G23/><T2/><D112/><U43/><E73/><V56/><F125/><W133/><G33/><N who="1" m="12874" /><E65/><V80/><F26/><N who="3" m="14679" /><G133/><T47/><D67/><U69/><E69/><V13/><F40/><N who="3" m="24871" /><G107/><T59/><D104/><U103/><E103/><V48/><F13/><W95/><G95/><T113/><D27/><N who="1" m="14783" /><E114/><V34/><F34/><W109/><G109/><T68/><D113/><U131/><E9/><V91/><F96/><W28/><G28/><T110/><D98/><U41/><E6/><V24/><F24/><W123/><G123/><T115/><D5/><U17/><E17/><V79/><F58/><W135/><G135/><T76/><D4/><U38/><E38/><V119/><F91/><W72/><G72/><T94/><D68/><U15/><E15/><V93/><F90/><W53/><G53/><T63/><D115/><U60/><E60/><V126/><F48/><W74/><G74/><N who="0" m="43415" /><D110/><U75/><E75/><V92/><F79/><W14/><G14/><T88/><D47/><U102/><E102/><V81/><F81/><AGARI ba="0,0" hai="46,51,52,78,81,87,100,101" m="24871,14679" machi="81" ten="30,2900,0" yaku="8,1,54,1" doraHai="29" who="3" fromWho="2" sc="225,0,114,0,194,-29,467,29" owari="225,3.0,114,-39.0,165,-23.0,496,59.0" />
</Scene>
</mjloggm>