<mjloggm ver="2.3"><GO type="169" lobby="0"/><UN n0="%67%69%6A%79%75%74%75" n1="%E9%8A%80%E9%81%8A%E7%A7%81%E4%BA%BA" n2="%41%53%41%50%49%4E" n3="%E3%82%AA%E3%82%BA%E3%82%B0%E3%83%AB%E3%83%BC%E3%83%97" dan="16,17,19,16" rate="2122,2111,2225,2128" sx="M,M,M,M"/><TAIKYOKU oya="0"/>

<Scene>
<INIT seed="0,0,0,0,4,51" ten="250,250,250,250" oya="0" hai0="59,95,36,24,88,123,129,133,16,43,120,56,34" hai1="96,114,101,131,5,12,105,128,76,83,77,116,127" hai2="89,3,48,55,8,73,69,0,103,20,45,37,25" hai3="84,106,92,64,7,13,79,68,6,38,52,104,97"/><T122/><D133/><U29/><E29/><V30/><F69/><W57/><G38/><T90/><D129/><N who="1" m="49739" /><E5/><V63/><F73/><W2/><G2/><T19/><D34/><U21/><E21/><V91/><F37/><W82/><G68/><T10/><D36/><U93/><E12/><V42/><F103/><W121/><G64/><T54/><D43/><U4/><E4/><V27/><F8/><W50/><G121/><T58/><D24/><U109/><E116/><V130/><F130/><W14/><G7/><T66/><D10/><U9/><E9/><V15/><F15/><W132/><G132/><T33/><D33/><U134/><E134/><V67/><F67/><W111/><G111/><T110/><D110/><U22/><E22/><V94/><F27/><W65/><G65/><T71/><D71/><U80/><E109/><V39/><F63/><W1/><G1/><T72/><D72/><N who="1" m="43015" /><E127/><V87/><REACH who="2" step="1"/><F91/><REACH who="2" ten="250,250,240,250" step="2"/><W135/><G135/><T81/><D90/><U26/><E26/><V47/><AGARI ba="0,1" hai="0,3,20,25,30,39,42,45,47,48,55,87,89,94" machi="47" ten="20,12000,2" yaku="1,1,2,1,0,1,7,1,52,1,53,1" doraHai="51" doraHaiUra="49" who="2" fromWho="2" sc="250,-60,250,-30,240,130,250,-30" />
</Scene>
<Scene>
<INIT seed="1,0,0,3,1,67" ten="190,220,370,220" oya="1" hai0="114,122,68,102,54,34,52,129,128,71,2,12,66" hai1="119,117,27,65,24,53,10,70,95,56,73,26,80" hai2="109,75,51,30,110,78,60,33,11,8,16,94,113" hai3="64,14,38,41,106,79,107,3,89,105,17,18,1"/><U59/><E59/><V123/><F123/><W37/><G79/><T4/><D114/><U81/><E10/><V130/><F113/><W25/><G25/><T22/><D34/><U19/><E19/><V99/><F130/><N who="0" m="50282" /><D122/><U112/><E112/><V9/><F30/><W49/><G64/><T47/><D102/><U61/><E95/><V28/><F78/><W63/><G63/><N who="0" m="40031" /><D71/><U111/><E111/><N who="2" m="42507" /><F75/><W103/><G89/><T92/><D92/><U135/><E73/><V104/><F104/><W88/><G103/><T23/><D2/><U132/><E81/><V116/><F116/><W108/><G108/><T36/><D4/><U118/><REACH who="1" step="1"/><E80/><REACH who="1" ten="190,210,370,220" step="2"/><V20/><F9/><W131/><G18/><N who="0" m="10567" /><D23/><U58/><E58/><V124/><F11/><W32/><G17/><T90/><D90/><U134/><E134/><V21/><F8/><W46/><G131/><T120/><D120/><U86/><E86/><V121/><F21/><W48/><G88/><T55/><D36/><U44/><E44/><AGARI ba="0,1" hai="44,47,52,54,55" m="10567,40031,50282" machi="44" ten="30,3900,0" yaku="19,1,52,1,54,1" doraHai="67" who="0" fromWho="1" sc="190,49,210,-39,370,0,220,0" />
</Scene>
<Scene>
<INIT seed="2,0,0,4,5,38" ten="239,171,370,220" oya="2" hai0="6,44,108,34,73,45,88,7,131,87,101,91,81" hai1="105,5,24,121,23,48,49,113,79,18,112,107,41" hai2="129,104,36,106,118,102,2,47,21,116,10,99,66" hai3="117,74,84,133,68,83,109,65,60,115,132,17,96"/><V85/><F129/><W31/><G117/><T50/><D131/><U80/><E121/><V15/><F106/><W103/><G115/><T0/><D73/><U25/><E5/><V98/><F98/><W29/><G74/><T64/><D34/><U135/><E135/><N who="3" m="51786" /><G17/><T51/><D101/><U127/><E127/><V110/><F110/><W97/><G109/><T1/><D64/><U39/><E39/><V14/><F2/><W63/><G63/><T4/><D108/><U58/><E58/><V11/><F21/><W3/><G3/><T57/><D57/><U100/><E100/><V13/><F66/><W82/><G82/><T120/><D120/><U78/><E80/><V59/><F59/><W55/><G55/><T8/><D91/><U90/><E90/><V92/><F85/><W46/><G46/><T37/><D37/><U62/><E62/><V16/><F104/><N who="3" m="63591" /><G97/><T119/><D119/><U71/><E18/><V86/><F86/><W122/><G122/><T94/><D81/><U27/><E23/><V12/><REACH who="2" step="1"/><F11/><REACH who="2" ten="239,171,360,220" step="2"/><W75/><G75/><T89/><D8/><U76/><E71/><V93/><F93/><W32/><G32/><T56/><D56/><U54/><E107/><V95/><F95/><W19/><G84/><T26/><D87/><U43/><E105/><V28/><F28/><W9/><G83/><T22/><D94/><U128/><E128/><V77/><F77/><W125/><G125/><T130/><D130/><U134/><E134/><V33/><F33/><W52/><G65/><T126/><D126/><U69/><E69/><V123/><F123/><RYUUKYOKU ba="0,1" sc="239,-10,171,-10,360,30,220,-10" hai2="10,12,13,14,15,16,36,47,92,99,102,116,118" />
</Scene>
<Scene>
<INIT seed="2,1,1,0,3,112" ten="229,161,390,210" oya="2" hai0="79,35,14,129,102,31,82,122,20,99,3,56,93" hai1="135,47,1,11,19,61,28,59,63,27,70,2,126" hai2="83,17,23,54,18,76,96,75,131,92,52,38,87" hai3="62,60,114,30,24,134,127,49,77,12,48,101,100"/><V50/><F38/><W81/><G114/><T88/><D122/><U69/><E135/><V9/><F131/><W67/><G134/><T118/><D129/><U58/><E126/><V15/><F75/><W74/><G127/><T111/><D3/><U33/><E47/><V116/><F116/><W21/><G62/><T125/><D125/><U73/><E73/><V120/><F50/><W29/><G29/><T16/><D111/><U26/><E11/><V4/><F120/><W109/><G109/><T57/><D118/><U113/><E113/><V115/><F115/><W45/><G12/><T98/><D35/><U10/><E10/><V37/><F37/><W68/><REACH who="3" step="1"/><G48/><REACH who="3" ten="229,161,390,200" step="2"/><T108/><D31/><U105/><E28/><V121/><F121/><W6/><G6/><T107/><REACH who="0" step="1"/><D108/><REACH who="0" ten="219,161,390,200" step="2"/><U130/><E130/><V103/><REACH who="2" step="1"/><F18/><REACH who="2" ten="219,161,380,200" step="2"/><W132/><G132/><T22/><D22/><U89/><E19/><V123/><F123/><W46/><G46/><T42/><D42/><AGARI ba="1,4" hai="21,24,30,42,45,49,60,67,68,74,77,81,100,101" machi="42" ten="30,2000,0" yaku="1,1,7,1,53,0" doraHai="112" doraHaiUra="84" who="3" fromWho="0" sc="219,-23,161,0,380,0,200,63" />
</Scene>
<Scene>
<INIT seed="3,0,0,3,4,134" ten="196,161,380,263" oya="3" hai0="64,121,56,66,117,54,20,76,50,115,98,116,45" hai1="23,27,39,37,92,110,74,25,101,22,49,126,87" hai2="122,100,123,83,104,106,3,14,77,130,128,96,63" hai3="125,108,36,79,103,0,68,112,47,33,28,10,53"/><W57/><G68/><T89/><D76/><U40/><E74/><V118/><F3/><W91/><G112/><T99/><D121/><N who="2" m="46090" /><F63/><W32/><G103/><T114/><D20/><U35/><E35/><N who="3" m="13386" /><G79/><T80/><D80/><U65/><E65/><V18/><F118/><W15/><G91/><T88/><D56/><U26/><E87/><N who="2" m="48623" /><F106/><W93/><G93/><T41/><D50/><U31/><E92/><V55/><F55/><W67/><G67/><T124/><D54/><U94/><E94/><V2/><F2/><W71/><G71/><T46/><D41/><U9/><E49/><V69/><F69/><W21/><G47/><T60/><D60/><U6/><E40/><V105/><F105/><W81/><G36/><T24/><D24/><U62/><E62/><V113/><F113/><W16/><G81/><T120/><D120/><U90/><E39/><V17/><F17/><N who="3" m="8439" /><G57/><T8/><D8/><AGARI ba="0,0" hai="8,14,18,96,100,104,128,130" m="48623,46090" machi="8" ten="30,1000,0" yaku="13,1" doraHai="134" who="2" fromWho="0" sc="196,-10,161,0,380,10,263,0" />
</Scene>
<Scene>
<INIT seed="4,0,0,4,3,72" ten="186,161,390,263" oya="0" hai0="111,102,20,112,58,2,75,47,49,21,67,77,89" hai1="54,127,40,38,101,66,11,85,30,97,32,68,57" hai2="9,69,133,113,36,71,106,50,95,1,46,100,78" hai3="41,26,82,51,94,24,70,130,5,12,10,14,86"/><T88/><D2/><U45/><E127/><V99/><F36/><W17/><G70/><T56/><D102/><U118/><E118/><V65/><F113/><W23/><G94/><T19/><D112/><U48/><E11/><V74/><F133/><W62/><G62/><T117/><D117/><U42/><E42/><V8/><F65/><W31/><G31/><T96/><D111/><U53/><E53/><V87/><F8/><W84/><G84/><T79/><D75/><U109/><E109/><V126/><F126/><W129/><G129/><T104/><D104/><U25/><E85/><V92/><F92/><W108/><G130/><T33/><D33/><U120/><E120/><V59/><F59/><N who="0" m="22570" /><D67/><U34/><E34/><V7/><F74/><W107/><G107/><T44/><D21/><U52/><E54/><V105/><F105/><W123/><G123/><T4/><D4/><U116/><E116/><V3/><F3/><W103/><G103/><T83/><D83/><U35/><E35/><V90/><F71/><W132/><G132/><T134/><D134/><U0/><E0/><V22/><F69/><W81/><G81/><T29/><D29/><U63/><E101/><V15/><F22/><W39/><G39/><T121/><D121/><U91/><E91/><N who="0" m="34889" /><D96/><AGARI ba="0,0" hai="25,30,32,38,40,45,48,52,57,63,66,68,96,97" machi="96" ten="40,5200,0" yaku="24,2,54,1" doraHai="72" who="1" fromWho="0" sc="186,-52,161,52,390,0,263,0" />
</Scene>
<Scene>
<INIT seed="5,0,0,5,1,82" ten="134,213,390,263" oya="1" hai0="70,54,109,41,111,22,95,31,80,25,49,134,48" hai1="75,130,125,13,97,8,12,57,27,102,118,72,1" hai2="23,69,34,11,99,113,98,120,110,74,61,58,18" hai3="124,17,133,121,53,64,78,91,88,89,29,15,126"/><U67/><E118/><V37/><F110/><W63/><G121/><T7/><D70/><U30/><E1/><V38/><F120/><W119/><G119/><T16/><D7/><U106/><E125/><N who="3" m="48234" /><G133/><T62/><D134/><U56/><E130/><V21/><F74/><W71/><G78/><T32/><D62/><U114/><E114/><V68/><F34/><W24/><G53/><T50/><D41/><U2/><E2/><V131/><F131/><W45/><G45/><T35/><D54/><U100/><E100/><V122/><F122/><W65/><G65/><T39/><D39/><U112/><E112/><V19/><F11/><N who="3" m="6399" /><G91/><T47/><D47/><U129/><E129/><V92/><F113/><W52/><G52/><T86/><D95/><U132/><E132/><V51/><F92/><W0/><G0/><T77/><REACH who="0" step="1"/><D35/><AGARI ba="0,0" hai="24,29,35,63,64,71,88,89" m="6399,48234" machi="35" ten="30,2000,0" yaku="18,1,54,1" doraHai="82" who="3" fromWho="0" sc="134,-20,213,0,390,0,263,20" />
</Scene>
<Scene>
<INIT seed="6,0,0,3,2,15" ten="114,213,390,283" oya="2" hai0="107,105,3,45,64,5,117,38,126,53,39,115,109" hai1="116,43,72,63,17,9,120,95,84,106,18,130,58" hai2="66,40,11,110,114,104,128,108,121,27,34,41,67" hai3="103,112,85,74,57,30,4,47,61,73,7,59,46"/><V49/><F121/><W76/><G103/><T98/><D64/><U60/><E106/><V32/><F104/><W87/><G30/><T71/><D98/><U33/><E72/><V69/><F114/><W88/><G61/><T131/><D53/><U93/><E116/><V52/><F128/><W62/><G62/><T28/><D45/><U8/><E84/><V42/><F11/><W25/><G25/><T70/><D28/><U37/><E43/><V134/><F134/><W80/><G112/><T65/><D5/><U16/><E18/><V19/><F69/><W119/><G80/><T51/><D51/><U2/><E58/><N who="2" m="33039" /><F34/><W31/><G31/><T6/><D6/><U123/><E33/><V23/><F32/><W96/><G96/><T122/><D65/><U113/><E113/><V102/><F102/><W56/><G119/><T133/><D107/><U14/><E14/><V90/><F90/><W10/><G88/><T77/><D77/><U44/><E44/><V125/><F125/><W55/><G76/><T12/><D12/><U24/><E24/><V132/><F132/><W94/><G74/><T92/><D71/><U50/><E37/><V75/><F75/><W81/><G10/><T21/><D21/><U22/><E22/><V0/><F0/><W54/><G73/><T97/><D92/><U91/><E91/><V26/><F26/><W99/><G94/><T48/><D105/><U79/><E79/><V1/><F1/><W101/><G101/><T13/><D3/><U129/><E2/><V124/><F124/><W68/><G68/><T118/><D126/><RYUUKYOKU ba="0,0" sc="114,-15,213,15,390,15,283,-15" hai1="8,9,16,17,50,60,63,93,95,120,123,129,130" hai2="19,23,27,40,41,42,66,67,108,110" />
</Scene>
<Scene>
<INIT seed="6,1,0,5,0,43" ten="99,228,405,268" oya="2" hai0="34,25,108,2,28,10,131,68,74,113,98,65,9" hai1="100,80,89,132,41,122,61,5,70,27,121,123,56" hai2="51,110,77,105,115,63,124,130,90,58,83,53,81" hai3="22,135,50,35,17,26,47,18,11,86,73,52,72"/><V62/><F105/><W91/><G35/><T96/><D108/><U33/><E70/><V99/><F110/><W6/><G135/><T103/><D74/><U32/><E132/><V75/><F115/><W129/><G129/><T59/><D131/><U20/><E100/><V31/><F130/><W120/><G120/><T1/><D113/><U84/><E5/><V45/><F124/><W116/><G116/><T19/><D59/><U78/><E78/><V69/><F69/><W97/><G97/><T95/><D96/><U79/><E79/><V37/><F31/><W7/><G7/><T117/><D117/><U104/><E104/><V66/><F63/><W119/><G119/><T29/><D29/><U71/><E71/><V128/><F128/><W114/><G114/><T12/><D9/><U125/><E125/><V0/><F0/><W102/><G102/><T111/><D111/><U127/><E127/><V46/><F37/><W107/><G107/><T49/><D49/><U44/><E20/><V60/><F60/><W82/><REACH who="3" step="1"/><G18/><REACH who="3" ten="99,228,405,258" step="2"/><T106/><REACH who="0" step="1"/><D95/><REACH who="0" ten="89,228,405,258" step="2"/><U30/><E123/><V92/><F99/><W67/><G67/><T23/><D23/><U15/><E121/><V101/><F92/><W38/><G38/><T126/><D126/><U118/><E122/><V54/><F66/><W4/><G4/><T64/><D64/><U40/><E118/><V55/><F101/><W93/><G93/><T3/><D3/><AGARI ba="1,2" hai="3,6,11,17,22,26,47,50,52,72,73,82,86,91" machi="3" ten="30,7700,0" yaku="1,1,7,1,52,1,54,1,53,0" doraHai="43" doraHaiUra="36" who="3" fromWho="0" sc="89,-80,228,0,405,0,258,100" />
</Scene>
<Scene>
<INIT seed="7,0,0,4,4,9" ten="9,228,405,358" oya="3" hai0="132,66,1,46,65,121,26,43,109,21,19,122,98" hai1="49,108,126,4,40,42,91,47,63,0,45,61,120" hai2="68,57,102,99,133,29,107,80,37,83,92,134,78" hai3="8,130,81,32,23,104,88,110,39,70,13,79,27"/><W89/><G39/><T96/><D109/><U124/><E4/><V48/><F68/><W41/><G70/><T128/><D132/><N who="2" m="50794" /><F37/><W74/><G32/><T22/><D128/><U73/><E0/><V38/><F38/><W105/><G130/><T101/><D1/><U53/><E73/><N who="2" m="43087" /><F83/><W87/><G41/><T7/><D7/><U131/><E91/><V11/><F29/><W44/><G44/><T117/><D117/><U100/><E100/><V20/><F11/><W52/><G110/><T18/><D101/><U95/><E95/><V50/><F20/><W112/><G89/><T55/><D46/><U116/><E131/><V77/><F77/><W129/><G52/><T72/><D55/><U56/><E108/><V125/><F125/><W90/><G112/><T71/><D71/><U114/><E53/><N who="2" m="31911" /><F50/><W64/><G64/><T28/><D28/><U94/><E49/><V82/><F82/><W12/><G129/><T24/><D72/><U115/><E94/><AGARI ba="0,0" hai="92,94,99,102,107" m="31911,43087,50794" machi="94" ten="30,1000,0" yaku="20,1" doraHai="9" who="2" fromWho="1" sc="9,0,228,-10,405,10,358,0" owari="9,-49.0,218,-18.0,415,51.0,358,16.0" />
</Scene>
</mjloggm>