<mjloggm ver="2.3"><GO type="169" lobby="0"/><UN n0="%E4%B8%80%E7%94%9F%E6%87%B8%E5%91%BD" n1="%41%53%41%50%49%4E" n2="%6D%69%6E%32%30%30%32" n3="%E6%B9%8A%E3%81%AE%E9%87%A3%E5%B8%AB" dan="17,18,16,16" rate="2186.42,2224.96,2059.72,2105.01" sx="M,M,F,M"/><TAIKYOKU oya="0"/>

<Scene>
<INIT seed="0,0,0,4,4,37" ten="250,250,250,250" oya="0" hai0="42,9,27,31,45,18,0,93,65,19,35,36,77" hai1="30,74,67,106,11,10,117,23,112,16,22,53,47" hai2="84,97,125,109,80,134,4,57,133,38,51,89,66" hai3="63,69,79,58,34,62,105,114,25,103,110,100,115"/><T82/><D65/><U17/><E117/><V92/><F38/><W124/><G79/><T7/><REACH who="0" step="1"/><D93/><REACH who="0" ten="240,250,250,250" step="2"/><U5/><E67/><V12/><F66/><N who="3" m="41175" /><G114/><T88/><D88/><U75/><E112/><V122/><F89/><W108/><G115/><T48/><D48/><U72/><E106/><V26/><F51/><W111/><G105/><T87/><AGARI ba="0,1" hai="0,7,9,18,19,27,31,35,36,42,45,77,82,87" machi="87" ten="20,12000,1" yaku="1,1,0,1,7,1,52,1,53,1" doraHai="37" doraHaiUra="1" who="0" fromWho="0" sc="240,130,250,-40,250,-40,250,-40" />
</Scene>
<Scene>
<INIT seed="0,1,0,2,1,90" ten="370,210,210,210" oya="0" hai0="30,15,33,83,23,22,107,130,110,43,98,67,56" hai1="104,111,12,89,126,17,60,78,18,91,52,7,85" hai2="66,86,102,48,8,63,127,19,125,81,109,14,68" hai3="123,16,99,47,82,128,42,75,101,57,120,54,44"/><T26/><D130/><U73/><E104/><V59/><F109/><W2/><G128/><T106/><D110/><U45/><E111/><V61/><F102/><W37/><G44/><T97/><D43/><U13/><E126/><V21/><F48/><W41/><G41/><T28/><D83/><N who="1" m="47351" /><E73/><V93/><F8/><W31/><G31/><T114/><D114/><U34/><E34/><V10/><F10/><W46/><G46/><T118/><D118/><U132/><E7/><V117/><F117/><W87/><G75/><T122/><D122/><U65/><E65/><V116/><F116/><W100/><G2/><T76/><D76/><U69/><E69/><V131/><F131/><W20/><G99/><T113/><D113/><U70/><E70/><V96/><F63/><W129/><G129/><T4/><D33/><U84/><E132/><V51/><F51/><W64/><G64/><T27/><D107/><U133/><E133/><V5/><F5/><W35/><G35/><T29/><D106/><U62/><E89/><V58/><F127/><W72/><G72/><T108/><D108/><U94/><E45/><V74/><F74/><W71/><G71/><T80/><D4/><U112/><E112/><V49/><F125/><W32/><G32/><T24/><D56/><N who="1" m="34823" /><E62/><V119/><F119/><W0/><G0/><T115/><D115/><U53/><E53/><V1/><F1/><W135/><G135/><T105/><D67/><U77/><E77/><N who="2" m="46383" /><F49/><N who="3" m="30927" /><G123/><T121/><D121/><U79/><E79/><V95/><F68/><W6/><G120/><T88/><D105/><U25/><E18/><RYUUKYOKU ba="1,0" sc="370,-10,210,30,210,-10,210,-10" hai1="12,13,17,25,84,91,94" />
</Scene>
<Scene>
<INIT seed="1,2,0,0,1,1" ten="360,240,200,200" oya="1" hai0="78,86,20,110,100,18,122,82,64,74,119,69,85" hai1="5,123,109,7,0,51,25,81,73,49,96,63,88" hai2="93,62,97,79,107,90,104,45,39,126,99,35,28" hai3="36,43,108,56,41,13,94,61,31,70,15,92,103"/><U131/><E123/><V127/><F79/><W22/><G70/><T129/><D119/><U75/><E0/><V10/><F62/><W130/><G130/><T114/><D114/><U52/><E131/><V71/><F71/><W37/><G108/><T46/><D129/><U34/><E109/><V121/><F121/><W67/><G37/><T47/><D110/><U89/><E73/><V80/><F80/><W68/><G68/><T84/><D122/><U72/><E75/><V91/><F10/><W44/><G43/><T58/><D69/><U26/><E72/><V23/><F35/><W59/><G59/><T65/><D100/><U134/><E134/><V3/><F3/><W54/><G94/><T66/><REACH who="0" step="1"/><D58/><REACH who="0" ten="350,240,200,200" step="2"/><N who="1" m="35271" /><E34/><V19/><F126/><W113/><G113/><T16/><D16/><U116/><E116/><V60/><F19/><W135/><G135/><T95/><D95/><N who="1" m="56423" /><E81/><V87/><F93/><W33/><G92/><T11/><D11/><U32/><E32/><V8/><F127/><W115/><G33/><T2/><D2/><U6/><E89/><V42/><F91/><W132/><G115/><T98/><D98/><U76/><E76/><V40/><F8/><W106/><G132/><T57/><D57/><U53/><E51/><V38/><F97/><W48/><G103/><T17/><D17/><U55/><E49/><V128/><F128/><W9/><G106/><T50/><D50/><U30/><E30/><V125/><F28/><W112/><G112/><T133/><D133/><U102/><E102/><V77/><F125/><W120/><G120/><T24/><AGARI ba="2,1" hai="18,20,24,46,47,64,65,66,74,78,82,84,85,86" machi="24" ten="30,4000,0" yaku="1,1,5,1,0,1,53,0" doraHai="1" doraHaiUra="29" who="0" fromWho="0" sc="350,56,240,-22,200,-12,200,-12" />
</Scene>
<Scene>
<INIT seed="2,0,0,5,1,124" ten="406,218,188,188" oya="2" hai0="130,108,48,75,84,122,28,60,121,100,97,74,16" hai1="110,89,59,40,47,123,85,117,0,86,78,44,95" hai2="54,73,11,1,35,114,58,70,132,24,83,116,120" hai3="23,128,25,31,39,109,42,10,52,53,45,87,69"/><V92/><F120/><W8/><G69/><T61/><D28/><U131/><E117/><V33/><F116/><W119/><G119/><T98/><D84/><U93/><E0/><V57/><F114/><W126/><G126/><T133/><D48/><U102/><E123/><V115/><F70/><W2/><G109/><T68/><D68/><U107/><E110/><V66/><F115/><W41/><G41/><T96/><D96/><U22/><E131/><V99/><F132/><W101/><G101/><T106/><D100/><U80/><E107/><V112/><F112/><W9/><G2/><T20/><D20/><U29/><E40/><V46/><F46/><W43/><G43/><T79/><D79/><U19/><E29/><V36/><F36/><W26/><G128/><T91/><D106/><U38/><E38/><V125/><F125/><W113/><G113/><T104/><D104/><U103/><E103/><V118/><F118/><W17/><REACH who="3" step="1"/><G87/><REACH who="3" ten="406,218,188,178" step="2"/><T77/><D130/><U90/><E102/><V94/><F73/><W50/><G50/><T4/><D75/><U64/><E78/><V62/><F1/><W105/><G105/><T65/><D77/><U3/><E3/><V15/><F35/><AGARI ba="0,1" hai="8,9,10,17,23,25,26,31,35,39,42,45,52,53" machi="35" ten="40,2600,0" yaku="1,1,54,1,53,0" doraHai="124" doraHaiUra="111" who="3" fromWho="2" sc="406,0,218,0,188,-26,178,36" />
</Scene>
<Scene>
<INIT seed="3,0,0,3,4,6" ten="406,218,162,214" oya="3" hai0="133,115,116,128,75,127,25,100,18,111,78,24,22" hai1="47,90,81,4,37,41,120,10,65,134,50,107,15" hai2="66,98,70,36,63,0,48,26,103,93,84,99,19" hai3="23,39,129,46,102,132,53,16,69,57,30,43,11"/><W131/><G69/><T108/><D116/><U113/><E120/><V52/><F36/><W119/><G119/><T135/><D128/><N who="3" m="49225" /><G102/><T74/><D127/><U38/><E134/><N who="0" m="51209" /><D115/><U29/><E113/><V121/><F121/><W91/><G132/><T95/><D25/><U21/><E107/><V3/><F84/><W7/><G30/><T61/><D61/><U59/><E37/><V17/><F99/><W12/><G91/><T58/><D58/><U54/><E65/><V97/><F97/><W20/><G7/><T83/><D75/><U79/><E90/><V117/><F117/><W35/><G35/><T55/><D55/><U80/><E80/><V85/><F85/><W49/><AGARI ba="0,0" hai="11,12,16,20,23,39,43,46,49,53,57" m="49225" machi="49" ten="30,6000,0" yaku="19,1,52,1,54,1" doraHai="6" who="3" fromWho="3" sc="406,-20,218,-20,162,-20,214,60" />
</Scene>
<Scene>
<INIT seed="3,1,0,3,1,66" ten="386,198,142,274" oya="3" hai0="15,49,59,6,24,19,48,116,73,130,120,95,115" hai1="100,69,23,127,32,45,68,90,75,92,57,94,8" hai2="129,80,108,74,44,87,89,2,41,64,117,46,40" hai3="123,43,31,78,65,81,5,118,58,77,37,27,35"/><W126/><G118/><T113/><D120/><U76/><E32/><V111/><F117/><W36/><G123/><T82/><D116/><U125/><E100/><V112/><F112/><N who="0" m="43082" /><D130/><U12/><E23/><V21/><F129/><W38/><G126/><N who="1" m="48138" /><E94/><V22/><F2/><W30/><G30/><T56/><D95/><U14/><E57/><N who="0" m="22089" /><D24/><U63/><E63/><V1/><F64/><W26/><G26/><T99/><D99/><N who="1" m="57751" /><E45/><N who="2" m="17515" /><F74/><W114/><G114/><T29/><D29/><U55/><E55/><V128/><F1/><W0/><G43/><N who="2" m="16457" /><F128/><W101/><G101/><T97/><D97/><U131/><E131/><V98/><F98/><W107/><G107/><T88/><D73/><U134/><E12/><V42/><F42/><W109/><G81/><T104/><D104/><U91/><E134/><V67/><F67/><W7/><G0/><T121/><D82/><N who="1" m="45343" /><E91/><V25/><F25/><W102/><G102/><T70/><D88/><U60/><E60/><V124/><F124/><W133/><G133/><T52/><D15/><U3/><E3/><V71/><F89/><W10/><G78/><T105/><D105/><U33/><E33/><V47/><F47/><W54/><G77/><T50/><D50/><U110/><E110/><V85/><F111/><W72/><G109/><T53/><D49/><U122/><E122/><V51/><F108/><W93/><G93/><T9/><D48/><U20/><E20/><V83/><F51/><W13/><G13/><T28/><D28/><U11/><E11/><V103/><F22/><W119/><G119/><T61/><D9/><U135/><E135/><RYUUKYOKU ba="1,0" sc="386,-10,198,30,142,-10,274,-10" hai1="8,14,68,69" />
</Scene>
<Scene>
<INIT seed="4,2,0,5,4,44" ten="376,228,132,264" oya="0" hai0="69,77,45,130,33,12,120,78,129,46,67,65,111" hai1="60,97,70,21,92,29,3,122,133,58,37,125,18" hai2="6,20,53,9,25,118,91,7,15,32,40,48,89" hai3="64,17,84,14,10,106,26,34,2,8,66,62,100"/><T42/><D120/><U85/><E122/><V82/><F118/><W22/><G10/><T113/><D33/><U95/><E3/><V73/><F32/><W96/><G84/><T132/><D113/><U117/><E37/><V93/><F73/><W119/><G119/><T88/><D132/><U47/><E117/><V4/><F40/><W72/><G72/><T99/><D111/><U24/><E70/><V35/><F35/><W50/><G50/><N who="0" m="26935" /><D46/><U109/><E125/><V90/><F82/><W39/><G39/><T52/><D52/><N who="1" m="33863" /><E133/><V121/><F93/><W108/><G108/><T1/><D1/><U115/><E115/><V114/><F121/><W107/><G107/><T126/><D126/><U0/><E0/><V13/><F114/><W87/><G87/><T103/><D103/><N who="1" m="60839" /><E47/><V51/><F9/><W94/><G94/><N who="0" m="56775" /><D69/><U27/><E109/><V57/><REACH who="2" step="1"/><F51/><REACH who="2" ten="376,228,122,264" step="2"/><W55/><G34/><T5/><D129/><U59/><E95/><V54/><F54/><W11/><G11/><N who="0" m="4207" /><D130/><U105/><E105/><V127/><F127/><W38/><G2/><T134/><D134/><U81/><E85/><V63/><F63/><W76/><G38/><T79/><AGARI ba="2,1" hai="65,67,77,78,79" m="4207,56775,26935" machi="79" ten="30,6000,0" yaku="8,1,52,1,54,1" doraHai="44" who="0" fromWho="0" sc="376,76,228,-22,122,-22,264,-22" />
</Scene>
<Scene>
<INIT seed="4,3,0,0,3,56" ten="452,206,100,242" oya="0" hai0="29,17,7,12,34,128,59,62,83,32,31,37,33" hai1="126,26,116,104,100,120,48,6,67,76,112,43,27" hai2="28,9,93,77,91,132,107,50,44,81,64,114,131" hai3="101,130,24,135,8,124,25,47,121,95,60,115,55"/><T14/><D128/><U108/><E108/><V58/><F107/><W13/><G121/><T66/><D37/><U11/><E116/><V134/><F131/><W41/><G130/><T103/><D103/><U75/><E120/><V113/><F28/><W89/><G135/><N who="2" m="51753" /><F9/><W16/><G101/><T65/><D65/><U38/><E126/><V80/><F58/><N who="3" m="34911" /><G124/><T102/><D102/><U85/><E112/><N who="2" m="43115" /><F64/><W15/><G115/><T51/><D31/><U123/><E123/><V90/><F50/><N who="3" m="26991" /><G13/><T122/><D14/><U36/><E67/><V109/><F44/><W54/><G54/><T40/><D66/><U69/><E43/><V30/><F30/><W18/><G18/><T117/><D17/><U111/><E104/><V10/><F10/><W49/><G49/><T106/><D51/><U1/><E48/><V5/><F5/><W99/><AGARI ba="3,0" hai="8,15,16,24,25,89,95,99" m="26991,34911" machi="99" ten="30,4000,0" yaku="8,1,52,1,54,1" doraHai="56" who="3" fromWho="3" sc="452,-23,206,-13,100,-13,242,49" />
</Scene>
<Scene>
<INIT seed="5,0,0,2,1,8" ten="429,193,87,291" oya="1" hai0="111,81,22,35,76,71,64,125,51,100,66,122,48" hai1="114,65,105,69,50,44,32,85,83,126,110,61,72" hai2="45,9,86,30,135,130,93,87,96,73,7,132,104" hai3="17,95,26,41,79,115,52,133,40,60,42,80,57"/><U18/><E114/><V5/><F73/><W19/><G115/><T97/><D111/><U106/><E110/><V20/><F104/><W99/><G133/><N who="2" m="51273" /><F130/><W120/><G120/><T89/><D35/><U21/><E32/><V56/><F45/><W63/><G63/><T84/><D125/><U88/><E72/><V10/><F56/><W82/><G79/><T74/><D122/><U16/><E126/><V4/><F30/><W25/><G25/><T58/><D71/><U134/><E134/><V39/><F20/><N who="3" m="13583" /><G19/><T2/><D2/><U53/><REACH who="1" step="1"/><E18/><REACH who="1" ten="429,183,87,291" step="2"/><V47/><F39/><W129/><G129/><T59/><D74/><U131/><E131/><V98/><F47/><W75/><G75/><T103/><D66/><U62/><E62/><V49/><F49/><W67/><G67/><T0/><D64/><U92/><E92/><V27/><F93/><W128/><G128/><T117/><D51/><U11/><E11/><N who="2" m="4107" /><F27/><AGARI ba="0,1" hai="16,21,27,44,50,53,61,65,69,83,85,88,105,106" machi="27" ten="30,11600,0" yaku="1,1,7,1,54,2,53,0" doraHai="8" doraHaiUra="124" who="1" fromWho="2" sc="429,0,183,126,87,-116,291,0" owari="429,53.0,309,11.0,-29,-53.0,291,-11.0" />
</Scene>
</mjloggm>