<mjloggm ver="2.3"><GO type="169" lobby="0"/><UN n0="%E3%83%AA%E3%83%84%E3%83%9F%E3%82%B5%E3%83%B3" n1="%73%69%67%65%6E%6F%72%69" n2="%E3%81%AF%E3%82%86%E3%81%86" n3="%41%53%41%50%49%4E" dan="18,16,16,19" rate="2175.27,2108.79,2071.20,2301.89" sx="M,M,M,M"/><TAIKYOKU oya="0"/>

<Scene>
<INIT seed="0,0,0,5,5,36" ten="250,250,250,250" oya="0" hai0="125,116,48,100,11,26,131,132,76,95,60,51,74" hai1="22,31,80,133,4,24,32,90,134,105,33,85,42" hai2="81,29,2,110,16,50,71,75,123,106,62,53,59" hai3="126,13,63,92,47,86,19,25,73,23,7,107,115"/><T20/><D116/><U17/><E105/><V109/><F123/><W34/><G115/><T121/><D121/><U97/><E4/><V18/><F106/><W5/><G107/><T43/><D125/><U49/><E97/><V102/><F102/><W30/><G73/><T69/><D131/><U82/><E82/><V128/><F2/><W64/><G126/><T39/><D132/><N who="1" m="50795" /><E31/><V0/><F0/><W88/><REACH who="3" step="1"/><G47/><AGARI ba="0,0" hai="17,22,24,32,33,42,47,49,80,85,90" m="50795" machi="47" ten="30,2000,0" yaku="20,1,52,1" doraHai="36" who="1" fromWho="3" sc="250,0,250,20,250,0,250,-20" />
</Scene>
<Scene>
<INIT seed="1,0,0,2,0,4" ten="250,270,250,230" oya="1" hai0="96,108,77,87,80,40,13,89,23,110,130,20,83" hai1="123,99,69,65,64,41,29,46,66,0,61,117,126" hai2="94,86,134,121,73,39,10,115,26,113,59,60,95" hai3="57,11,53,49,105,128,131,34,114,62,84,16,90"/><U71/><E117/><V102/><F121/><W58/><G34/><T88/><D130/><N who="3" m="49705" /><G105/><T68/><D68/><U91/><E123/><V97/><F73/><W103/><G103/><T122/><D122/><U100/><E0/><V76/><F39/><W44/><G62/><T120/><D120/><U18/><E29/><V75/><F75/><W101/><G101/><T43/><D96/><U98/><E126/><V7/><F134/><W3/><G3/><T112/><D112/><U70/><E18/><V129/><F129/><W54/><G54/><T50/><D50/><U28/><E28/><V52/><F26/><W133/><G133/><T47/><D47/><U45/><E61/><V22/><F22/><W63/><G63/><T17/><D23/><U72/><E72/><V24/><F24/><W32/><G32/><T38/><D38/><U106/><REACH who="1" step="1"/><E41/><REACH who="1" ten="250,260,250,230" step="2"/><V27/><F115/><W79/><G114/><T15/><D40/><U6/><E6/><V21/><F113/><W67/><G67/><T25/><D43/><U132/><E132/><V74/><F74/><W14/><G79/><T5/><D77/><U116/><E116/><V56/><F76/><W104/><G104/><T85/><REACH who="0" step="1"/><D5/><REACH who="0" ten="240,260,250,230" step="2"/><U33/><E33/><V30/><F7/><W135/><G135/><T9/><D9/><U8/><E8/><V109/><F10/><W31/><G31/><T51/><D51/><U78/><E78/><V19/><F60/><W118/><G118/><T119/><D119/><U36/><E36/><V35/><F35/><W92/><AGARI ba="0,2" hai="11,14,16,44,49,53,57,58,84,90,92" m="49705" machi="92" ten="30,4000,0" yaku="19,1,52,1,54,1" doraHai="4" who="3" fromWho="3" sc="240,-10,260,-20,250,-10,230,60" />
</Scene>
<Scene>
<INIT seed="2,0,0,1,0,116" ten="230,240,240,290" oya="2" hai0="61,90,112,29,110,83,119,70,125,38,96,19,58" hai1="92,128,40,113,33,124,77,35,86,123,132,65,31" hai2="120,89,131,50,68,28,103,101,1,17,9,18,88" hai3="46,78,79,54,25,57,126,130,60,41,3,14,53"/><V121/><F68/><W122/><G3/><T72/><D38/><U5/><E113/><V115/><F115/><W16/><G130/><T8/><D70/><U114/><E114/><V23/><F131/><W2/><G2/><T80/><D112/><U63/><E5/><V24/><F50/><W107/><G107/><T64/><D125/><U84/><E128/><V91/><F1/><W12/><G122/><T87/><D110/><U22/><E40/><V6/><F6/><W104/><G104/><T44/><D29/><U98/><E124/><V69/><F69/><W99/><G126/><T73/><D119/><U56/><E132/><V55/><F55/><W0/><G0/><T43/><D83/><N who="1" m="47215" /><E86/><V67/><F67/><W74/><G54/><T32/><D32/><U127/><E127/><V129/><F129/><W30/><G14/><T71/><D71/><U76/><E76/><V105/><F9/><W52/><G53/><T34/><D34/><U48/><E48/><V20/><F28/><W7/><G7/><T106/><D8/><U11/><E11/><V95/><F105/><W4/><G4/><T82/><D19/><U109/><E109/><V94/><F89/><W100/><G74/><T108/><D108/><U49/><E49/><V81/><F81/><W51/><G30/><T42/><D80/><U134/><E134/><V10/><F10/><N who="3" m="6167" /><G79/><T47/><D42/><U39/><E39/><V117/><F117/><W85/><G78/><T62/><D43/><U118/><E118/><V102/><F102/><W111/><G111/><T36/><D73/><U13/><E31/><RYUUKYOKU ba="0,0" sc="230,-10,240,-10,240,30,290,-10" hai2="17,18,20,23,24,88,91,94,95,101,103,120,121" />
</Scene>
<Scene>
<INIT seed="2,1,0,3,2,126" ten="220,230,270,280" oya="2" hai0="18,85,40,96,23,67,21,83,89,71,132,8,109" hai1="48,64,42,90,35,114,12,1,111,133,27,38,56" hai2="46,10,45,62,70,116,2,91,107,118,120,121,19" hai3="3,16,81,41,95,30,43,100,79,74,24,130,14"/><V94/><F107/><W84/><G3/><T112/><D112/><U17/><E1/><V60/><F2/><W58/><G130/><T33/><D33/><U88/><E114/><V134/><F10/><W4/><G4/><T53/><D40/><U29/><E111/><V65/><F19/><W47/><G58/><T32/><D109/><U119/><E119/><N who="2" m="45611" /><F91/><W51/><G41/><T135/><D32/><U44/><E133/><V9/><F9/><W15/><G74/><T106/><D8/><U11/><REACH who="1" step="1"/><E48/><REACH who="1" ten="220,220,270,280" step="2"/><V20/><F134/><W68/><G51/><T34/><D135/><U131/><E131/><V61/><F120/><W25/><G25/><T82/><D132/><U86/><E86/><V76/><F121/><W52/><G24/><T99/><D85/><U28/><E28/><V117/><F117/><W13/><G30/><T66/><D96/><U98/><E98/><V69/><F69/><W80/><G68/><T6/><D99/><U124/><E124/><V50/><F50/><W108/><G108/><T102/><D71/><U55/><E55/><V105/><F70/><W87/><G87/><T73/><D53/><U36/><E36/><V57/><F65/><W115/><G84/><T122/><D67/><U125/><E125/><V5/><F62/><AGARI ba="1,1" hai="11,12,17,27,29,35,38,42,44,56,62,64,88,90" machi="62" ten="40,5200,0" yaku="1,1,54,1,53,1" doraHai="126" doraHaiUra="22" who="1" fromWho="2" sc="220,0,220,65,270,-55,280,0" />
</Scene>
<Scene>
<INIT seed="3,0,0,3,2,79" ten="220,285,215,280" oya="3" hai0="8,88,6,7,68,100,106,48,84,47,40,66,76" hai1="81,63,23,64,15,46,4,135,29,28,62,117,65" hai2="27,116,45,21,127,31,122,83,1,107,57,86,36" hai3="123,20,94,49,96,10,115,124,99,126,93,97,102"/><W58/><G115/><T2/><D6/><U5/><E135/><V111/><F122/><W50/><G123/><T82/><D106/><U129/><E129/><V92/><F111/><W12/><G20/><T26/><D100/><U53/><E117/><V105/><F127/><N who="3" m="48683" /><G58/><T16/><D68/><U72/><E72/><V130/><F130/><W104/><G104/><T34/><D66/><N who="1" m="25707" /><E81/><V19/><F1/><W37/><G37/><T118/><D118/><U70/><E70/><V67/><F116/><W113/><G113/><T120/><D120/><U60/><E23/><V18/><F92/><N who="3" m="35435" /><G102/><T85/><D34/><U43/><E43/><V32/><F36/><W103/><G103/><T80/><REACH who="0" step="1"/><D26/><REACH who="0" ten="210,285,215,280" step="2"/><U61/><E5/><AGARI ba="0,1" hai="5,10,12,49,50,96,97,99" m="35435,48683" machi="5" ten="30,1500,0" yaku="18,1" doraHai="79" who="3" fromWho="1" sc="210,0,285,-15,215,0,280,25" />
</Scene>
<Scene>
<INIT seed="3,1,0,5,2,11" ten="210,270,215,305" oya="3" hai0="3,94,61,15,102,134,9,71,6,135,10,114,118" hai1="112,85,131,93,60,87,41,76,132,81,26,53,84" hai2="57,46,32,95,27,37,63,101,117,124,23,18,77" hai3="24,47,92,54,30,36,1,110,73,115,40,68,116"/><W17/><G115/><T86/><D118/><U121/><E112/><V20/><F124/><W72/><G116/><T125/><D114/><U79/><E121/><V49/><F117/><W129/><G1/><T126/><D102/><U39/><E131/><V34/><F37/><W25/><G129/><T31/><D94/><U120/><E120/><V59/><F77/><W7/><G7/><T122/><D86/><U62/><E132/><N who="0" m="50729" /><D122/><U100/><E39/><V130/><F130/><W0/><G0/><T42/><D42/><U119/><E41/><V127/><F127/><N who="0" m="48650" /><D61/><U8/><E119/><V83/><F83/><W89/><G92/><T14/><D71/><U70/><E70/><V108/><F108/><W12/><G110/><T45/><D45/><U52/><E100/><V64/><F101/><W111/><G68/><T21/><D9/><U99/><E8/><V5/><F95/><W55/><G111/><T109/><D109/><U98/><E93/><V66/><F66/><W56/><G47/><T97/><D97/><U67/><E67/><V28/><F59/><W13/><G56/><T2/><D2/><U105/><E105/><V75/><F75/><W78/><G72/><T16/><D31/><U43/><E43/><V82/><F82/><W51/><G30/><T128/><D128/><U113/><E113/><V44/><F44/><W69/><G69/><T22/><D22/><U4/><E84/><V96/><F96/><W19/><G73/><T58/><D58/><U91/><E81/><V35/><F46/><W50/><G36/><T74/><D74/><U90/><E85/><RYUUKYOKU ba="1,0" sc="210,30,270,-10,215,-10,305,-10" hai0="3,6,10,14,15,16,21" />
</Scene>
<Scene>
<INIT seed="4,2,0,1,0,22" ten="240,260,205,295" oya="0" hai0="133,13,1,29,106,85,105,41,3,102,84,38,80" hai1="54,97,115,0,19,88,118,124,45,61,24,96,28" hai2="2,5,114,107,72,63,36,55,110,130,120,93,65" hai3="50,128,119,77,109,52,23,91,76,62,10,69,92"/><T98/><D133/><U35/><E118/><V31/><F55/><W40/><G119/><T25/><D106/><U100/><E0/><V108/><F93/><W59/><G109/><T51/><D38/><U56/><E124/><V123/><F31/><W86/><G128/><T11/><D41/><U39/><E115/><V58/><F5/><W26/><G10/><T111/><D51/><U99/><E19/><V16/><F16/><N who="3" m="12647" /><G69/><T43/><D43/><U20/><E35/><V94/><F94/><W57/><G40/><T21/><D111/><U34/><E34/><V135/><F58/><W18/><G18/><T53/><D53/><AGARI ba="2,0" hai="50,52,53,57,59,62,76,77,86,91,92" m="12647" machi="53" ten="30,7700,0" yaku="8,1,52,1,54,2" doraHai="22" who="3" fromWho="0" sc="240,-83,260,0,205,0,295,83" />
</Scene>
<Scene>
<INIT seed="5,0,0,3,5,29" ten="157,260,205,378" oya="1" hai0="130,105,135,129,103,126,69,34,131,49,83,4,33" hai1="77,60,113,22,84,110,133,99,111,9,26,56,96" hai2="51,68,8,134,97,53,79,90,6,64,67,38,55" hai3="101,87,46,115,37,31,47,25,44,59,132,74,54"/><U75/><E75/><V45/><F134/><W125/><G74/><T1/><D69/><U121/><E121/><V52/><F38/><W102/><G132/><T50/><D135/><U72/><E72/><V94/><F79/><W0/><G0/><T48/><D126/><U11/><E133/><V65/><REACH who="2" step="1"/><F68/><REACH who="2" ten="157,260,195,378" step="2"/><W32/><G37/><T112/><D112/><U82/><E111/><V95/><F95/><W58/><G115/><T108/><D108/><U30/><E113/><V91/><F91/><W88/><G125/><T73/><D105/><U61/><E110/><V36/><F36/><W24/><G88/><T71/><D71/><U12/><E61/><V10/><F10/><W19/><G101/><T18/><D103/><U28/><E11/><V40/><F40/><W17/><G102/><T62/><D1/><AGARI ba="0,1" hai="1,6,8,45,51,52,53,55,64,65,67,90,94,97" machi="1" ten="40,5200,0" yaku="1,1,54,1,53,1" doraHai="29" doraHaiUra="5" who="2" fromWho="0" sc="157,-52,260,0,195,62,378,0" />
</Scene>
<Scene>
<INIT seed="6,0,0,1,3,12" ten="105,260,257,378" oya="2" hai0="132,75,68,41,59,71,83,27,111,31,64,94,56" hai1="9,37,36,119,10,65,61,69,13,1,20,17,104" hai2="62,23,103,123,29,74,113,85,18,38,34,7,118" hai3="130,114,120,60,66,58,101,4,48,77,96,2,45"/><V30/><F118/><W84/><G120/><T134/><D111/><U32/><E119/><V52/><F123/><W95/><G114/><T25/><D75/><U105/><E32/><V51/><F38/><W47/><G130/><T6/><D83/><U53/><E9/><V99/><F74/><W3/><G4/><T28/><D6/><U24/><E1/><V90/><F113/><W102/><G47/><T92/><D41/><U124/><E124/><V22/><F34/><W98/><G84/><T39/><D64/><U21/><E21/><V16/><F62/><W135/><G77/><T78/><D78/><U107/><REACH who="1" step="1"/><E53/><REACH who="1" ten="105,250,257,378" step="2"/><V122/><F122/><W8/><G8/><T93/><D39/><U63/><E63/><V33/><F33/><W46/><G60/><T108/><D108/><U76/><E76/><V128/><F128/><W50/><G2/><T19/><REACH who="0" step="1"/><D92/><REACH who="0" ten="95,250,257,378" step="2"/><U70/><E70/><V133/><F7/><AGARI ba="0,2" hai="7,10,13,17,20,24,36,37,61,65,69,104,105,107" machi="7" ten="40,5200,0" yaku="1,1,52,1,53,1" doraHai="12" doraHaiUra="67" who="1" fromWho="2" sc="95,0,250,72,257,-52,378,0" />
</Scene>
<Scene>
<INIT seed="7,0,0,0,1,86" ten="95,322,205,378" oya="3" hai0="18,88,8,78,109,57,98,15,100,93,58,75,52" hai1="62,116,3,65,128,85,59,110,125,50,74,49,80" hai2="103,61,131,91,5,31,24,35,77,92,130,135,122" hai3="73,53,36,56,64,123,51,120,132,96,69,42,84"/><W34/><G73/><T82/><D109/><U23/><E110/><V94/><F122/><W104/><G34/><T1/><D1/><U14/><E3/><V101/><F135/><W68/><G132/><T118/><D118/><U44/><E116/><V27/><F77/><W54/><G84/><T46/><D46/><U7/><E74/><V48/><F5/><W38/><G96/><T102/><REACH who="0" step="1"/><D58/><REACH who="0" ten="85,322,205,378" step="2"/><U63/><E125/><V126/><F126/><W127/><G56/><T117/><D117/><U11/><E128/><V133/><F130/><W119/><G119/><T97/><D97/><U72/><E72/><V105/><F131/><W29/><G127/><T12/><D12/><U99/><E99/><V60/><F133/><W87/><G123/><T121/><D121/><U40/><E63/><AGARI ba="0,1" hai="8,15,18,52,57,63,75,78,82,88,93,98,100,102" machi="63" ten="30,12000,2" yaku="1,1,7,1,52,1,54,2,53,1" doraHai="86" doraHaiUra="79" who="0" fromWho="1" sc="85,130,322,-120,205,0,378,0" owari="215,2.0,202,-30.0,205,-19.0,378,47.0" />
</Scene>
</mjloggm>