<mjloggm ver="2.3"><GO type="169" lobby="0"/><UN n0="%41%53%41%50%49%4E" n1="%E3%81%B5%E3%81%8B%E3%81%BF" n2="%E3%81%84%E3%81%AC%E3%81%98%E3%82%83%E3%82%89%E3%81%97" n3="%73%61%77%6C%79" dan="19,17,17,17" rate="2221,2159,2191,2181" sx="M,F,M,M"/><TAIKYOKU oya="0"/>

<Scene>
<INIT seed="0,0,0,1,3,125" ten="250,250,250,250" oya="0" hai0="129,122,99,4,44,40,93,51,110,52,87,16,131" hai1="10,30,115,89,24,49,14,105,92,95,21,31,101" hai2="124,62,8,65,47,82,103,26,34,83,58,130,109" hai3="118,91,114,111,127,96,97,63,88,74,11,60,18"/><T73/><BYE who="3" /><D122/><U133/><E133/><V2/><F109/><W6/><G6/><T134/><D73/><U107/><E115/><V25/><F124/><W17/><G17/><T123/><D123/><U46/><E107/><V86/><F103/><W15/><G15/><T135/><D110/><U116/><E105/><V106/><F106/><W98/><G98/><T80/><D4/><N who="1" m="3399" /><E116/><V9/><F130/><N who="0" m="49674" /><D40/><N who="1" m="24775" /><E101/><V81/><F9/><W59/><G59/><T56/><D56/><U50/><E50/><V3/><F8/><W94/><G94/><N who="1" m="35882" /><E89/><V128/><F83/><W12/><G12/><T85/><D16/><AGARI ba="0,0" hai="16,21,24,30,31" m="35882,24775,3399" machi="16" ten="30,2000,0" yaku="8,1,54,1" doraHai="125" who="1" fromWho="0" sc="250,-20,250,20,250,0,250,0" /><UN n3="%73%61%77%6C%79" />
</Scene>
<Scene>
<INIT seed="1,0,0,2,3,129" ten="230,270,250,250" oya="1" hai0="1,73,80,64,94,60,28,27,48,77,58,120,115" hai1="122,96,89,0,131,39,111,119,101,71,33,133,123" hai2="128,51,127,24,116,3,23,40,52,46,103,100,61" hai3="36,78,16,112,9,74,114,25,93,75,29,104,86"/><U6/><RYUUKYOKU type="yao9" ba="0,0" sc="230,0,270,0,250,0,250,0" hai1="0,6,33,39,71,89,96,101,111,119,122,123,131,133" />
</Scene>
<Scene>
<INIT seed="1,1,0,0,0,90" ten="230,270,250,250" oya="1" hai0="26,120,58,134,103,109,131,45,51,38,8,21,75" hai1="69,97,67,124,50,82,16,93,19,49,98,127,86" hai2="3,79,96,7,84,125,12,108,53,92,35,111,33" hai3="56,24,30,11,135,55,94,114,43,48,99,36,39"/><U44/><E69/><V66/><F3/><W129/><G135/><T28/><D75/><U123/><E67/><V61/><F125/><N who="1" m="48201" /><E123/><V73/><F73/><W113/><G129/><T0/><D131/><U100/><E98/><V115/><F115/><W68/><G68/><T116/><D116/><U34/><E34/><V95/><F53/><W133/><G133/><T105/><D134/><U104/><E104/><V101/><F12/><W62/><G11/><T87/><D120/><U70/><E70/><N who="2" m="42319" /><F79/><W40/><G39/><T10/><D105/><U91/><E50/><V88/><F7/><W6/><G6/><T71/><D71/><U119/><E119/><V41/><F41/><AGARI ba="1,0" hai="16,19,41,44,49,82,86,91,93,97,100" m="48201" machi="41" ten="30,5800,0" yaku="18,1,52,1,54,1" doraHai="90" who="1" fromWho="2" sc="230,0,270,61,250,-61,250,0" />
</Scene>
<Scene>
<INIT seed="1,2,0,3,3,125" ten="230,331,189,250" oya="1" hai0="94,80,95,96,64,69,118,93,18,129,111,114,66" hai1="51,120,22,72,10,82,17,68,12,119,132,124,62" hai2="113,8,1,76,97,16,106,54,81,75,117,15,55" hai3="130,27,134,53,40,91,109,87,52,0,9,3,29"/><U56/><E119/><V65/><F117/><W34/><G109/><T41/><D118/><U110/><E120/><V36/><F113/><W47/><G134/><T14/><D114/><U26/><E132/><V92/><F106/><W85/><G130/><T135/><D135/><U59/><E124/><V116/><F116/><W24/><G3/><T112/><D112/><U11/><E68/><V123/><F123/><W44/><G0/><T122/><D122/><U13/><E110/><V128/><F128/><W71/><G71/><T6/><D111/><U67/><E72/><V19/><F1/><W45/><G40/><T30/><D129/><U107/><E107/><V90/><F36/><W57/><G9/><N who="1" m="3082" /><E82/><V49/><F65/><W37/><G37/><T21/><D6/><U70/><E70/><V33/><F33/><W28/><G57/><T23/><D69/><U7/><E7/><V133/><F133/><W38/><G38/><T131/><D131/><U48/><E59/><V101/><F49/><AGARI ba="2,0" hai="12,13,17,22,26,48,49,51,56,62,67" m="3082" machi="49" ten="30,1500,0" yaku="8,1" doraHai="125" who="1" fromWho="2" sc="230,0,331,21,189,-21,250,0" />
</Scene>
<Scene>
<INIT seed="1,3,0,5,2,84" ten="230,352,168,250" oya="1" hai0="126,39,134,88,80,86,78,61,53,17,119,51,60" hai1="37,62,81,56,70,130,120,133,22,105,46,57,50" hai2="12,1,15,74,31,45,71,68,38,93,118,2,113" hai3="27,58,101,18,24,10,47,99,97,48,30,129,132"/><U114/><E105/><V5/><F118/><W11/><G129/><T117/><D39/><U35/><E35/><V128/><F74/><W52/><G132/><T43/><D43/><N who="1" m="22895" /><E22/><V25/><F128/><W54/><G99/><T116/><D126/><U98/><E130/><V3/><F113/><W96/><G97/><T107/><D107/><U8/><E8/><V9/><F15/><W104/><G18/><T49/><D134/><U14/><E14/><V100/><F100/><W29/><G29/><T67/><D17/><U115/><E120/><V32/><REACH who="2" step="1"/><F93/><REACH who="2" ten="230,352,158,250" step="2"/><W109/><G109/><T135/><D135/><U122/><E133/><V77/><F77/><W19/><G27/><T63/><D67/><U94/><E115/><V124/><F124/><W127/><G127/><T73/><REACH who="0" step="1"/><D53/><REACH who="0" ten="220,352,158,250" step="2"/><U23/><E114/><V4/><F4/><W79/><G54/><T6/><D6/><U41/><E122/><V20/><F20/><W112/><G52/><T106/><D106/><U121/><E23/><V76/><F76/><W59/><G79/><T16/><D16/><U90/><E121/><V87/><F87/><W102/><G104/><T44/><D44/><U125/><E125/><V75/><F75/><W83/><G47/><T65/><D65/><U13/><E98/><V33/><F33/><W92/><G96/><T89/><D89/><U28/><E90/><V103/><F103/><W26/><G102/><T64/><D64/><U91/><E91/><V111/><F111/><W85/><G101/><T108/><D108/><U55/><E55/><V82/><F82/><AGARI ba="3,2" hai="49,51,60,61,63,73,78,80,82,86,88,116,117,119" machi="82" ten="50,6400,0" yaku="1,1,52,1,54,1,53,0" doraHai="84" doraHaiUra="0" who="0" fromWho="2" sc="220,93,352,0,158,-73,250,0" />
</Scene>
<Scene>
<INIT seed="2,0,0,4,4,70" ten="313,352,85,250" oya="2" hai0="117,6,72,48,128,9,126,83,76,18,118,12,95" hai1="22,2,65,28,93,111,112,62,85,88,115,121,84" hai2="32,106,102,14,43,132,60,36,133,19,26,61,0" hai3="33,129,49,80,29,100,27,116,77,99,16,35,105"/><V120/><F120/><W68/><G129/><T17/><D128/><U57/><E2/><V67/><F0/><W52/><G116/><N who="0" m="44651" /><D126/><U34/><E34/><V109/><F109/><W13/><G68/><T127/><D127/><U81/><E111/><V131/><F131/><W130/><G130/><T74/><D74/><U56/><E121/><V108/><F108/><W101/><G35/><T3/><D3/><U46/><E46/><N who="2" m="23911" /><F67/><W42/><G42/><T47/><D95/><U38/><E38/><V45/><F45/><W73/><G101/><T50/><D50/><U30/><E56/><V37/><F37/><W55/><REACH who="3" step="1"/><G49/><REACH who="3" ten="313,352,85,240" step="2"/><T107/><D107/><U96/><E115/><V1/><F106/><W20/><AGARI ba="0,1" hai="13,16,20,27,29,33,52,55,73,77,80,99,100,105" machi="20" ten="20,12000,2" yaku="1,1,2,1,0,1,7,1,54,2,53,0" doraHai="70" doraHaiUra="87" who="3" fromWho="3" sc="313,-30,352,-30,85,-60,240,130" />
</Scene>
<Scene>
<INIT seed="3,0,0,0,1,80" ten="283,322,25,370" oya="3" hai0="12,50,76,26,129,96,90,123,13,128,46,91,34" hai1="21,37,48,60,116,72,56,126,39,38,86,9,103" hai2="135,10,124,49,122,92,75,70,33,130,63,35,57" hai3="68,88,69,3,87,19,15,83,125,36,101,32,115"/><W99/><G115/><T85/><D123/><U4/><E72/><V66/><F122/><W58/><G125/><T45/><D76/><U61/><E126/><V25/><F124/><W132/><G132/><T106/><D34/><U78/><E103/><V121/><F121/><W7/><G32/><T110/><D26/><U98/><E98/><V77/><F135/><W11/><G36/><T5/><D110/><U51/><E21/><V73/><F130/><N who="0" m="50282" /><D5/><U111/><E111/><V118/><F118/><W131/><G58/><T119/><D119/><U97/><E97/><V127/><F127/><W24/><G24/><T8/><D8/><U117/><E61/><V105/><F105/><W55/><G55/><T102/><D91/><U79/><E117/><V89/><F10/><W6/><G131/><T41/><D45/><U133/><E133/><V28/><F77/><W2/><G7/><T59/><D59/><U95/><E116/><V112/><F112/><W18/><G2/><T44/><D44/><U23/><E23/><V81/><F81/><AGARI ba="0,0" hai="12,13,41,46,50,81,85,90,96,102,106" m="50282" machi="81" ten="30,2000,0" yaku="19,1,52,1" doraHai="80" who="0" fromWho="2" sc="283,20,322,0,25,-20,370,0" />
</Scene>
<Scene>
<INIT seed="4,0,0,3,5,134" ten="303,322,5,370" oya="0" hai0="70,108,23,55,86,6,29,61,28,21,17,131,75" hai1="41,0,18,39,1,63,125,115,71,4,12,36,67" hai2="82,33,95,53,117,89,25,130,88,5,45,15,48" hai3="10,9,129,58,60,84,49,31,87,105,77,109,85"/><T73/><D131/><U13/><E115/><V126/><F117/><W51/><G109/><T64/><D108/><U116/><E116/><V83/><F130/><W22/><G105/><T72/><D6/><U62/><E4/><V50/><F33/><W19/><G31/><T92/><D23/><U46/><E36/><V65/><F65/><W121/><G77/><T94/><D55/><U14/><E18/><V91/><F25/><W11/><G129/><T2/><D2/><U32/><E32/><V74/><F74/><W40/><G121/><T7/><D7/><U44/><E44/><N who="2" m="27783" /><F95/><W54/><REACH who="3" step="1"/><G40/><REACH who="3" ten="303,322,5,360" step="2"/><T34/><D34/><U90/><E41/><N who="2" m="24879" /><F126/><W119/><G119/><T80/><D29/><U78/><E125/><V107/><F107/><W59/><G59/><T52/><D28/><U35/><E35/><V101/><F101/><W112/><G112/><T42/><D42/><U113/><E113/><V37/><F37/><W114/><G114/><T128/><D128/><U103/><E39/><V76/><F76/><W106/><G106/><T123/><D123/><U98/><E78/><V132/><F132/><W66/><G66/><T110/><D110/><U111/><E103/><V122/><F122/><W79/><G79/><N who="0" m="46367" /><D52/><U120/><E111/><V69/><F69/><W96/><G96/><T20/><D17/><U57/><E120/><V127/><F127/><W133/><G133/><T47/><D47/><U38/><E46/><V16/><F5/><W124/><G124/><T97/><D97/><U24/><E38/><V43/><F43/><W68/><G68/><T93/><AGARI ba="0,1" hai="20,21,61,64,70,72,73,75,92,93,94" m="46367" machi="93" ten="40,2100,0" yaku="5,1" doraHai="134" who="0" fromWho="0" sc="303,31,322,-7,5,-7,360,-7" owari="334,13.0,315,-8.0,-2,-50.0,353,45.0" />
</Scene>
</mjloggm>