<mjloggm ver="2.3"><GO type="169"/><UN n0="%41%53%41%50%49%4E" n1="%E7%AB%8B%E8%8F%AF%E5%A5%8F" n2="%E3%81%A9%E3%82%80%E3%81%93" n3="%E2%84%83%2D%75%74%65" dan="19,16,17,16" rate="2199,2111,2153,2073" sx="M,F,M,M"/><TAIKYOKU oya="0"/>

<Scene>
<INIT seed="0,0,0,1,2,133" ten="250,250,250,250" oya="0" hai0="114,11,75,79,93,82,41,22,104,67,3,69,62" hai1="65,51,46,28,48,120,35,49,21,26,134,61,1" hai2="15,36,103,52,9,55,108,45,119,131,64,23,106" hai3="84,13,14,2,4,99,66,58,128,98,47,8,125"/><T34/><D114/><U43/><E120/><V87/><F119/><W44/><G128/><T25/><D41/><U72/><E134/><V68/><F131/><W97/><G2/><T10/><D104/><U129/><E1/><V56/><F108/><W39/><G39/><T63/><D34/><U17/><E129/><V117/><F117/><W40/><G40/><T32/><D32/><U27/><REACH who="1" step="1"/><E72/><REACH who="1" ten="250,240,250,250" step="2"/><V105/><F105/><W76/><G13/><T118/><D3/><U53/><E53/><V91/><F55/><W20/><G14/><T70/><D118/><U83/><E83/><V113/><F15/><W88/><G66/><T80/><D80/><U30/><E30/><V116/><F64/><W121/><G121/><T110/><D110/><U42/><E42/><V126/><F52/><W85/><G47/><T112/><D112/><U5/><E5/><V54/><F54/><W115/><G4/><T124/><D67/><U33/><E33/><V94/><F106/><W102/><G44/><T71/><D93/><U7/><E7/><V73/><F94/><W96/><G115/><T109/><D109/><U31/><E31/><V81/><F45/><W38/><G38/><T57/><D82/><U16/><E16/><V122/><F36/><W59/><G102/><T132/><D75/><U89/><E89/><V100/><F113/><W29/><G88/><T111/><D111/><U123/><E123/><V92/><F122/><W135/><G135/><T77/><D132/><U86/><E86/><V74/><F73/><W101/><N who="3" m="24576" /><DORA hai="12" /><W18/><G101/><T127/><D77/><RYUUKYOKU ba="0,1" sc="250,-10,240,30,250,-10,250,-10" hai1="17,21,26,27,28,35,43,46,48,49,51,61,65" />
</Scene>
<Scene>
<INIT seed="1,1,1,1,0,98" ten="240,270,240,240" oya="1" hai0="104,72,2,120,92,112,36,131,26,49,40,121,37" hai1="106,77,96,31,42,84,21,101,85,33,60,117,20" hai2="46,56,69,67,68,6,130,38,100,111,18,88,27" hai3="0,79,93,28,53,90,70,12,103,10,113,5,118"/><U63/><E117/><V102/><F130/><W126/><G113/><T73/><D112/><U133/><E133/><V55/><F111/><W87/><G70/><T89/><D104/><U115/><E115/><V108/><F108/><W64/><G64/><T124/><D2/><U86/><E42/><V54/><F68/><W122/><G122/><N who="0" m="47211" /><D131/><U107/><E77/><V44/><F69/><W58/><G118/><T82/><D124/><U14/><E107/><V75/><F75/><N who="0" m="28746" /><D82/><U51/><E51/><V76/><F76/><W105/><G79/><T35/><D35/><U17/><REACH who="1" step="1"/><E21/><REACH who="1" ten="240,260,240,240" step="2"/><N who="2" m="13751" /><F38/><W7/><G105/><T128/><D128/><U78/><E78/><V24/><F44/><W83/><G126/><T132/><D132/><U127/><E127/><V23/><F46/><W99/><G10/><T66/><D49/><U74/><E74/><V45/><F45/><W29/><G29/><T43/><D40/><U25/><AGARI ba="1,2" hai="14,17,20,25,31,33,60,63,84,85,86,96,101,106" machi="25" ten="30,11700,0" yaku="1,1,0,1,52,1,53,1" doraHai="98" doraHaiUra="19" who="1" fromWho="1" sc="240,-40,260,140,240,-40,240,-40" />
</Scene>
<Scene>
<INIT seed="1,2,0,0,2,135" ten="200,400,200,200" oya="1" hai0="14,105,123,25,133,104,130,72,30,32,51,93,38" hai1="114,108,103,63,61,111,89,112,40,44,116,49,124" hai2="66,22,97,0,131,31,113,101,20,65,16,85,50" hai3="27,121,53,80,67,129,128,29,110,23,21,71,91"/><U12/><E103/><V77/><F0/><W64/><G121/><T45/><D133/><U26/><E26/><V96/><F113/><N who="1" m="43625" /><E12/><V4/><F131/><N who="3" m="50251" /><G110/><N who="1" m="42026" /><E89/><V37/><F37/><W39/><G39/><T84/><D105/><U52/><E116/><V94/><F4/><W125/><G71/><T7/><D104/><U90/><E90/><V118/><F118/><W83/><G53/><T42/><D14/><U47/><E124/><V59/><F97/><W54/><G125/><T33/><D25/><U28/><E28/><V58/><F31/><W81/><G54/><T78/><D30/><U88/><E88/><V2/><F2/><W70/><G70/><T11/><D130/><U57/><E47/><V17/><F77/><W134/><G134/><T79/><D78/><U69/><E69/><V86/><F101/><W99/><G21/><T35/><D79/><U120/><E120/><V56/><F22/><W117/><G117/><T6/><D123/><U48/><AGARI ba="2,0" hai="40,44,48,49,52,57,61,63" m="42026,43625" machi="48" ten="30,12000,1" yaku="14,1,10,1,34,2,54,1" doraHai="135" who="1" fromWho="1" sc="200,-42,400,126,200,-42,200,-42" />
</Scene>
<Scene>
<INIT seed="1,3,0,0,3,20" ten="158,526,158,158" oya="1" hai0="0,49,71,127,69,101,130,86,77,15,118,35,83" hai1="53,51,133,114,64,75,78,62,55,57,60,50,70" hai2="28,79,1,109,27,128,89,106,22,91,122,52,74" hai3="67,3,102,13,81,33,17,129,31,107,61,116,40"/><U39/><E75/><V65/><F122/><W25/><G3/><T8/><D118/><U73/><E73/><V34/><F106/><W43/><G129/><T48/><D130/><U6/><E78/><V56/><F128/><W36/><G36/><T59/><D35/><U99/><E99/><V38/><F1/><W5/><G5/><T94/><D127/><U2/><E6/><V87/><F38/><W97/><G81/><T24/><D0/><U29/><E29/><V4/><F4/><W14/><G116/><T80/><D80/><U110/><E2/><V12/><F65/><W58/><REACH who="3" step="1"/><G13/><REACH who="3" ten="158,526,158,148" step="2"/><T76/><D15/><U119/><E39/><V98/><F12/><W112/><G112/><T19/><D83/><U123/><E119/><V100/><F109/><W7/><G7/><T82/><D82/><U103/><E114/><V41/><F74/><W23/><AGARI ba="3,1" hai="14,17,23,25,31,33,40,43,58,61,67,97,102,107" machi="23" ten="20,5200,0" yaku="1,1,0,1,7,1,52,1,53,0" doraHai="20" doraHaiUra="117" who="3" fromWho="3" sc="158,-16,526,-29,158,-16,148,71" />
</Scene>
<Scene>
<INIT seed="2,0,0,5,3,43" ten="142,497,142,219" oya="2" hai0="92,23,18,88,36,97,11,116,115,28,79,87,5" hai1="48,35,119,45,120,57,16,117,83,125,107,38,85" hai2="96,74,54,118,60,52,133,14,103,63,53,34,123" hai3="101,12,102,132,77,21,55,32,108,81,51,105,64"/><V112/><F118/><W7/><G32/><T24/><D116/><U122/><E107/><V114/><F123/><N who="1" m="47145" /><E35/><V130/><F34/><W41/><G41/><T13/><D115/><U90/><E125/><V10/><F74/><W70/><G105/><T99/><D36/><U73/><E73/><V26/><F133/><W25/><G70/><T106/><D106/><U109/><E109/><V129/><F26/><W46/><G64/><T1/><REACH who="0" step="1"/><D79/><REACH who="0" ten="132,497,142,219" step="2"/><U72/><E38/><V30/><F114/><W104/><G104/><T128/><D128/><N who="2" m="49258" /><F112/><W39/><G39/><T98/><D98/><U124/><E119/><V29/><F96/><W4/><G77/><T100/><D100/><U9/><E117/><V113/><F103/><W69/><G102/><T40/><D40/><U20/><E124/><V22/><F113/><W65/><G101/><T84/><D84/><U56/><E72/><V134/><F134/><W17/><G132/><T121/><D121/><U82/><E85/><V110/><F110/><W50/><G108/><T47/><D47/><U6/><E45/><V80/><F63/><W76/><G46/><T86/><D86/><U126/><E126/><V91/><F60/><W67/><G76/><T8/><AGARI ba="0,1" hai="1,5,8,11,13,18,23,24,28,87,88,92,97,99" machi="8" ten="20,12000,2" yaku="1,1,0,1,7,1,54,1,53,2" doraHai="43" doraHaiUra="94" who="0" fromWho="0" sc="132,130,497,-30,142,-60,219,-30" />
</Scene>
<Scene>
<INIT seed="3,0,0,4,1,89" ten="262,467,82,189" oya="3" hai0="30,24,40,134,50,96,128,3,64,107,20,93,44" hai1="109,125,81,6,71,110,45,68,8,80,33,97,112" hai2="135,14,76,95,1,10,39,29,101,15,126,133,94" hai3="18,91,129,127,75,62,55,119,113,47,104,61,66"/><W16/><G113/><T115/><D3/><U122/><E112/><V82/><F39/><W48/><G119/><T70/><D115/><U2/><E122/><V36/><F36/><W17/><G75/><T42/><D128/><U123/><E123/><V59/><F29/><W111/><G104/><T108/><D108/><N who="1" m="41579" /><E33/><V72/><F126/><W11/><G111/><T124/><D124/><U90/><E125/><V88/><F59/><W22/><G127/><T69/><D134/><N who="2" m="51210" /><F1/><W19/><G11/><T34/><D107/><U53/><E81/><V65/><F65/><W100/><G100/><T57/><D42/><U49/><E80/><V25/><F25/><W118/><G118/><T7/><D7/><U9/><E9/><V51/><F51/><W67/><G129/><T87/><D87/><U78/><E78/><V28/><F28/><W26/><REACH who="3" step="1"/><G91/><REACH who="3" ten="262,467,82,179" step="2"/><T32/><D34/><U12/><E2/><V0/><F101/><W56/><G56/><T13/><D32/><U73/><E73/><V132/><F132/><W121/><G121/><T83/><D57/><U23/><E23/><V84/><F10/><W116/><G116/><T35/><D35/><U98/><E90/><N who="2" m="53575" /><F0/><W60/><AGARI ba="0,1" hai="16,17,18,19,22,26,47,48,55,60,61,62,66,67" machi="60" ten="30,11700,0" yaku="1,1,0,1,8,1,54,1,53,0" doraHai="89" doraHaiUra="37" who="3" fromWho="3" sc="262,-39,467,-39,82,-39,179,127" />
</Scene>
<Scene>
<INIT seed="3,1,0,4,3,64" ten="223,428,43,306" oya="3" hai0="92,54,29,129,12,120,71,13,90,95,102,10,30" hai1="9,38,78,4,36,83,98,39,87,8,104,0,59" hai2="31,27,63,117,1,24,100,88,7,35,110,77,84" hai3="22,26,91,105,61,134,65,47,121,111,45,96,112"/><W114/><G121/><T57/><D120/><U44/><E9/><V127/><F117/><W68/><G134/><T97/><D129/><U52/><E44/><V135/><F135/><W66/><G66/><T69/><D30/><U125/><E125/><V67/><F127/><W34/><G111/><T15/><D29/><U119/><E119/><V122/><F122/><W50/><G45/><T49/><REACH who="0" step="1"/><D10/><REACH who="0" ten="213,428,43,306" step="2"/><U14/><E0/><V79/><F110/><W124/><G124/><T81/><D81/><U6/><E6/><V53/><F1/><W28/><G22/><T108/><D108/><U46/><E4/><V131/><F7/><W103/><G91/><T11/><D11/><U115/><E8/><V73/><F131/><W101/><G101/><T94/><D94/><U17/><E83/><V16/><F100/><W93/><G93/><T70/><D70/><U3/><E3/><V37/><F88/><W82/><G82/><T109/><D109/><U85/><E104/><V130/><F31/><W43/><AGARI ba="1,1" hai="26,28,34,43,47,50,61,65,68,96,103,105,112,114" machi="43" ten="20,12000,1" yaku="0,1,7,1,25,2,52,1" doraHai="64" who="3" fromWho="3" sc="213,-41,428,-41,43,-41,306,133" />
</Scene>
<Scene>
<INIT seed="3,2,0,1,2,21" ten="172,387,2,439" oya="3" hai0="93,7,95,124,77,116,57,68,110,63,94,123,39" hai1="131,101,50,126,40,122,73,47,34,118,120,92,76" hai2="16,108,9,27,29,79,119,55,12,99,45,115,58" hai3="13,25,75,102,49,82,5,90,35,32,111,69,31"/><W98/><G69/><T89/><D116/><U33/><E118/><V117/><F115/><W10/><G111/><T61/><D123/><U103/><E126/><V0/><F108/><W52/><G35/><T4/><D110/><U78/><E131/><V132/><F0/><W71/><G71/><T11/><D39/><U59/><E59/><V23/><F132/><W84/><G75/><T36/><D36/><U14/><E14/><V133/><F133/><W121/><G121/><T91/><D124/><U3/><E3/><V37/><F79/><W74/><G74/><T30/><D77/><U97/><E120/><V83/><F83/><W15/><G15/><T129/><D68/><U22/><E122/><V26/><F99/><W85/><G85/><T112/><D129/><U64/><E64/><V46/><F37/><W65/><G65/><T106/><D106/><U127/><E127/><V17/><F119/><W100/><G98/><T130/><D130/><U48/><E73/><V38/><F38/><W67/><G67/><T128/><D128/><U86/><E101/><V56/><F117/><W6/><G6/><T104/><D104/><U2/><E2/><V135/><F135/><W18/><G5/><T28/><D112/><U72/><E72/><V1/><F1/><W42/><G42/><T8/><D93/><U80/><E78/><V43/><F43/><W20/><G32/><N who="1" m="12394" /><E50/><N who="2" m="29143" /><F45/><AGARI ba="2,0" hai="10,13,18,20,25,31,45,49,52,82,84,90,100,102" machi="45" ten="30,18000,2" yaku="7,1,25,2,8,1,52,1,54,1" doraHai="21" who="3" fromWho="2" sc="172,0,387,0,2,-186,439,186" owari="172,-23.0,387,19.0,-184,-68.0,625,72.0" />
</Scene>
</mjloggm>