<mjloggm ver="2.3"><GO type="169" lobby="0"/><UN n0="%41%53%41%50%49%4E" n1="%E3%83%A9%E3%83%A0%E3%81%A1%E3%82%83%E3%82%93%E2%98%86" n2="%2D%72%6F%6E%2D" n3="%4B%E3%80%82" dan="19,17,16,17" rate="2279.13,2143.78,2123.84,2143.76" sx="M,F,M,M"/><TAIKYOKU oya="0"/>

<Scene>
<INIT seed="0,0,0,4,0,33" ten="250,250,250,250" oya="0" hai0="30,18,133,39,90,22,87,51,54,49,88,96,86" hai1="117,63,5,27,50,132,47,41,16,116,23,73,29" hai2="111,36,78,81,21,53,62,55,76,17,25,7,24" hai3="119,91,15,84,79,85,34,60,64,118,9,130,69"/><T59/><D133/><U93/><E132/><V72/><F36/><W123/><G34/><T74/><D74/><U124/><E73/><V43/><F43/><W48/><G130/><T10/><D39/><U14/><E124/><V42/><F78/><W83/><G123/><T105/><D30/><U107/><E107/><V98/><F42/><W61/><G61/><T58/><D10/><U112/><E112/><V126/><F126/><W121/><G48/><T2/><D2/><U70/><E93/><V57/><F111/><W26/><G26/><T11/><D11/><U135/><E135/><V95/><F7/><W67/><G67/><T134/><D134/><U82/><E82/><V97/><F25/><W131/><G131/><T113/><D113/><U37/><E5/><V127/><F127/><W71/><G71/><T94/><D105/><U8/><REACH who="1" step="1"/><E37/><REACH who="1" ten="250,240,250,250" step="2"/><V56/><REACH who="2" step="1"/><F95/><REACH who="2" ten="250,240,240,250" step="2"/><W38/><G38/><T122/><BYE who="3" /><D94/><U0/><E0/><V99/><F99/><W28/><G28/><T80/><D96/><U110/><E110/><V46/><F46/><W45/><G45/><UN n3="%4B%E3%80%82" /><T103/><D122/><U106/><E106/><V65/><F65/><AGARI ba="0,2" hai="8,14,16,23,27,29,41,47,50,63,65,70,116,117" machi="65" ten="40,2600,0" yaku="1,1,54,1,53,0" doraHai="33" doraHaiUra="35" who="1" fromWho="2" sc="250,0,240,46,240,-26,250,0" />
</Scene>
<Scene>
<INIT seed="1,0,0,1,2,41" ten="250,286,214,250" oya="1" hai0="4,61,73,79,21,130,56,26,124,102,128,12,88" hai1="30,87,13,106,126,77,78,10,74,22,69,49,120" hai2="20,53,135,40,101,2,52,37,60,90,70,8,64" hai3="122,63,100,91,107,104,131,129,113,39,125,97,18"/><U62/><E120/><V43/><F101/><W38/><G39/><T55/><D124/><U32/><E32/><V133/><F20/><W14/><G38/><T121/><D121/><U110/><E74/><V42/><F90/><W99/><G122/><T132/><D132/><N who="2" m="50762" /><F2/><W57/><G113/><T24/><D102/><U95/><E106/><V35/><F35/><W92/><G107/><T0/><D0/><U117/><E126/><V5/><F8/><W47/><G125/><T80/><D26/><U68/><E22/><V72/><F5/><W134/><G134/><T111/><D111/><U85/><E110/><V25/><F25/><W109/><G109/><T123/><D123/><U3/><E30/><V98/><F98/><W66/><REACH who="3" step="1"/><G47/><REACH who="3" ten="250,286,214,240" step="2"/><T83/><D128/><U51/><E117/><V119/><F119/><W44/><G44/><T75/><D130/><U89/><E3/><V84/><F72/><W59/><G59/><T27/><D75/><U115/><E115/><V81/><F37/><W19/><G19/><T58/><D58/><U48/><E69/><V50/><F84/><W45/><G45/><T116/><D116/><U16/><E87/><V46/><F81/><W114/><G114/><T86/><D4/><U112/><REACH who="1" step="1"/><E112/><REACH who="1" ten="250,276,214,240" step="2"/><V11/><F11/><AGARI ba="0,2" hai="11,14,18,57,63,66,91,92,97,99,100,104,129,131" machi="11" ten="40,1300,0" yaku="1,1,53,0" doraHai="41" doraHaiUra="31" who="3" fromWho="2" sc="250,0,276,0,214,-13,240,33" />
</Scene>
<Scene>
<INIT seed="2,0,0,5,0,87" ten="250,276,201,273" oya="2" hai0="130,24,93,99,21,67,109,34,26,37,49,65,135" hai1="94,38,134,33,29,77,110,127,25,73,114,41,57" hai2="19,66,9,39,128,125,30,28,122,12,111,14,79" hai3="92,40,131,68,51,56,45,8,15,54,124,126,0"/><V31/><F39/><W43/><G131/><T47/><D37/><U113/><E127/><V10/><F79/><W95/><G0/><T105/><D130/><U123/><E110/><V86/><F122/><W59/><G68/><T101/><D109/><U58/><E134/><V1/><F66/><W121/><G121/><T85/><D135/><U42/><E123/><V97/><F111/><W106/><G106/><T89/><D34/><U52/><E77/><V74/><F86/><W132/><G132/><T20/><D20/><U102/><E73/><V50/><F74/><W72/><G72/><T36/><D36/><U118/><E118/><V71/><F71/><W18/><G126/><T55/><REACH who="0" step="1"/><D24/><REACH who="0" ten="240,276,201,273" step="2"/><U7/><E25/><V46/><F125/><W112/><G124/><T48/><D48/><U5/><E33/><V107/><F128/><W11/><G112/><T60/><D60/><U44/><E38/><V90/><F1/><W116/><G116/><T96/><D96/><U13/><E113/><V53/><F107/><W16/><G51/><T84/><D84/><U100/><E114/><V117/><F117/><W70/><G70/><T133/><D133/><U2/><E2/><V78/><F78/><W104/><G104/><T22/><D22/><U98/><E98/><V32/><F32/><W103/><G103/><T115/><D115/><U35/><E102/><V69/><F69/><W83/><G11/><T108/><D108/><U27/><E100/><V76/><F76/><W82/><G8/><T6/><D6/><U62/><E35/><V80/><F97/><W81/><G15/><RYUUKYOKU ba="0,1" sc="240,30,276,-10,201,-10,273,-10" hai0="21,26,47,49,55,65,67,85,89,93,99,101,105" />
</Scene>
<Scene>
<INIT seed="3,1,1,1,1,22" ten="270,266,191,263" oya="3" hai0="78,131,59,51,58,98,84,75,80,45,14,101,63" hai1="81,129,87,46,41,107,99,108,100,83,53,13,43" hai2="31,54,18,113,95,96,7,47,34,56,39,127,32" hai3="120,44,28,70,121,93,66,79,17,128,102,0,21"/><W27/><G0/><T6/><D131/><U133/><E129/><V125/><F113/><W55/><G128/><T123/><D123/><U3/><E3/><V115/><F115/><W76/><G120/><T9/><D75/><U40/><E133/><V105/><F105/><W42/><G121/><T50/><D63/><U48/><E108/><V109/><F109/><W71/><G71/><T114/><D114/><U119/><E119/><V8/><F18/><W10/><G70/><T92/><D51/><U11/><REACH who="1" step="1"/><E87/><REACH who="1" ten="270,256,191,263" step="2"/><V49/><F127/><W124/><G124/><T20/><REACH who="0" step="1"/><D20/><REACH who="0" ten="260,256,191,263" step="2"/><U77/><E77/><V67/><F125/><W88/><G79/><T57/><D57/><U65/><E65/><V37/><F67/><W16/><G66/><T103/><D103/><U1/><E1/><V111/><F56/><W33/><G76/><T73/><D73/><U30/><E30/><V82/><F31/><W61/><G102/><T52/><AGARI ba="1,3" hai="6,9,14,45,50,52,58,59,78,80,84,92,98,101" machi="52" ten="20,8000,1" yaku="1,1,0,1,7,1,8,1,54,1,53,0" doraHai="22" doraHaiUra="126" who="0" fromWho="0" sc="260,113,256,-21,191,-21,263,-41" />
</Scene>
<Scene>
<INIT seed="4,0,0,5,4,73" ten="373,235,170,222" oya="0" hai0="132,115,127,23,121,80,17,6,60,15,85,44,9" hai1="110,46,31,122,134,95,135,52,104,126,14,78,118" hai2="38,82,124,34,129,123,20,36,65,10,70,100,92" hai3="48,69,63,89,133,68,32,81,61,108,74,62,28"/><T39/><D115/><U103/><E122/><V94/><F123/><W51/><G108/><T26/><D121/><U99/><E110/><V58/><F34/><W67/><G133/><T27/><D132/><N who="1" m="50731" /><E118/><V45/><F70/><W24/><G63/><T7/><D127/><U88/><E126/><V97/><F124/><W3/><G3/><T19/><D39/><U119/><E119/><V131/><F45/><W130/><G130/><N who="2" m="49673" /><F10/><W2/><G2/><T55/><D27/><U128/><E128/><V116/><F116/><W111/><G111/><T64/><D64/><U96/><E31/><V72/><F94/><W75/><G75/><T106/><D106/><U5/><E5/><V101/><F101/><W102/><G102/><T42/><D42/><U40/><E14/><V86/><F72/><W87/><REACH who="3" step="1"/><G74/><REACH who="3" ten="373,235,170,212" step="2"/><T109/><D60/><U66/><E103/><V57/><F65/><AGARI ba="0,1" hai="24,28,32,48,51,61,62,65,67,68,69,81,87,89" machi="65" ten="40,5200,0" yaku="1,1,2,1,9,1,53,0" doraHai="73" doraHaiUra="1" who="3" fromWho="2" sc="373,0,235,0,170,-52,212,62" />
</Scene>
<Scene>
<INIT seed="5,0,0,2,5,124" ten="373,235,118,274" oya="1" hai0="62,89,29,99,34,61,63,88,73,112,48,7,67" hai1="91,92,84,107,28,49,42,106,19,119,75,16,128" hai2="79,13,3,17,125,5,47,64,82,101,111,18,120" hai3="127,54,46,25,96,117,37,131,74,108,55,1,26"/><U116/><E75/><V126/><F111/><W69/><G108/><T95/><D73/><U80/><E28/><V43/><F120/><W35/><G69/><T0/><D112/><U20/><E128/><V132/><F132/><W65/><G1/><T72/><D72/><U53/><E42/><V105/><F64/><W130/><G74/><T23/><D34/><U58/><E19/><V78/><F105/><W121/><G121/><T93/><D7/><U24/><REACH who="1" step="1"/><E92/><REACH who="1" ten="373,225,118,274" step="2"/><V66/><F43/><W90/><G130/><T21/><D29/><U10/><E10/><V41/><F17/><W83/><G131/><T56/><D93/><U71/><E71/><V14/><F18/><W11/><G11/><T81/><D95/><U44/><E44/><V8/><F47/><W30/><G46/><T133/><D56/><U122/><E122/><V118/><F41/><W27/><G30/><T57/><D57/><U103/><E103/><V12/><F101/><W22/><G35/><T87/><D133/><U15/><E15/><V114/><F13/><W39/><G37/><T134/><D134/><U129/><E129/><V31/><F12/><W38/><G39/><T97/><D0/><U115/><E115/><V36/><F114/><W40/><G38/><T59/><D59/><U94/><E94/><V52/><F36/><W104/><G40/><T60/><D99/><U70/><E70/><V85/><F31/><W51/><G96/><T98/><D97/><U86/><E86/><V113/><F113/><W32/><G32/><T9/><D98/><U109/><E109/><V68/><F3/><RYUUKYOKU ba="0,1" sc="373,-10,225,30,118,-10,274,-10" hai1="16,20,24,49,53,58,80,84,91,106,107,116,119" />
</Scene>
<Scene>
<INIT seed="5,1,1,0,5,19" ten="363,255,108,264" oya="1" hai0="12,6,112,134,14,41,32,82,8,119,73,24,4" hai1="23,86,54,2,48,18,13,99,63,115,123,17,120" hai2="109,69,91,38,11,132,10,80,1,77,114,130,15" hai3="104,66,79,5,25,102,62,71,84,56,7,9,128"/><U43/><E2/><V49/><F109/><W68/><G128/><T30/><D119/><U58/><E115/><V135/><F38/><W116/><G116/><T89/><D112/><U118/><E118/><V20/><F114/><W46/><G46/><T27/><D134/><N who="2" m="51242" /><F130/><W67/><G104/><T96/><D41/><U52/><E43/><V122/><F91/><W117/><G102/><T57/><D73/><U92/><E18/><N who="2" m="10335" /><F69/><W33/><G117/><T29/><D57/><N who="1" m="32903" /><E99/><V51/><F122/><W47/><G71/><T37/><D37/><U40/><E40/><V124/><F124/><W129/><G68/><T131/><D131/><U39/><E39/><V90/><F90/><AGARI ba="1,1" hai="13,17,23,54,58,63,86,90,92,120,123" m="32903" machi="90" ten="30,5800,0" yaku="25,1,52,1,54,1" doraHai="19" who="1" fromWho="2" sc="363,0,255,71,108,-61,264,0" />
</Scene>
<Scene>
<INIT seed="5,2,0,5,5,59" ten="363,326,47,264" oya="1" hai0="89,110,77,22,17,52,29,128,57,8,44,49,11" hai1="135,72,47,84,78,73,32,94,92,48,63,3,127" hai2="133,51,37,113,83,90,108,43,35,19,6,50,100" hai3="70,88,46,95,60,82,76,27,36,25,10,107,81"/><U23/><E32/><V132/><F108/><W0/><G107/><T122/><D110/><U64/><E3/><V104/><F35/><W2/><G36/><T97/><D128/><U68/><E127/><V55/><F37/><W9/><G46/><T15/><D122/><U69/><E69/><V105/><F43/><W30/><G70/><T71/><D71/><U16/><E135/><V4/><F19/><W41/><G41/><N who="0" m="24719" /><D77/><U103/><E92/><V28/><F28/><W79/><G95/><N who="0" m="56559" /><D29/><U93/><E93/><V85/><F113/><W112/><G30/><T96/><D96/><U106/><E106/><N who="2" m="41067" /><F100/><W99/><G99/><T31/><D31/><U7/><E103/><V80/><F55/><W14/><G112/><T38/><D38/><U56/><E68/><V131/><F131/><W121/><G121/><T21/><D21/><U33/><E33/><V125/><F125/><W116/><G116/><T126/><D126/><U119/><E119/><V98/><F98/><W87/><G87/><T18/><D18/><U58/><E72/><V13/><F85/><W45/><G79/><T67/><D67/><U120/><E73/><V24/><F90/><W26/><G88/><T91/><D91/><N who="1" m="53607" /><E78/><V118/><F118/><W65/><G76/><T117/><D117/><U12/><E120/><V101/><F101/><W111/><G111/><T129/><D129/><U40/><E7/><V1/><F6/><W5/><G65/><T62/><AGARI ba="2,0" hai="8,11,15,17,22,52,57,62" m="56559,24719" machi="62" ten="30,4000,0" yaku="8,1,52,1,54,1" doraHai="59" who="0" fromWho="0" sc="363,46,326,-22,47,-12,264,-12" />
</Scene>
<Scene>
<INIT seed="6,0,0,1,4,55" ten="409,304,35,252" oya="2" hai0="20,92,124,38,88,78,118,99,85,27,71,52,114" hai1="32,89,57,104,105,4,107,116,12,102,82,119,86" hai2="36,77,94,2,62,45,13,115,58,46,17,74,44" hai3="90,41,35,103,122,70,16,80,129,97,47,125,59"/><V64/><F2/><W69/><G122/><T68/><D38/><U3/><E3/><V49/><F36/><W56/><G35/><T54/><D114/><U87/><E32/><V131/><F115/><W100/><G129/><T96/><D124/><U120/><E120/><V106/><F106/><W130/><G130/><T126/><D126/><U79/><E4/><V9/><F131/><W65/><G125/><T11/><D118/><N who="1" m="45099" /><E57/><N who="3" m="22090" /><G70/><T72/><D11/><U60/><E60/><V110/><F110/><W43/><G65/><T63/><D72/><U133/><E12/><V81/><REACH who="2" step="1"/><F94/><REACH who="2" ten="409,304,25,252" step="2"/><N who="3" m="56535" /><G69/><T91/><D68/><U48/><E107/><V112/><F112/><W39/><G39/><T53/><D71/><U61/><E105/><V33/><F33/><W7/><G7/><T98/><D92/><U93/><E93/><V108/><F108/><W28/><G28/><N who="0" m="17511" /><D63/><U24/><E61/><V50/><AGARI ba="0,1" hai="9,13,17,44,45,46,49,50,58,62,64,74,77,81" machi="50" ten="30,6000,0" yaku="1,1,0,1,52,1,53,0" doraHai="55" doraHaiUra="37" who="2" fromWho="2" sc="409,-20,304,-20,25,70,252,-20" />
</Scene>
<Scene>
<INIT seed="6,1,0,1,1,72" ten="389,284,95,232" oya="2" hai0="44,77,124,21,25,35,63,43,108,112,109,78,118" hai1="122,123,135,104,11,38,30,31,56,134,88,2,89" hai2="28,17,57,40,103,126,55,128,102,52,93,76,92" hai3="39,95,107,98,110,24,117,114,50,6,65,10,133"/><V68/><F68/><W53/><G117/><T121/><D121/><N who="1" m="46091" /><E104/><V101/><F126/><W18/><G39/><T47/><D124/><U19/><E38/><V84/><F128/><W14/><G107/><T32/><D118/><U106/><E106/><V125/><F125/><W5/><G110/><T111/><D112/><U23/><E56/><V130/><F130/><W100/><G133/><N who="1" m="50698" /><E11/><V94/><F28/><N who="1" m="10793" /><E2/><V60/><F17/><N who="3" m="8407" /><G65/><T131/><D131/><U36/><E36/><V15/><F15/><AGARI ba="1,0" hai="15,19,23,88,89" m="10793,50698,46091" machi="15" ten="30,3900,0" yaku="13,1,20,1,54,1" doraHai="72" who="1" fromWho="2" sc="389,0,284,42,95,-42,232,0" />
</Scene>
<Scene>
<INIT seed="7,0,0,5,2,6" ten="389,326,53,232" oya="3" hai0="115,119,116,99,50,52,114,24,125,36,133,39,92" hai1="90,77,113,91,45,8,109,81,56,123,76,104,41" hai2="118,61,49,17,89,31,64,112,131,44,122,66,103" hai3="98,94,20,14,80,1,83,57,26,96,46,79,7"/><W72/><G1/><T134/><D24/><U27/><E109/><V88/><F103/><W102/><G80/><T84/><D84/><U108/><E108/><V28/><F112/><N who="0" m="43050" /><D125/><U129/><E113/><V127/><F49/><W82/><G82/><T63/><D63/><U105/><E129/><V85/><F85/><W48/><G57/><N who="0" m="32919" /><D134/><U95/><E123/><V74/><F64/><W73/><G98/><T93/><D133/><U121/><E121/><V37/><F61/><W51/><G73/><T59/><D59/><U23/><E56/><V87/><F66/><W120/><G120/><T135/><D135/><U13/><E104/><V86/><F122/><W12/><G48/><T15/><D15/><U70/><E70/><V22/><F127/><W65/><G65/><T18/><D18/><U0/><E0/><V75/><F131/><W34/><G34/><T71/><D71/><U67/><E67/><V130/><F130/><W25/><G25/><T126/><D126/><U58/><E105/><V106/><F106/><W110/><G110/><T4/><D4/><U11/><E58/><V54/><F17/><N who="3" m="12559" /><G7/><T107/><D107/><U62/><E13/><N who="3" m="5226" /><G51/><T53/><D53/><U32/><E32/><V2/><F54/><W97/><G97/><T42/><D39/><U5/><E5/><V124/><F124/><W16/><G16/><T100/><D93/><U128/><E128/><V21/><F37/><W78/><G46/><AGARI ba="0,0" hai="36,42,46,92,99,100,116,119" m="32919,43050" machi="46" ten="30,3900,0" yaku="15,1,11,1,54,1" doraHai="6" who="0" fromWho="3" sc="389,39,326,0,53,0,232,-39" owari="428,53.0,326,13.0,53,-45.0,193,-21.0" />
</Scene>
</mjloggm>