<mjloggm ver="2.3"><GO type="169"/><UN n0="%41%53%41%50%49%4E" n1="%53%50%49%43%41%40%58" n2="%6D%65%24%6F" n3="%E6%9C%A7%E5%A4%8F%E6%9C%88" dan="19,16,16,18" rate="2204,2059,2043,2239" sx="M,M,M,M"/><TAIKYOKU oya="0"/>

<Scene>
<INIT seed="0,0,0,1,0,119" ten="250,250,250,250" oya="0" hai0="107,97,129,38,88,47,8,25,67,94,133,18,24" hai1="110,93,82,64,98,32,83,1,22,35,85,81,10" hai2="73,132,43,70,42,28,78,79,34,50,62,128,104" hai3="127,114,11,45,14,23,120,58,68,15,2,55,16"/><T29/><D129/><U130/><E130/><V105/><F128/><W95/><G114/><T86/><D133/><U66/><E85/><V118/><F132/><W53/><G68/><T100/><D67/><U36/><E36/><V4/><F118/><W116/><G116/><T115/><D115/><U56/><E110/><V9/><F34/><W91/><G127/><T124/><D124/><U31/><E22/><V51/><F28/><W106/><G106/><T109/><D109/><U72/><E72/><V57/><F70/><W126/><G126/><T131/><D131/><U26/><E35/><V52/><F73/><W37/><G2/><T87/><D29/><U92/><E56/><V60/><F4/><W33/><G33/><T0/><D86/><U71/><E71/><V74/><F74/><W89/><G120/><T63/><D63/><U90/><E93/><V117/><F117/><W12/><G95/><T17/><D0/><U48/><E48/><V75/><F75/><W54/><G58/><T125/><D125/><U6/><AGARI ba="0,0" hai="1,6,10,26,31,32,64,66,81,82,83,90,92,98" machi="6" ten="30,1100,0" yaku="0,1" doraHai="119" who="1" fromWho="1" sc="250,-5,250,11,250,-3,250,-3" />
</Scene>
<Scene>
<INIT seed="1,0,0,3,2,59" ten="245,261,247,247" oya="1" hai0="33,50,41,115,132,97,43,42,14,30,38,18,3" hai1="73,103,104,91,78,34,77,20,85,28,36,27,83" hai2="54,124,45,118,55,12,16,114,74,69,0,60,26" hai3="105,99,76,72,120,116,122,9,126,119,70,19,98"/><U46/><E34/><V35/><F118/><N who="3" m="45099" /><G70/><T67/><D115/><U110/><E110/><V135/><F0/><W2/><G19/><T90/><D38/><U51/><E36/><V101/><F114/><W11/><G126/><T108/><D3/><U80/><E104/><V96/><F124/><W39/><G39/><T25/><D108/><U107/><E107/><V93/><F74/><W112/><G112/><T22/><D132/><U125/><E103/><V17/><F135/><W133/><G133/><T57/><D90/><U49/><E125/><V52/><F45/><W47/><G47/><T88/><D50/><U113/><E113/><V128/><F128/><W32/><G32/><T56/><REACH who="0" step="1"/><D67/><REACH who="0" ten="235,261,247,247" step="2"/><U4/><E51/><V53/><F35/><W29/><G2/><T7/><D7/><U95/><E4/><V109/><F109/><W64/><G64/><T15/><D15/><U130/><E130/><V1/><F1/><W24/><G122/><T106/><D106/><U111/><E111/><V102/><F102/><W134/><G105/><T62/><D62/><U87/><E49/><V117/><F117/><W8/><G120/><T68/><D68/><U127/><E127/><V44/><F69/><W121/><G121/><T21/><D21/><U100/><E100/><V129/><F129/><W65/><G65/><T131/><D131/><U37/><E37/><V63/><F44/><W86/><G134/><T84/><D84/><N who="1" m="48143" /><E46/><V81/><F12/><W10/><N who="3" m="2560" /><DORA hai="79" /><W71/><G71/><T61/><D61/><U66/><E66/><V5/><N who="2" m="13312" /><DORA hai="31" /><V92/><F63/><RYUUKYOKU ba="0,1" sc="235,15,261,15,247,-15,247,-15" hai0="14,18,22,25,30,33,41,42,43,56,57,88,97" hai1="20,27,28,73,78,83,85,87,91,95" />
</Scene>
<Scene>
<INIT seed="1,1,1,1,4,127" ten="250,276,232,232" oya="1" hai0="133,111,27,40,98,131,56,14,71,36,16,132,106" hai1="10,28,53,2,49,109,38,69,62,15,34,129,9" hai2="23,81,3,17,19,86,20,1,116,102,7,64,57" hai3="6,54,21,74,39,110,73,72,76,135,83,68,125"/><U121/><E121/><V48/><F116/><W55/><G68/><T115/><D71/><U29/><E38/><V60/><F102/><W94/><G39/><T75/><D115/><U84/><E34/><V126/><F126/><W104/><G104/><T45/><D75/><U13/><E2/><V112/><F112/><W52/><G125/><T105/><D111/><U124/><E124/><V0/><F7/><W44/><G110/><T99/><D27/><U96/><E109/><V18/><REACH who="2" step="1"/><F48/><REACH who="2" ten="250,276,222,232" step="2"/><W63/><G6/><T122/><D36/><U25/><E49/><V32/><F32/><W123/><G123/><T31/><D122/><U82/><E62/><V30/><F30/><W85/><G63/><T107/><D31/><U47/><E28/><V4/><F4/><W89/><G135/><T134/><D134/><U118/><E29/><V113/><F113/><W42/><G44/><T93/><D45/><U80/><E118/><V95/><F95/><W100/><G100/><T50/><D93/><U103/><E103/><V97/><F97/><W119/><G119/><T33/><D33/><U41/><E96/><V11/><F11/><W66/><G94/><T67/><D105/><U108/><E9/><V70/><F70/><W35/><G35/><T24/><D106/><U5/><E10/><V12/><F12/><W61/><G61/><T59/><D107/><U117/><E117/><V130/><F130/><W79/><G21/><T88/><D132/><U78/><E69/><V65/><F65/><W101/><G66/><T91/><D133/><U37/><E108/><V51/><F51/><RYUUKYOKU ba="1,2" sc="250,-10,276,-10,222,30,232,-10" hai2="0,1,3,17,18,19,20,23,57,60,64,81,86" />
</Scene>
<Scene>
<INIT seed="2,2,2,1,0,103" ten="240,266,252,222" oya="2" hai0="82,59,65,97,61,109,50,120,34,5,75,133,46" hai1="57,100,23,107,110,6,114,104,35,119,99,55,44" hai2="87,80,14,105,70,40,84,112,74,118,115,27,130" hai3="116,12,77,49,52,92,7,43,58,51,121,76,42"/><V102/><F118/><W79/><G121/><T54/><D120/><U86/><E119/><V32/><F70/><W72/><G116/><T135/><D109/><U91/><E35/><V89/><F130/><W78/><G72/><T26/><D5/><U88/><E114/><V2/><F2/><W60/><N who="3" m="19968" /><DORA hai="0" /><W45/><G92/><T41/><D82/><U108/><E44/><V56/><F74/><W134/><G134/><T47/><D75/><U66/><E66/><V98/><F40/><N who="3" m="24743" /><G60/><T37/><D97/><U101/><E23/><V131/><F131/><W11/><AGARI ba="2,2" hai="7,11,12,42,43,51,52,58" m="24743,19968" machi="11" ten="40,5200,0" yaku="8,1,52,1,54,1" doraHai="103,0" who="3" fromWho="3" sc="240,-15,266,-15,252,-28,222,78" />
</Scene>
<Scene>
<INIT seed="3,0,0,2,2,21" ten="225,251,224,300" oya="3" hai0="85,50,103,107,118,133,54,83,4,42,6,128,22" hai1="9,25,33,23,26,109,31,102,99,127,117,2,73" hai2="86,70,11,88,32,79,74,57,16,17,24,119,96" hai3="55,58,97,120,1,92,60,47,5,101,82,40,37"/><W56/><G120/><T106/><D118/><U41/><E73/><V19/><F70/><W67/><G82/><T90/><D128/><U0/><E117/><V28/><F119/><W100/><G1/><T122/><D122/><U43/><E109/><V71/><F71/><W59/><G5/><T135/><D42/><U114/><E114/><V10/><F74/><W116/><G116/><T44/><D103/><U84/><E127/><V53/><F79/><W15/><G15/><T121/><D121/><U129/><E129/><V51/><REACH who="2" step="1"/><F96/><REACH who="2" ten="225,251,214,300" step="2"/><W115/><G115/><T46/><D133/><U12/><E84/><V123/><F123/><W89/><REACH who="3" step="1"/><G58/><REACH who="3" ten="225,251,214,290" step="2"/><T3/><D135/><U112/><E112/><V108/><F108/><W68/><G68/><T61/><D3/><U91/><E0/><V45/><F45/><W8/><G8/><T27/><D44/><U39/><E2/><V81/><AGARI ba="0,2" hai="10,11,16,17,19,24,28,32,51,53,57,81,86,88" machi="81" ten="30,8000,1" yaku="1,1,0,1,52,1,54,2,53,0" doraHai="21" doraHaiUra="125" who="2" fromWho="2" sc="225,-20,251,-20,214,100,290,-40" />
</Scene>
<Scene>
<INIT seed="4,0,0,0,2,30" ten="205,231,314,250" oya="0" hai0="38,124,15,127,129,9,99,11,5,65,48,16,116" hai1="87,67,133,46,128,104,69,56,105,8,75,53,64" hai2="51,95,93,24,82,41,71,36,42,73,26,109,54" hai3="130,33,120,83,102,118,57,52,122,61,100,68,13"/><T90/><D38/><U125/><E75/><V78/><F71/><W126/><G118/><T18/><D116/><U2/><E128/><V28/><F109/><W47/><G130/><T35/><D129/><U23/><E133/><V96/><F24/><W131/><G131/><T111/><D111/><U0/><E46/><V123/><F123/><N who="3" m="47147" /><G68/><T81/><D65/><U19/><E125/><N who="0" m="48201" /><D35/><U12/><E87/><V10/><F10/><W91/><G126/><T55/><D11/><U101/><E69/><V1/><F1/><W66/><G13/><T44/><D99/><U14/><E0/><V94/><F96/><W85/><G33/><T58/><D58/><U21/><E2/><V121/><F36/><W43/><G66/><T107/><D107/><U7/><E23/><V86/><F73/><W114/><G114/><T88/><D90/><U34/><E34/><V115/><F115/><W113/><G113/><T132/><D132/><U92/><E104/><V103/><F103/><W80/><G83/><T135/><D135/><U76/><E76/><V98/><F98/><W117/><G117/><T49/><D49/><AGARI ba="0,0" hai="43,47,49,52,57,61,80,85,91,100,102" m="47147" machi="49" ten="30,2000,0" yaku="13,1,54,1" doraHai="30" who="3" fromWho="0" sc="205,-20,231,0,314,0,250,20" />
</Scene>
<Scene>
<INIT seed="5,0,0,5,4,59" ten="185,231,314,270" oya="1" hai0="93,39,97,91,83,133,0,37,67,128,104,99,77" hai1="60,23,53,20,48,65,49,32,73,135,69,30,38" hai2="98,41,28,66,94,121,16,56,124,11,15,62,101" hai3="72,111,55,51,102,89,107,126,46,86,7,71,125"/><U33/><E73/><V35/><F124/><N who="3" m="47723" /><G72/><T108/><D0/><U3/><E38/><V79/><F121/><W34/><G111/><T75/><D108/><U130/><E3/><V74/><F41/><W92/><G34/><T127/><D127/><U9/><E135/><V129/><F129/><W114/><G71/><T120/><D128/><U52/><E9/><V105/><F74/><W85/><G114/><T8/><D133/><U42/><E42/><V5/><F79/><W26/><G26/><T31/><D120/><U44/><E130/><V25/><REACH who="2" step="1"/><F5/><REACH who="2" ten="185,231,304,270" step="2"/><W110/><G7/><T22/><D77/><U116/><E116/><V58/><F58/><W96/><G110/><T76/><D76/><U19/><E30/><V64/><F64/><W40/><G40/><T43/><D67/><U81/><E81/><V70/><F70/><W87/><AGARI ba="0,1" hai="46,51,55,85,86,87,89,92,96,102,107" m="47723" machi="87" ten="30,1100,0" yaku="18,1" doraHai="59" who="3" fromWho="3" sc="185,-3,231,-5,304,-3,270,21" />
</Scene>
<Scene>
<INIT seed="6,0,0,2,0,14" ten="182,226,301,291" oya="2" hai0="33,55,93,105,54,41,87,124,9,21,80,107,126" hai1="26,104,66,108,69,27,44,111,2,98,117,68,15" hai2="39,65,71,101,127,23,48,60,81,29,5,31,116" hai3="3,84,43,46,85,129,56,30,25,13,103,88,122"/><V134/><F116/><W131/><G3/><T109/><D109/><U7/><E117/><V6/><F39/><W18/><G103/><T75/><D33/><U24/><E2/><V42/><F134/><W78/><G56/><T119/><D119/><U11/><E44/><V57/><F127/><W0/><G0/><T58/><D41/><U115/><E115/><V133/><F133/><W28/><G78/><T90/><D9/><U130/><E130/><N who="3" m="49674" /><G122/><T76/><D21/><U114/><E114/><V110/><F110/><W45/><G85/><T67/><D67/><U64/><E64/><V132/><F132/><W92/><G25/><T74/><D74/><U12/><E69/><V36/><F101/><W22/><G46/><T72/><D72/><U83/><E66/><V52/><F81/><W79/><G79/><T34/><D34/><U121/><E68/><V59/><F59/><W62/><G62/><T32/><D32/><U50/><E83/><V35/><F35/><W120/><G120/><T99/><D75/><U102/><E121/><V4/><F23/><W106/><G106/><T94/><D94/><U96/><E102/><V10/><F10/><W77/><G77/><T8/><D8/><N who="1" m="4127" /><E104/><N who="0" m="40009" /><D58/><U125/><E125/><AGARI ba="0,0" hai="54,55,76,80,87,90,93,99,124,125,126" m="40009" machi="125" ten="30,1000,0" yaku="18,1" doraHai="14" who="0" fromWho="1" sc="182,10,226,-10,301,0,291,0" />
</Scene>
<Scene>
<INIT seed="7,0,0,0,2,115" ten="192,216,301,291" oya="3" hai0="127,21,118,135,112,89,111,45,87,16,34,80,52" hai1="15,24,104,131,54,75,106,25,77,55,122,57,29" hai2="68,117,12,53,79,41,35,105,64,62,121,38,50" hai3="63,33,95,133,94,119,85,43,17,92,88,100,51"/><W61/><G119/><T73/><D111/><U8/><E122/><V97/><F117/><W116/><G116/><T9/><D118/><U11/><E131/><V23/><F35/><W110/><G33/><T2/><D34/><U26/><E29/><V44/><F79/><W102/><G133/><T42/><D135/><U37/><E37/><V60/><F60/><N who="3" m="23115" /><G110/><T3/><D112/><U126/><E126/><V96/><F105/><N who="1" m="40553" /><E77/><V49/><F121/><W14/><G51/><N who="0" m="28783" /><D127/><U83/><E83/><V109/><F109/><W99/><G43/><T90/><D73/><U19/><E57/><N who="2" m="32951" /><F49/><W31/><G31/><T56/><D21/><U114/><E15/><V120/><F120/><W40/><G40/><T84/><D56/><U93/><E19/><AGARI ba="0,0" hai="12,19,23,38,41,44,62,64,68,96,97" m="32951" machi="19" ten="30,1000,0" yaku="24,1" doraHai="115" who="2" fromWho="1" sc="192,0,216,-10,301,10,291,0" owari="192,-31.0,206,-19.0,311,41.0,291,9.0" />
</Scene>
</mjloggm>