<mjloggm ver="2.3"><GO type="169"/><UN n0="%E6%B5%81%E7%9F%B3%E3%81%AB%E5%83%8D%E3%81%8F" n1="%E3%81%A1%E3%81%8F%E3%81%8D" n2="%E2%98%86%E4%BA%8C%E9%9A%8E%E5%A0%82%E2%98%86%E5%AB%81%E2%98%86" n3="%41%53%41%50%49%4E" dan="16,18,16,18" rate="2050,2130,2130,2241" sx="M,M,F,M"/><TAIKYOKU oya="0"/>

<Scene>
<INIT seed="0,0,0,5,3,9" ten="250,250,250,250" oya="0" hai0="40,102,53,105,78,135,20,25,121,108,69,131,50" hai1="36,93,83,38,104,109,29,35,26,56,43,33,132" hai2="51,129,124,57,127,111,61,101,13,28,54,10,130" hai3="99,44,81,0,77,39,64,87,113,3,89,11,41"/><T6/><D69/><U24/><E104/><V98/><F111/><W118/><G118/><T110/><D121/><U134/><E109/><N who="0" m="42089" /><D78/><U90/><E83/><V95/><F28/><W119/><G119/><T42/><D135/><N who="1" m="51755" /><E56/><V5/><REACH who="2" step="1"/><F61/><REACH who="2" ten="250,250,240,250" step="2"/><W106/><G113/><T76/><D131/><AGARI ba="0,1" hai="5,10,13,51,54,57,95,98,101,124,127,129,130,131" machi="131" ten="40,8000,1" yaku="1,1,2,1,19,1,52,1,53,0" doraHai="9" doraHaiUra="115" who="2" fromWho="0" sc="250,-80,250,0,240,90,250,0" />
</Scene>
<Scene>
<INIT seed="1,0,0,3,4,11" ten="170,250,330,250" oya="1" hai0="17,22,87,101,99,38,92,129,36,135,81,97,53" hai1="78,0,30,39,134,10,62,44,4,102,41,119,77" hai2="45,76,122,57,133,12,79,49,103,69,74,86,33" hai3="91,82,117,21,7,55,104,111,65,13,75,25,5"/><U42/><E119/><V123/><F69/><W120/><G117/><T124/><D135/><U90/><E134/><V32/><F133/><W54/><G120/><T16/><D129/><U29/><E102/><V9/><F74/><W132/><G104/><T71/><D71/><U70/><E42/><N who="2" m="24759" /><F57/><W28/><G132/><T89/><D124/><U67/><REACH who="1" step="1"/><E90/><REACH who="1" ten="170,240,330,250" step="2"/><V51/><F103/><W127/><G91/><T8/><D101/><U52/><E52/><V128/><F128/><W15/><G55/><T93/><D53/><U34/><E34/><V66/><F33/><W20/><G54/><T40/><D89/><U26/><E26/><V47/><F32/><W6/><G25/><T112/><D40/><U14/><E14/><V37/><F37/><W23/><G15/><T46/><D46/><U100/><E100/><V110/><F123/><W27/><G13/><T72/><D38/><U109/><E109/><V48/><F110/><W126/><G111/><T3/><D36/><U108/><E108/><V125/><F122/><W43/><G43/><T114/><D3/><U94/><E94/><V98/><F125/><N who="3" m="47627" /><G65/><T1/><D1/><U121/><E121/><V83/><F66/><W31/><G27/><T115/><D92/><U105/><E105/><V59/><F47/><W56/><G82/><T130/><D93/><U60/><E60/><V2/><F2/><W18/><G28/><AGARI ba="0,1" hai="0,4,10,28,29,30,39,41,44,62,67,70,77,78" machi="28" ten="40,2000,0" yaku="1,1,53,0" doraHai="11" doraHaiUra="85" who="1" fromWho="3" sc="170,0,240,30,330,0,250,-20" />
</Scene>
<Scene>
<INIT seed="1,1,0,5,2,102" ten="170,270,330,230" oya="1" hai0="16,86,123,108,72,101,71,24,129,83,54,80,4" hai1="109,64,5,2,93,69,82,111,78,77,73,52,63" hai2="132,37,58,20,48,61,34,90,57,45,18,60,42" hai3="44,125,112,62,1,31,75,100,19,56,89,30,55"/><U107/><E78/><V65/><F132/><W103/><G112/><T7/><D71/><U88/><E107/><V117/><F34/><W98/><G1/><T70/><D70/><U9/><REACH who="1" step="1"/><E52/><REACH who="1" ten="170,260,330,230" step="2"/><V110/><F117/><W85/><G55/><T122/><D54/><U94/><E94/><V81/><F110/><W92/><G62/><N who="2" m="24169" /><F65/><W39/><G44/><T104/><D104/><U15/><BYE who="0" /><E15/><N who="2" m="9311" /><F37/><W113/><G92/><T40/><D40/><U115/><E115/><V97/><F97/><AGARI ba="1,1" hai="2,5,9,63,64,69,73,77,82,88,93,97,109,111" machi="97" ten="40,3900,0" yaku="1,1,54,1,53,0" doraHai="102" doraHaiUra="124" who="1" fromWho="2" sc="170,0,260,52,330,-42,230,0" /><UN n0="%E6%B5%81%E7%9F%B3%E3%81%AB%E5%83%8D%E3%81%8F" />
</Scene>
<Scene>
<INIT seed="1,2,0,0,1,67" ten="170,312,288,230" oya="1" hai0="121,3,125,20,19,118,69,77,13,8,14,62,5" hai1="80,117,126,16,98,97,42,24,10,48,75,26,101" hai2="33,103,32,23,94,123,86,81,134,64,25,44,45" hai3="99,49,41,17,105,66,71,50,127,7,124,29,52"/><U122/><E122/><V18/><F123/><W73/><G73/><T116/><D121/><U27/><E117/><V87/><F134/><W91/><G29/><T38/><D38/><U21/><E126/><N who="3" m="48170" /><G7/><T130/><D125/><U79/><E10/><V57/><F33/><W113/><G113/><T76/><D130/><U135/><E135/><V34/><F34/><W107/><G49/><T11/><D77/><U68/><E68/><V65/><F32/><W93/><G41/><T100/><D76/><U78/><E78/><V0/><F0/><W129/><G129/><T43/><D43/><U51/><E98/><N who="2" m="59863" /><F87/><W106/><G17/><T88/><D100/><U109/><E109/><V36/><F36/><W37/><G37/><T131/><D131/><U72/><E72/><V4/><F4/><W102/><G66/><N who="2" m="25705" /><F57/><N who="3" m="32919" /><G102/><T54/><D116/><U108/><E108/><V40/><F40/><W89/><G89/><AGARI ba="2,0" hai="18,23,25,44,45,81,86,89" m="25705,59863" machi="89" ten="30,1000,0" yaku="8,1" doraHai="67" who="2" fromWho="3" sc="170,0,312,0,288,16,230,-16" />
</Scene>
<Scene>
<INIT seed="2,0,0,2,1,98" ten="170,312,304,214" oya="2" hai0="55,96,63,24,34,16,107,62,27,95,15,22,86" hai1="89,7,110,57,88,38,0,59,54,8,117,31,36" hai2="29,120,2,80,69,129,17,47,87,68,39,70,56" hai3="13,28,90,41,74,82,132,9,45,103,43,44,1"/><V128/><F120/><W71/><G132/><T21/><D107/><U109/><E117/><V3/><F29/><W35/><G71/><T122/><D122/><U134/><E31/><V14/><F56/><W75/><G1/><T20/><D86/><U53/><E134/><V93/><F93/><W73/><G28/><T114/><D114/><U97/><E97/><V84/><F39/><W104/><G35/><T115/><D34/><U18/><E18/><V116/><F116/><W112/><G112/><T113/><D113/><U19/><E19/><V40/><F40/><W94/><G104/><T111/><D115/><U92/><E92/><V85/><F80/><W4/><G82/><T123/><D123/><U11/><E0/><V67/><F67/><W30/><G30/><T10/><D111/><U46/><E46/><V99/><F99/><W51/><G103/><N who="0" m="60831" /><D55/><U124/><E124/><V119/><F47/><W91/><REACH who="3" step="1"/><G94/><REACH who="3" ten="170,312,304,204" step="2"/><T12/><D27/><U65/><E110/><V81/><F81/><W78/><G78/><T79/><D79/><U100/><E100/><V58/><F119/><W106/><G106/><T48/><D24/><U125/><E109/><V60/><F3/><W66/><G66/><T135/><D135/><U52/><E125/><V61/><F2/><W5/><G5/><N who="0" m="3151" /><D48/><AGARI ba="0,1" hai="4,9,13,41,43,44,45,48,51,73,74,75,90,91" machi="48" ten="40,2600,0" yaku="1,1,9,1,53,0" doraHai="98" doraHaiUra="83" who="3" fromWho="0" sc="170,-26,312,0,304,0,204,36" />
</Scene>
<Scene>
<INIT seed="3,0,0,0,3,94" ten="144,312,304,240" oya="3" hai0="42,13,53,104,52,12,65,15,131,100,101,64,74" hai1="132,93,6,70,41,24,123,26,127,33,105,82,129" hai2="122,20,114,3,134,83,50,118,27,36,92,14,91" hai3="130,30,63,108,113,84,31,124,133,86,47,61,28"/><W40/><G113/><T22/><D74/><U117/><E70/><V76/><F118/><W57/><G130/><T55/><D42/><U46/><E105/><V97/><F3/><W4/><G133/><T9/><D22/><U75/><E123/><V54/><F122/><W7/><G124/><T5/><D131/><U0/><E127/><V45/><F134/><W110/><G40/><T96/><REACH who="0" step="1"/><D101/><REACH who="0" ten="134,312,304,240" step="2"/><U111/><E129/><V34/><F114/><W69/><G69/><T125/><D125/><U62/><E41/><V85/><F36/><W109/><G47/><T37/><D37/><U102/><E102/><V25/><F34/><W72/><G72/><T126/><D126/><U135/><E46/><V43/><F43/><W106/><G106/><T60/><D60/><N who="3" m="23113" /><G57/><T66/><AGARI ba="0,1" hai="5,9,12,13,15,52,53,55,64,65,66,96,100,104" machi="66" ten="30,7900,0" yaku="1,1,0,1,52,1,54,1,53,0" doraHai="94" doraHaiUra="32" who="0" fromWho="0" sc="134,89,312,-20,304,-20,240,-39" />
</Scene>
<Scene>
<INIT seed="4,0,0,0,0,62" ten="223,292,284,201" oya="0" hai0="43,53,6,129,117,64,81,24,38,35,126,33,55" hai1="103,82,91,69,94,132,121,87,51,1,11,95,48" hai2="104,17,52,75,119,57,124,46,76,70,25,18,61" hai3="15,22,130,34,86,67,89,71,127,106,54,123,112"/><T68/><D117/><U47/><E69/><V27/><F119/><W32/><G112/><T85/><D6/><U108/><E108/><V29/><F104/><W84/><G106/><T49/><D129/><U58/><E121/><V101/><F124/><W21/><G130/><T73/><D73/><U122/><E122/><V12/><F101/><W113/><G113/><T92/><D92/><U77/><E132/><V134/><F134/><W65/><G123/><T20/><D126/><U66/><E1/><V37/><F76/><W3/><G3/><T13/><D13/><U23/><E11/><V102/><F102/><W42/><G127/><T40/><D55/><U31/><E103/><V135/><F75/><W30/><G42/><T5/><D5/><U74/><E95/><V45/><F135/><W133/><G133/><T88/><D43/><U60/><REACH who="1" step="1"/><E47/><REACH who="1" ten="223,282,284,201" step="2"/><V10/><F70/><W14/><G71/><T120/><D120/><U100/><E100/><V79/><F37/><W44/><G44/><T111/><D111/><U98/><E98/><V72/><F45/><W39/><G39/><T16/><D38/><U96/><E96/><V80/><F46/><W28/><G54/><T56/><D40/><U26/><AGARI ba="0,1" hai="23,26,31,48,51,58,60,66,74,77,82,87,91,94" machi="26" ten="30,7900,0" yaku="1,1,0,1,52,1,53,1" doraHai="62" doraHaiUra="90" who="1" fromWho="1" sc="223,-39,282,89,284,-20,201,-20" />
</Scene>
<Scene>
<INIT seed="5,0,0,1,5,127" ten="184,371,264,181" oya="1" hai0="71,126,79,123,76,93,13,135,47,9,104,103,14" hai1="19,53,86,36,74,23,128,114,84,55,33,35,105" hai2="20,91,131,2,98,100,41,68,83,118,132,0,52" hai3="97,63,16,40,44,133,7,27,124,50,45,112,37"/><U115/><E74/><V66/><F118/><W94/><G124/><T82/><D71/><U39/><E105/><V29/><F132/><W21/><G133/><T75/><D126/><U46/><E23/><V32/><F41/><W3/><G112/><T95/><D135/><U43/><E19/><V28/><F32/><W61/><G7/><T38/><D123/><U49/><E43/><V56/><F68/><W113/><G3/><T89/><D79/><U1/><E1/><V108/><F108/><W134/><G134/><T6/><D14/><U51/><E46/><V117/><F117/><W57/><G113/><T30/><D30/><U120/><E120/><V62/><F66/><W81/><G81/><T85/><D38/><U78/><E78/><V92/><F131/><AGARI ba="0,0" hai="33,35,36,39,49,51,53,55,84,86,114,115,128,131" machi="131" ten="25,9600,0" yaku="22,2,52,2" doraHai="127" who="1" fromWho="2" sc="184,0,371,96,264,-96,181,0" />
</Scene>
<Scene>
<INIT seed="5,1,0,5,4,25" ten="184,467,168,181" oya="1" hai0="79,18,1,122,52,13,58,93,132,17,32,120,33" hai1="8,129,10,51,4,19,29,72,133,60,46,98,26" hai2="130,114,34,36,11,15,96,90,81,77,64,54,67" hai3="7,75,16,71,119,80,94,91,112,47,3,35,59"/><U40/><E72/><V6/><F130/><W82/><G71/><T66/><D1/><U2/><E129/><V100/><F34/><W86/><G35/><T5/><D66/><U39/><E133/><V83/><F114/><W88/><G112/><T123/><D79/><U44/><E60/><V135/><F36/><W61/><G119/><T69/><D69/><U110/><E110/><V30/><F135/><W109/><G109/><T111/><D111/><U95/><E19/><N who="0" m="7177" /><D93/><U134/><E134/><V127/><F127/><W89/><G47/><T101/><D101/><U12/><E2/><V70/><F70/><W41/><G41/><T38/><D38/><U65/><E65/><V20/><F54/><N who="3" m="34039" /><G7/><T9/><D132/><U121/><E121/><V107/><F90/><N who="3" m="34923" /><G3/><T84/><D84/><U115/><E115/><V124/><F124/><W28/><G28/><T14/><D14/><U53/><E12/><V126/><F126/><W104/><G104/><T56/><D56/><U43/><E4/><V117/><F117/><W48/><G48/><AGARI ba="1,0" hai="5,9,13,32,33,48,52,58,120,122,123" m="7177" machi="48" ten="30,2000,0" yaku="13,1,54,1" doraHai="25" who="0" fromWho="3" sc="184,23,467,0,168,0,181,-23" />
</Scene>
<Scene>
<INIT seed="6,0,0,4,5,16" ten="207,467,168,158" oya="2" hai0="115,10,113,106,110,63,7,2,8,95,18,114,33" hai1="66,119,0,88,12,99,56,104,14,41,59,26,34" hai2="118,85,20,122,94,91,135,83,81,75,128,73,39" hai3="64,54,24,52,46,22,100,19,101,130,98,13,80"/><V42/><F122/><W71/><G130/><T131/><D106/><U31/><E0/><V92/><F118/><W48/><G71/><T62/><D33/><U9/><E119/><V133/><F39/><W112/><G64/><T68/><D131/><U86/><E41/><V132/><F128/><W53/><G112/><T3/><D95/><N who="2" m="36394" /><F42/><N who="3" m="24663" /><G98/><T49/><D49/><U129/><E129/><V51/><F51/><W116/><G116/><T30/><D30/><U27/><E34/><V79/><F20/><N who="3" m="11375" /><G80/><T35/><D35/><U76/><E27/><V65/><F65/><W69/><G69/><T126/><D68/><U55/><E26/><V70/><F70/><W17/><AGARI ba="0,0" hai="17,22,24,52,53,54,100,101" m="11375,24663" machi="17" ten="30,7900,0" yaku="8,1,52,2,54,1" doraHai="16" who="3" fromWho="3" sc="207,-20,467,-20,168,-39,158,79" />
</Scene>
<Scene>
<INIT seed="7,0,0,0,4,89" ten="187,447,129,237" oya="3" hai0="109,69,30,48,103,6,1,125,25,124,96,33,127" hai1="47,51,113,108,74,78,90,81,85,37,53,42,101" hai2="23,29,2,65,20,3,98,36,52,67,19,11,95" hai3="122,119,15,73,46,102,130,62,116,5,0,61,131"/><W117/><G73/><T54/><D69/><U71/><E108/><V77/><F36/><W18/><G122/><T91/><D91/><U9/><E71/><V97/><F77/><W58/><G102/><T64/><D64/><U17/><E101/><V26/><F2/><W83/><G83/><T111/><D6/><U49/><E113/><V60/><F98/><W135/><G135/><T107/><D1/><U75/><E78/><V88/><F11/><N who="3" m="2471" /><G46/><AGARI ba="0,0" hai="25,30,33,46,48,54,96,103,107,109,111,124,125,127" machi="46" ten="40,1300,0" yaku="18,1" doraHai="89" who="0" fromWho="3" sc="187,13,447,0,129,0,237,-13" owari="200,-20.0,447,55.0,129,-37.0,224,2.0" />
</Scene>
</mjloggm>