<mjloggm ver="2.3"><GO type="169"/><UN n0="%41%53%41%50%49%4E" n1="%E8%85%B9%E6%B8%9B%E3%81%A3%E3%81%9F%E3%81%8A" n2="%E3%83%80%E3%83%9E%E3%83%86%E3%83%B3" n3="%E3%81%99%E3%81%9A%E3%82%81%E3%82%AF%E3%83%AC%E3%82%A4%E3%82%B8%E3%83%BC" dan="18,16,16,17" rate="2227,2110,2086,2158" sx="M,M,M,M"/><TAIKYOKU oya="0"/>

<Scene>
<INIT seed="0,0,0,2,0,125" ten="250,250,250,250" oya="0" hai0="109,103,64,69,7,76,8,41,131,120,11,49,124" hai1="91,133,46,129,43,45,58,67,72,82,66,113,18" hai2="112,17,9,106,134,94,127,130,118,92,54,33,73" hai3="3,105,60,52,89,34,40,48,44,101,25,50,29"/><T119/><D120/><U96/><E133/><V6/><F17/><W108/><G3/><T23/><D119/><U42/><E113/><V111/><F94/><W61/><G108/><T1/><D124/><U31/><E31/><V59/><F92/><W27/><G27/><T2/><D109/><U86/><E72/><V14/><F59/><W28/><G28/><T71/><D103/><U19/><E96/><V15/><F54/><W65/><G89/><T24/><D64/><N who="1" m="24619" /><E58/><V81/><F81/><W51/><G61/><T47/><D76/><U32/><E32/><V99/><F99/><W21/><G21/><T35/><D35/><U75/><E75/><V110/><F15/><W13/><G13/><T83/><D83/><U5/><E5/><V63/><F14/><W12/><G12/><T84/><D84/><U121/><E121/><V80/><F80/><W4/><G40/><N who="1" m="15402" /><E129/><V70/><F6/><W10/><G10/><T93/><D131/><U62/><E62/><V132/><F9/><W77/><G77/><T30/><REACH who="0" step="1"/><D93/><REACH who="0" ten="240,250,250,250" step="2"/><U26/><E82/><V107/><F130/><W97/><REACH who="3" step="1"/><G4/><AGARI ba="0,1" hai="1,2,4,7,8,11,23,24,30,41,47,49,69,71" machi="4" ten="40,7700,0" yaku="1,1,2,1,9,1,53,0" doraHai="125" doraHaiUra="126" who="0" fromWho="3" sc="240,87,250,0,250,0,250,-77" />
</Scene>
<Scene>
<INIT seed="0,1,0,5,1,97" ten="327,250,250,173" oya="0" hai0="86,113,20,71,108,114,47,123,104,66,98,59,130" hai1="0,106,124,1,27,54,101,95,84,122,42,100,32" hai2="51,81,65,12,73,17,14,120,16,25,74,110,30" hai3="87,70,93,119,134,52,45,117,96,19,107,60,9"/><T10/><D123/><U37/><E122/><V44/><F120/><W34/><G34/><T49/><D71/><U48/><E106/><V5/><F5/><W63/><G134/><T3/><D108/><U127/><E1/><V28/><F65/><W11/><G107/><T55/><D130/><U56/><E0/><V115/><F115/><W91/><G70/><T68/><D68/><U64/><E64/><V75/><F81/><W24/><G117/><T41/><D66/><U8/><E8/><V40/><F110/><W50/><G119/><T109/><D109/><U57/><E57/><V53/><F40/><W94/><G11/><T92/><D104/><U2/><E2/><V88/><F88/><N who="3" m="53407" /><G9/><T121/><D121/><U6/><E6/><V90/><F90/><W79/><G79/><T13/><D20/><AGARI ba="1,0" hai="19,20,24,45,50,52,60,63,91,94,96" m="53407" machi="20" ten="30,3900,0" yaku="8,1,54,2" doraHai="97" who="3" fromWho="0" sc="327,-42,250,0,250,0,173,42" />
</Scene>
<Scene>
<INIT seed="1,0,0,5,5,104" ten="285,250,250,215" oya="1" hai0="122,24,89,134,107,38,125,114,132,60,66,18,15" hai1="28,45,91,46,101,62,32,97,87,22,16,118,72" hai2="7,124,93,92,120,37,1,9,110,35,75,73,6" hai3="39,11,128,19,90,111,13,20,102,26,33,67,123"/><U108/><E118/><V63/><F120/><W57/><G39/><T8/><D114/><U71/><E72/><V113/><F37/><W43/><G111/><T42/><D122/><U56/><E71/><V41/><F41/><W76/><G76/><T5/><D107/><U31/><E108/><V96/><F35/><W49/><G33/><T2/><D125/><U129/><E129/><V44/><F110/><W21/><G102/><T100/><D100/><U3/><E3/><V59/><F44/><N who="1" m="17001" /><E97/><V52/><F124/><W34/><G34/><T130/><D42/><U82/><E101/><V131/><F131/><W40/><G21/><T103/><D103/><U12/><E32/><V36/><F36/><W133/><G128/><T27/><D89/><U51/><E51/><V4/><F113/><W25/><G49/><T135/><D38/><U58/><E58/><V116/><F116/><W112/><G57/><N who="0" m="37135" /><D130/><U47/><N who="1" m="17009" /><U77/><DORA hai="50" /><E91/><V70/><F70/><W48/><G90/><T119/><D119/><U54/><AGARI ba="0,0" hai="12,16,22,28,31,54,56,62,77,82,87" m="17009" machi="54" ten="30,6000,0" yaku="8,1,52,1,54,1" doraHai="104,50" who="1" fromWho="1" sc="285,-20,250,60,250,-20,215,-20" />
</Scene>
<Scene>
<INIT seed="1,1,0,5,5,5" ten="265,310,230,195" oya="1" hai0="76,56,40,92,78,110,109,79,72,73,123,52,88" hai1="96,43,108,7,93,12,70,71,106,104,26,13,122" hai2="80,100,46,116,107,1,103,132,3,68,64,63,91" hai3="102,113,10,112,81,16,74,22,85,27,75,9,126"/><U35/><E122/><V37/><F116/><W128/><G102/><T30/><D40/><U117/><E117/><V67/><F132/><W59/><G128/><T135/><D30/><U51/><E106/><V20/><F67/><W18/><G126/><T83/><D135/><U130/><E104/><V6/><F107/><W62/><G75/><T95/><D123/><U47/><E130/><V44/><F37/><W82/><G74/><N who="0" m="28779" /><D56/><U41/><E41/><V8/><F1/><W36/><G36/><T101/><D52/><U15/><E7/><V45/><REACH who="2" step="1"/><F20/><REACH who="2" ten="265,310,220,195" step="2"/><N who="3" m="13703" /><G113/><T14/><D109/><U114/><E108/><V54/><F54/><N who="3" m="34167" /><G112/><T4/><D110/><U90/><E114/><V118/><F118/><W2/><G2/><T84/><D14/><U29/><AGARI ba="1,1" hai="12,13,15,26,29,35,43,47,51,70,71,90,93,96" machi="29" ten="30,1500,0" yaku="0,1" doraHai="5" who="1" fromWho="1" sc="265,-6,310,28,220,-6,195,-6" />
</Scene>
<Scene>
<INIT seed="1,2,0,3,2,13" ten="259,338,214,189" oya="1" hai0="104,108,118,89,4,28,63,16,95,12,38,65,85" hai1="71,78,56,124,34,97,30,60,6,55,0,99,39" hai2="135,21,73,47,43,123,53,35,94,69,36,58,11" hai3="79,107,37,74,24,102,31,48,111,61,14,93,22"/><U105/><E39/><V10/><F123/><W67/><G37/><T9/><D118/><U121/><E121/><V29/><F35/><W17/><G111/><T131/><D108/><U110/><E110/><V20/><F73/><W3/><G3/><T133/><D104/><U84/><E124/><V32/><F69/><W1/><G1/><T106/><D106/><U44/><E6/><V70/><F70/><W27/><G107/><T130/><D38/><U82/><E0/><V49/><F32/><W64/><G79/><T120/><D120/><U132/><E132/><V115/><F135/><W86/><G74/><T117/><D117/><U19/><E105/><V62/><F115/><W51/><G27/><T50/><D133/><U90/><E71/><V116/><F116/><W59/><G67/><T72/><D72/><U52/><E30/><V42/><F94/><W98/><REACH who="3" step="1"/><G86/><REACH who="3" ten="259,338,214,179" step="2"/><T101/><D85/><U7/><E78/><V96/><F36/><W134/><G134/><T92/><D65/><U15/><E84/><V2/><F2/><W57/><G57/><T75/><D75/><U91/><E56/><V81/><F58/><W119/><G119/><T126/><D131/><U45/><E45/><V128/><F47/><W76/><G76/><T68/><D130/><U18/><E44/><V100/><F128/><W88/><G88/><T87/><D89/><U77/><E91/><V109/><F109/><W83/><G83/><T46/><D87/><U114/><E90/><V122/><F81/><W8/><AGARI ba="2,1" hai="8,14,17,22,24,31,48,51,59,61,64,93,98,102" machi="8" ten="20,16000,3" yaku="1,1,0,1,7,1,25,2,8,1,52,1,53,1" doraHai="13" doraHaiUra="54" who="3" fromWho="3" sc="259,-42,338,-82,214,-42,179,176" />
</Scene>
<Scene>
<INIT seed="2,0,0,5,0,81" ten="217,256,172,355" oya="2" hai0="91,120,72,96,4,65,94,108,115,80,66,117,122" hai1="118,46,82,131,128,30,37,49,14,73,26,10,111" hai2="43,19,29,78,107,70,69,129,60,21,44,18,95" hai3="102,86,119,31,98,92,33,40,130,135,75,67,28"/><V5/><F107/><W12/><G75/><T61/><D115/><U48/><E118/><V132/><F132/><W133/><G119/><T6/><D117/><U83/><E111/><V68/><F129/><N who="1" m="49737" /><E37/><V39/><F5/><W116/><G40/><T121/><D108/><U54/><E49/><V8/><F78/><W110/><G116/><T25/><D66/><U1/><E73/><V125/><F125/><W38/><G38/><T77/><REACH who="0" step="1"/><D25/><REACH who="0" ten="207,256,172,355" step="2"/><U87/><E26/><V47/><F70/><AGARI ba="0,1" hai="4,6,61,65,70,72,77,80,91,94,96,120,121,122" machi="70" ten="40,5200,0" yaku="1,1,2,1,53,1" doraHai="81" doraHaiUra="62" who="0" fromWho="2" sc="207,62,256,0,172,-52,355,0" />
</Scene>
<Scene>
<INIT seed="3,0,0,4,2,107" ten="269,256,120,355" oya="3" hai0="84,77,17,94,61,63,133,64,35,42,45,0,55" hai1="131,6,21,69,82,30,37,29,110,7,2,80,11" hai2="85,74,116,32,103,115,25,14,104,75,87,135,47" hai3="119,39,81,52,111,112,26,41,76,67,44,118,34"/><W19/><G112/><T97/><D35/><U105/><E105/><V70/><F70/><W128/><G128/><T114/><D0/><U134/><E69/><V56/><F116/><W106/><G106/><T33/><D33/><U71/><E71/><V5/><F135/><W90/><G67/><T92/><D114/><U126/><E37/><V22/><F115/><W125/><G125/><T1/><D1/><U16/><E82/><V53/><F32/><W13/><G90/><T9/><D133/><U83/><E80/><V4/><F47/><W10/><G111/><T31/><D31/><U54/><E54/><V60/><F87/><W66/><G66/><T132/><D132/><U15/><E83/><V3/><F3/><W123/><G123/><T23/><D9/><N who="1" m="2263" /><E134/><V88/><F103/><W78/><G78/><T130/><D77/><U12/><E126/><V18/><F104/><W100/><G100/><T121/><D121/><U20/><E110/><V89/><F89/><W38/><G38/><T48/><D55/><U8/><E131/><V28/><F28/><AGARI ba="0,0" hai="7,8,11,12,15,16,20,21,28,29,30" m="2263" machi="28" ten="30,12000,2" yaku="35,5,54,1" doraHai="107" who="1" fromWho="2" sc="269,0,256,120,120,-120,355,0" />
</Scene>
<Scene>
<INIT seed="4,0,0,4,0,117" ten="269,376,0,355" oya="0" hai0="69,43,42,109,87,97,66,95,2,105,16,85,58" hai1="84,68,107,88,48,4,13,31,40,127,55,94,65" hai2="17,36,1,118,135,81,12,14,54,67,114,60,30" hai3="34,37,72,49,110,52,83,75,20,29,53,38,121"/><T98/><D69/><U44/><E107/><V62/><F1/><W19/><G110/><T64/><D2/><U76/><E127/><V3/><F3/><W18/><G34/><T9/><D109/><U92/><E68/><V134/><F36/><W50/><G83/><T22/><D105/><U15/><E65/><V21/><F118/><W74/><G29/><T56/><D9/><N who="1" m="4263" /><E76/><V25/><F114/><W103/><G121/><T125/><D125/><U5/><E31/><V96/><F96/><W78/><G78/><T101/><D22/><U115/><E115/><V133/><F81/><W23/><G74/><T0/><D0/><U73/><E73/><V91/><F91/><W93/><G93/><T128/><D95/><N who="1" m="54663" /><E55/><V132/><N who="2" m="33792" /><DORA hai="122" /><V63/><F67/><W124/><G124/><T106/><D106/><U10/><AGARI ba="0,0" hai="5,10,15,40,44,48,92,94" m="54663,4263" machi="10" ten="30,2000,0" yaku="8,1,54,1" doraHai="117,122" who="1" fromWho="1" sc="269,-10,376,20,0,-5,355,-5" owari="259,-14.0,396,50.0,-5,-51.0,350,15.0" />
</Scene>
</mjloggm>