<mjloggm ver="2.3"><GO type="169"/><UN n0="%E3%83%99%E3%82%BF%E3%82%AA%E3%83%AA%E3%82%B9%E3%82%AF" n1="%E6%9A%97%E3%81%84%E7%AC%A6" n2="%E3%83%8F%E3%83%94%E3%83%8A%E5%90%8D%E6%8E%9B%E4%B8%81" n3="%41%53%41%50%49%4E" dan="16,16,16,19" rate="2138,2060,2100,2257" sx="M,M,M,M"/><TAIKYOKU oya="0"/>

<Scene>
<INIT seed="0,0,0,3,2,67" ten="250,250,250,250" oya="0" hai0="122,32,25,50,76,108,73,54,110,26,5,64,56" hai1="98,118,35,128,1,15,53,90,40,29,109,12,59" hai2="104,97,21,58,83,77,107,42,36,45,68,89,123" hai3="94,28,38,2,99,74,10,86,63,9,120,132,0"/><T11/><D122/><U91/><E1/><V37/><F123/><W82/><G120/><T23/><D32/><U129/><E40/><V72/><F36/><W14/><G38/><T131/><D131/><N who="1" m="50251" /><E29/><V6/><F6/><W60/><G74/><T46/><D76/><U96/><E35/><V69/><F104/><W22/><G132/><T93/><D73/><U87/><E118/><V44/><F44/><W112/><G112/><T55/><D64/><U71/><E109/><N who="0" m="42089" /><D93/><N who="1" m="56383" /><E98/><V124/><F124/><W103/><G94/><T48/><D23/><U102/><E102/><V39/><F39/><W18/><G22/><T70/><D70/><U3/><E3/><AGARI ba="0,0" hai="3,5,11,25,26,46,48,50,54,55,56" m="42089" machi="3" ten="30,2900,0" yaku="14,1,10,1" doraHai="67" who="0" fromWho="1" sc="250,29,250,-29,250,0,250,0" />
</Scene>
<Scene>
<INIT seed="0,1,0,0,0,43" ten="279,221,250,250" oya="0" hai0="118,26,42,50,76,108,1,18,100,94,128,80,49" hai1="74,111,64,132,61,110,77,98,35,60,11,105,56" hai2="89,112,92,28,52,5,126,2,46,134,124,40,15" hai3="82,119,79,24,81,91,51,0,114,115,22,14,34"/><T41/><D118/><U9/><E74/><V84/><F112/><W88/><G119/><T4/><D128/><U10/><E77/><V30/><F2/><W133/><G0/><T31/><D108/><N who="1" m="41515" /><E35/><V122/><F122/><W121/><G133/><T120/><D120/><U73/><E73/><V37/><F134/><W75/><G121/><T102/><D18/><U90/><E132/><V86/><F86/><W21/><G34/><T130/><D130/><U32/><E32/><V17/><F5/><W23/><G24/><T57/><D4/><U48/><E90/><V127/><REACH who="2" step="1"/><F52/><REACH who="2" ten="279,221,240,250" step="2"/><W135/><G135/><T12/><D1/><U71/><E98/><V63/><F63/><W123/><G123/><T97/><D97/><U33/><E61/><V125/><N who="2" m="31744" /><DORA hai="6" /><V39/><F39/><W99/><G99/><T20/><D42/><U85/><E85/><V116/><F116/><W107/><G115/><T53/><D41/><U65/><E48/><V7/><F7/><W55/><G114/><T95/><D49/><U93/><E60/><V45/><F45/><W68/><G55/><T131/><D131/><U104/><E65/><V96/><F96/><W44/><G44/><T103/><REACH who="0" step="1"/><D12/><REACH who="0" ten="269,221,240,250" step="2"/><U70/><E105/><V58/><F58/><W29/><G51/><T38/><D38/><U8/><E104/><V59/><F59/><W13/><G107/><T47/><D47/><U62/><E56/><V67/><F67/><W113/><G113/><T109/><D109/><U16/><E64/><V117/><F117/><W27/><G13/><T66/><D66/><U87/><E62/><RYUUKYOKU ba="1,2" sc="269,15,221,-15,240,15,250,-15" hai0="20,26,31,50,53,57,76,80,94,95,100,102,103" hai2="15,17,28,30,37,40,46,84,89,92" />
</Scene>
<Scene>
<INIT seed="0,2,2,0,0,71" ten="284,206,255,235" oya="0" hai0="48,44,94,13,40,39,69,107,102,20,86,31,37" hai1="49,6,100,103,5,106,36,32,130,74,78,121,120" hai2="92,96,132,83,29,111,131,26,42,108,128,16,88" hai3="127,3,110,55,116,9,68,90,117,123,19,114,17"/><T118/><D118/><U0/><E32/><N who="2" m="20535" /><F42/><W84/><G114/><T61/><D107/><U24/><E49/><V62/><F62/><W28/><G110/><N who="2" m="42025" /><F132/><W30/><G127/><T66/><D31/><U91/><E24/><V65/><F65/><W51/><G68/><T109/><D109/><U76/><E0/><V72/><F16/><W85/><G3/><T59/><D69/><U35/><E35/><V73/><F83/><W126/><G126/><T135/><D135/><U134/><E106/><V15/><F15/><W27/><G27/><T34/><D34/><U8/><E134/><V54/><F54/><W93/><G55/><T81/><D20/><U98/><E8/><V23/><F23/><W64/><G64/><T95/><D13/><U97/><E74/><AGARI ba="2,2" hai="72,73,74,88,92,96,128,131" m="42025,20535" machi="74" ten="30,2000,0" yaku="14,1,54,1" doraHai="71" who="2" fromWho="1" sc="284,0,206,-26,255,46,235,0" />
</Scene>
<Scene>
<INIT seed="1,0,0,2,1,30" ten="284,180,301,235" oya="1" hai0="112,43,20,3,1,125,83,119,10,49,16,128,46" hai1="7,96,27,99,115,116,126,6,134,110,65,64,89" hai2="108,111,37,63,36,0,100,95,31,93,42,82,74" hai3="33,4,76,85,51,133,113,52,26,23,84,18,32"/><U121/><E115/><V34/><F0/><W68/><G113/><T71/><D112/><U80/><E116/><V72/><F63/><W97/><G68/><T5/><D119/><U81/><E121/><V40/><F82/><N who="1" m="31849" /><E27/><V127/><F100/><W22/><G76/><T35/><D35/><U14/><E126/><V114/><F31/><W102/><G133/><T39/><D71/><U79/><E79/><V29/><F114/><W101/><G4/><N who="1" m="1578" /><E14/><V41/><F127/><W120/><G120/><T70/><D125/><U8/><E8/><V106/><F106/><W117/><G117/><T15/><D70/><U73/><E73/><N who="2" m="28267" /><F34/><W94/><G101/><T91/><D128/><U59/><E59/><V17/><F29/><W60/><G22/><T12/><REACH who="0" step="1"/><D39/><REACH who="0" ten="274,180,301,235" step="2"/><N who="2" m="14922" /><F17/><W50/><G33/><T48/><D48/><U67/><E134/><V54/><F54/><W122/><G32/><T104/><D104/><U38/><E38/><V13/><F41/><W62/><G50/><T86/><AGARI ba="0,1" hai="1,3,5,10,12,15,16,20,43,46,49,83,86,91" machi="86" ten="30,4000,0" yaku="1,1,0,1,54,1,53,0" doraHai="30" doraHaiUra="132" who="0" fromWho="0" sc="274,50,180,-20,301,-10,235,-10" />
</Scene>
<Scene>
<INIT seed="2,0,0,4,2,76" ten="324,160,291,225" oya="2" hai0="107,124,83,38,90,51,12,22,70,69,31,28,62" hai1="127,113,99,49,67,89,13,101,96,21,16,36,1" hai2="46,98,104,18,40,74,60,43,27,118,109,84,119" hai3="122,26,68,134,88,66,0,132,52,55,35,78,75"/><V2/><F74/><W3/><G122/><T73/><D38/><U61/><E36/><V116/><F2/><W59/><G68/><T25/><D107/><U123/><E1/><V8/><F109/><W93/><G66/><T37/><D37/><U131/><E123/><V112/><F112/><W63/><G55/><T11/><D124/><U115/><E127/><V86/><F60/><W7/><G7/><T91/><D31/><U44/><E131/><V50/><F43/><W39/><G39/><T121/><D121/><U130/><E130/><V32/><F8/><W125/><G125/><T6/><D51/><U103/><E89/><V111/><F111/><W71/><G71/><T19/><D69/><U4/><E4/><V5/><F5/><W58/><G58/><T54/><D6/><U97/><E115/><V81/><F86/><N who="3" m="52375" /><G26/><T34/><D34/><U117/><E117/><V114/><F114/><W94/><G94/><T41/><D41/><N who="1" m="24719" /><E113/><V128/><F128/><W108/><G35/><T85/><D73/><U30/><E30/><V20/><F32/><W79/><G79/><N who="0" m="46335" /><D70/><U17/><E17/><V15/><F27/><W53/><G108/><T102/><D102/><N who="1" m="38923" /><E61/><V10/><F104/><W95/><G0/><T65/><D65/><AGARI ba="0,0" hai="13,16,21,65,67,96,97,99" m="38923,24719" machi="65" ten="30,2000,0" yaku="8,1,54,1" doraHai="76" who="1" fromWho="0" sc="324,-20,160,20,291,0,225,0" />
</Scene>
<Scene>
<INIT seed="3,0,0,2,4,129" ten="304,180,291,225" oya="3" hai0="58,16,54,112,93,19,90,30,128,49,14,125,41" hai1="23,34,85,13,109,110,39,8,46,56,94,37,118" hai2="106,135,74,25,92,12,89,51,111,119,91,40,101" hai3="108,88,95,24,3,122,132,131,82,124,61,31,64"/><W130/><G122/><T126/><D112/><U68/><E34/><V26/><F119/><W43/><G3/><T57/><D128/><N who="3" m="49193" /><G124/><N who="0" m="47723" /><D30/><U65/><E23/><V36/><F74/><W18/><G43/><T103/><D103/><U22/><E68/><V63/><F36/><W42/><G42/><T45/><D14/><U98/><E85/><V6/><F106/><W77/><G18/><N who="0" m="6699" /><D41/><U67/><E22/><V55/><F101/><W9/><G9/><T121/><D121/><U107/><E107/><V100/><F100/><W1/><G1/><T27/><D27/><U73/><E73/><V84/><F40/><W4/><G4/><T5/><D5/><U97/><E118/><V105/><F6/><W117/><G117/><T79/><D79/><U80/><E13/><V133/><F12/><W15/><G15/><T53/><D53/><U21/><E21/><V123/><F105/><W120/><G120/><T70/><D70/><U99/><E8/><V81/><F123/><W50/><G24/><T29/><D29/><U60/><E39/><V2/><F2/><W28/><G31/><T47/><D47/><U33/><E46/><N who="2" m="28151" /><F26/><W52/><G28/><T10/><D10/><U83/><E37/><V48/><F25/><W7/><G7/><T32/><D32/><U0/><E33/><V11/><F11/><W114/><G114/><T87/><AGARI ba="0,0" hai="45,49,54,57,58,87,90,93" m="6699,47723" machi="87" ten="30,2000,0" yaku="18,1,54,1" doraHai="129" who="0" fromWho="0" sc="304,20,180,-5,291,-5,225,-10" />
</Scene>
<Scene>
<INIT seed="4,0,0,4,2,112" ten="324,175,286,215" oya="0" hai0="54,114,0,97,84,56,8,109,41,39,82,38,124" hai1="103,100,117,73,6,81,68,16,106,93,131,104,3" hai2="75,113,1,49,34,83,107,78,64,65,127,45,62" hai3="133,17,15,55,33,111,25,134,132,92,31,11,130"/><T36/><D114/><U23/><E68/><V12/><F1/><W27/><G55/><T59/><D124/><U32/><E73/><V94/><F113/><W9/><G92/><T4/><D109/><U37/><E37/><V35/><F107/><W19/><G111/><T60/><D97/><U21/><E81/><V135/><F135/><W44/><G44/><T79/><REACH who="0" step="1"/><D59/><REACH who="0" ten="314,175,286,215" step="2"/><U70/><E70/><V69/><F127/><W123/><G123/><T50/><D50/><U63/><E63/><V67/><F69/><W120/><G120/><T85/><D85/><U91/><E131/><V71/><F71/><W118/><G130/><T90/><D90/><U86/><E91/><V108/><F62/><W125/><G125/><T110/><D110/><U105/><E86/><V18/><F108/><W126/><G126/><T52/><D52/><U129/><E129/><V13/><F64/><W121/><G121/><T66/><D66/><U14/><E103/><V42/><F65/><W122/><G122/><T96/><D96/><U76/><E100/><V51/><F67/><W48/><G48/><T98/><D98/><U43/><E76/><V99/><F51/><W95/><G133/><T2/><D2/><U128/><E3/><V102/><F12/><W22/><G134/><T20/><D20/><AGARI ba="0,1" hai="13,18,20,34,35,42,45,49,75,78,83,94,99,102" machi="20" ten="30,1000,0" yaku="7,1" doraHai="112" who="2" fromWho="0" sc="314,-10,175,0,286,20,215,0" />
</Scene>
<Scene>
<INIT seed="5,0,0,4,3,102" ten="304,175,306,215" oya="1" hai0="61,42,49,86,93,8,122,69,27,73,97,56,132" hai1="99,14,44,83,39,75,105,131,85,31,13,60,23" hai2="16,26,57,134,104,21,88,130,108,110,45,47,37" hai3="82,10,112,5,53,58,35,32,17,41,70,115,106"/><U129/><E75/><V18/><F104/><W29/><G70/><T12/><D73/><U96/><E60/><V68/><F68/><W95/><G41/><T36/><D132/><U11/><E39/><V123/><F123/><W114/><G17/><N who="0" m="8327" /><D69/><U50/><E31/><V71/><F71/><W55/><G29/><T62/><D36/><U128/><E23/><V80/><F134/><W34/><G82/><T116/><D116/><U22/><E22/><V90/><F130/><W84/><G106/><T54/><D42/><N who="1" m="24855" /><E14/><V67/><F18/><W107/><G107/><T77/><D27/><U76/><E105/><V125/><F37/><W30/><G30/><T81/><D122/><U38/><E38/><V118/><F118/><W51/><G53/><T103/><AGARI ba="0,0" hai="49,54,56,61,62,77,81,86,93,97,103" m="8327" machi="103" ten="30,1100,0" yaku="8,1" doraHai="102" who="0" fromWho="0" sc="304,11,175,-5,306,-3,215,-3" />
</Scene>
<Scene>
<INIT seed="6,0,0,5,0,116" ten="315,170,303,212" oya="2" hai0="117,103,102,35,11,3,81,124,37,121,32,74,71" hai1="40,17,128,115,47,106,26,129,6,112,38,54,51" hai2="101,110,104,95,10,76,48,34,65,118,68,28,93" hai3="4,55,61,130,72,59,135,86,123,82,52,24,50"/><V109/><F118/><W22/><G130/><N who="1" m="50282" /><E26/><N who="2" m="18711" /><F76/><W97/><G135/><T69/><D117/><U133/><E17/><V42/><F10/><W56/><G72/><T30/><D124/><U122/><E6/><V114/><F114/><N who="1" m="43561" /><E106/><V127/><F127/><W33/><G33/><T12/><D35/><U36/><E133/><V27/><F27/><W62/><G123/><T58/><D121/><U9/><E9/><V25/><F25/><W92/><G4/><T132/><D11/><U66/><E122/><V43/><F95/><W83/><G50/><T19/><D132/><U63/><E40/><V80/><F93/><W108/><G86/><T107/><D107/><U53/><E53/><V73/><F80/><W31/><G108/><N who="2" m="41577" /><F73/><W20/><G20/><T100/><D74/><U85/><E85/><V119/><F119/><W1/><G1/><T13/><D3/><U89/><E89/><AGARI ba="0,0" hai="22,24,31,52,55,56,59,61,62,82,83,89,92,97" machi="89" ten="30,7700,0" yaku="7,1,9,1,8,1,54,1" doraHai="116" who="3" fromWho="1" sc="315,0,170,-77,303,0,212,77" />
</Scene>
<Scene>
<INIT seed="7,0,0,0,5,53" ten="315,93,303,289" oya="3" hai0="11,3,40,127,56,133,95,29,31,27,26,106,67" hai1="6,128,76,9,94,17,108,83,124,135,66,44,116" hai2="41,92,51,100,82,36,16,61,7,60,68,23,46" hai3="77,91,19,28,123,101,107,97,87,81,129,110,21"/><W13/><G123/><T118/><D106/><U96/><E108/><V103/><F68/><W79/><G110/><T8/><D118/><U98/><E124/><V64/><F36/><W119/><G119/><T71/><D71/><U1/><E116/><V47/><F7/><W132/><G132/><T130/><D127/><U86/><E135/><V113/><F47/><W14/><G129/><T78/><D133/><U109/><E128/><V72/><F113/><W12/><REACH who="3" step="1"/><G28/><REACH who="3" ten="315,93,303,279" step="2"/><T57/><D29/><U62/><E109/><V90/><F72/><W115/><G115/><T63/><D31/><U80/><E44/><V39/><F39/><W59/><G59/><T120/><D57/><U112/><E112/><V89/><F82/><W37/><G37/><T30/><D56/><U38/><E38/><V48/><F48/><W4/><G4/><T105/><D30/><U134/><E134/><V65/><F65/><W54/><G54/><T121/><D67/><U20/><E83/><V93/><F64/><W50/><G50/><T75/><D121/><U0/><E66/><V102/><F61/><W49/><G49/><T55/><D63/><U24/><E62/><V45/><F60/><W122/><G122/><T70/><D120/><U111/><E111/><V117/><F45/><W25/><AGARI ba="0,1" hai="12,13,14,19,21,25,77,79,81,87,91,97,101,107" machi="25" ten="30,3000,0" yaku="1,1,0,1,53,0" doraHai="53" doraHaiUra="2" who="3" fromWho="3" sc="315,-10,93,-10,303,-10,279,40" owari="305,11.0,83,-42.0,293,-11.0,319,42.0" />
</Scene>
</mjloggm>