<mjloggm ver="2.3"><GO type="169" lobby="0"/><UN n0="%EF%BC%A0%E6%A3%AE" n1="%E6%A1%9C%E7%8C%AB" n2="%E3%81%B2%E3%81%BD%E3%81%8D%E3%82%88%E3%81%97" n3="%41%53%41%50%49%4E" dan="16,16,18,18" rate="2058.76,2033.88,2193.94,2244.61" sx="F,F,M,M"/><TAIKYOKU oya="0"/>

<Scene>
<INIT seed="0,0,0,2,1,122" ten="250,250,250,250" oya="0" hai0="15,18,67,121,100,14,70,123,33,92,69,106,65" hai1="62,94,131,55,37,76,39,114,47,22,101,34,72" hai2="102,129,132,66,83,103,97,88,35,7,78,124,118" hai3="96,46,104,27,84,128,9,4,38,52,89,6,12"/><T64/><D106/><U112/><E34/><V25/><F124/><W63/><G128/><T120/><D33/><U134/><E131/><V119/><F132/><W75/><G75/><T81/><D81/><N who="1" m="45191" /><E134/><V57/><F7/><W93/><G38/><T23/><REACH who="0" step="1"/><D15/><REACH who="0" ten="240,250,250,250" step="2"/><U87/><E94/><N who="2" m="56519" /><F129/><W98/><G104/><T95/><D95/><U73/><E73/><V90/><F35/><W28/><G12/><T10/><D10/><U45/><E22/><V107/><F107/><W115/><G9/><T133/><D133/><U74/><E74/><V109/><F83/><W24/><G93/><T20/><D20/><U126/><E126/><V36/><F118/><W113/><G113/><T127/><D127/><U58/><E114/><V8/><F8/><W56/><G115/><T77/><D77/><U19/><E112/><V99/><F78/><W5/><G5/><T16/><D16/><U17/><E17/><V60/><F119/><W130/><G4/><T13/><D13/><U26/><E19/><V50/><F103/><W51/><G6/><T49/><D49/><U31/><E101/><V3/><F50/><W32/><G130/><T117/><D117/><U53/><E39/><V68/><F36/><W11/><G11/><T125/><D125/><U2/><E37/><V111/><F102/><W80/><REACH who="3" step="1"/><G27/><REACH who="3" ten="240,250,250,240" step="2"/><T108/><D108/><N who="2" m="41546" /><F25/><W30/><G30/><T82/><D82/><U41/><E31/><V1/><F1/><W54/><AGARI ba="0,2" hai="24,28,32,46,51,52,54,56,63,80,84,89,96,98" machi="54" ten="20,8000,1" yaku="1,1,0,1,7,1,54,1,53,1" doraHai="122" doraHaiUra="85" who="3" fromWho="3" sc="240,-40,250,-20,250,-20,240,100" />
</Scene>
<Scene>
<INIT seed="1,0,0,3,3,22" ten="200,230,230,340" oya="1" hai0="93,49,77,127,56,98,64,74,99,4,73,11,118" hai1="41,40,0,66,55,82,108,67,54,84,8,97,90" hai2="57,13,80,51,113,83,92,45,114,25,20,52,87" hai3="61,69,72,26,32,123,65,17,58,132,102,43,10"/><U94/><E108/><V18/><F114/><W70/><G123/><T6/><D118/><U100/><E0/><V121/><F121/><W116/><G72/><T122/><D122/><U15/><E41/><V24/><F113/><W14/><G116/><T3/><D127/><U48/><E40/><N who="2" m="24999" /><F92/><W81/><G132/><T85/><D6/><U115/><E115/><V128/><F128/><W134/><G134/><T53/><D64/><U63/><E63/><N who="2" m="36263" /><F83/><W86/><G43/><T104/><D104/><U125/><E125/><V126/><F126/><W79/><REACH who="3" step="1"/><G102/><REACH who="3" ten="200,230,230,330" step="2"/><T135/><D73/><U35/><E35/><V27/><F13/><W101/><G101/><T106/><D74/><U44/><REACH who="1" step="1"/><E55/><REACH who="1" ten="200,220,230,330" step="2"/><V120/><F120/><W30/><AGARI ba="0,2" hai="10,14,17,26,30,32,58,61,65,69,70,79,81,86" machi="30" ten="30,4000,0" yaku="1,1,0,1,52,1,53,0" doraHai="22" doraHaiUra="68" who="3" fromWho="3" sc="200,-10,220,-20,230,-10,330,60" />
</Scene>
<Scene>
<INIT seed="2,0,0,2,3,45" ten="190,200,220,390" oya="2" hai0="79,19,104,23,10,107,112,59,121,11,77,62,34" hai1="21,122,61,93,128,133,67,116,102,20,72,40,48" hai2="54,127,95,108,24,51,43,83,90,86,129,12,26" hai3="70,42,31,29,38,96,119,81,115,35,63,2,109"/><V114/><F127/><W110/><G119/><T4/><D121/><U134/><E116/><V84/><F129/><W33/><G2/><T68/><D34/><N who="3" m="12809" /><G115/><T32/><D32/><U56/><E72/><V15/><F114/><W25/><G25/><N who="2" m="9833" /><F43/><W22/><G22/><T118/><D118/><U53/><E40/><V17/><F17/><W60/><G81/><T3/><D68/><U49/><E128/><V120/><F108/><N who="3" m="41579" /><G96/><T94/><D112/><U80/><E122/><V65/><F65/><N who="3" m="41255" /><G63/><T111/><D111/><U113/><E113/><V27/><F120/><W14/><G14/><T131/><D131/><U0/><E0/><V6/><F6/><W92/><G92/><T41/><D94/><U87/><E93/><V74/><F74/><W50/><G38/><T37/><D37/><U82/><E80/><V89/><N who="2" m="9841" /><V97/><DORA hai="1" /><F97/><W13/><G13/><T36/><D36/><U126/><E126/><V105/><F105/><W132/><G132/><N who="1" m="50794" /><E67/><V78/><F90/><W75/><G75/><T64/><D107/><U103/><E20/><V124/><F124/><W85/><G85/><T46/><D104/><U9/><E21/><V39/><F39/><W44/><AGARI ba="0,0" hai="29,31,42,44,50" m="41255,41579,12809" machi="44" ten="40,2700,0" yaku="14,1,52,1" doraHai="45,1" who="3" fromWho="3" sc="190,-7,200,-7,220,-13,390,27" />
</Scene>
<Scene>
<INIT seed="3,0,0,5,0,101" ten="183,193,207,417" oya="3" hai0="133,16,100,120,32,3,62,122,102,18,47,10,4" hai1="86,61,125,55,12,42,132,56,124,2,26,108,103" hai2="59,121,71,128,111,118,0,21,80,123,87,5,74" hai3="88,15,104,44,64,69,67,109,58,89,105,45,36"/><W57/><G109/><T135/><D32/><U92/><E2/><V9/><F71/><W27/><G69/><T91/><D47/><U110/><E42/><V24/><F74/><W79/><G15/><T94/><D62/><U38/><E38/><V73/><F73/><W19/><G19/><N who="0" m="7211" /><D102/><U126/><E12/><V7/><F111/><N who="1" m="42537" /><E26/><V70/><F70/><W20/><G27/><T33/><D100/><U31/><E31/><V11/><F59/><W96/><G79/><T63/><D63/><U98/><E86/><V53/><F87/><W49/><G49/><T107/><D33/><U34/><E132/><N who="0" m="50761" /><D107/><N who="1" m="63991" /><E34/><V81/><F24/><W39/><G96/><AGARI ba="0,0" hai="3,4,10,91,94,96,120,122" m="50761,7211" machi="96" ten="30,2000,0" yaku="20,1,54,1" doraHai="101" who="0" fromWho="3" sc="183,20,193,0,207,0,417,-20" />
</Scene>
<Scene>
<INIT seed="4,0,0,2,4,50" ten="203,193,207,397" oya="0" hai0="80,54,76,95,55,121,87,7,120,51,60,17,19" hai1="1,10,83,42,72,28,30,109,130,6,133,34,14" hai2="115,68,65,103,40,79,74,108,127,117,129,78,57" hai3="106,27,69,132,58,73,89,128,88,43,8,26,94"/><T99/><D7/><U64/><E109/><V67/><F103/><W62/><G73/><T35/><D35/><U126/><E133/><V84/><F84/><W116/><G116/><T63/><D120/><U2/><E130/><V33/><F79/><W85/><G106/><T59/><D121/><U81/><E64/><N who="2" m="24651" /><F78/><W13/><G69/><T46/><REACH who="0" step="1"/><D60/><REACH who="0" ten="193,193,207,397" step="2"/><U61/><E126/><V36/><F33/><W134/><G62/><T41/><D41/><U75/><E34/><V86/><F40/><W56/><G43/><T49/><D49/><U47/><E61/><V119/><F127/><W71/><G132/><T22/><D22/><U82/><E1/><V114/><F108/><W135/><G134/><T111/><D111/><U9/><E72/><V4/><F74/><W31/><G135/><T70/><D70/><U96/><E75/><V11/><F68/><W25/><G71/><T110/><D110/><U24/><E2/><V118/><F36/><W48/><G48/><T5/><D5/><U39/><E6/><V97/><F4/><N who="3" m="3207" /><G128/><T102/><AGARI ba="0,1" hai="17,19,46,51,54,55,59,63,76,80,87,95,99,102" machi="102" ten="20,18000,2" yaku="1,1,0,1,7,1,8,1,52,2,53,0" doraHai="50" doraHaiUra="37" who="0" fromWho="0" sc="193,190,193,-60,207,-60,397,-60" />
</Scene>
<Scene>
<INIT seed="4,1,0,3,1,126" ten="383,133,147,337" oya="0" hai0="67,122,45,101,118,66,51,37,46,116,120,28,119" hai1="70,80,55,35,42,54,95,41,78,22,59,115,90" hai2="4,131,47,5,61,52,79,97,134,117,3,81,1" hai3="96,100,6,105,110,32,56,104,63,38,50,8,109"/><T10/><D10/><U43/><E35/><V36/><F134/><W23/><G38/><T13/><D13/><U86/><E70/><V125/><F125/><W124/><G32/><T133/><D101/><U135/><E135/><V20/><F117/><W64/><G124/><T91/><D91/><U60/><E115/><V71/><F71/><W128/><G104/><T30/><D133/><U29/><E29/><N who="0" m="11369" /><D51/><U72/><E22/><V74/><F3/><W68/><G128/><T0/><D0/><U69/><E69/><V31/><F1/><W75/><G75/><T11/><D11/><U108/><E108/><V84/><F131/><W2/><G23/><T107/><D107/><U26/><E26/><V34/><F34/><W114/><G114/><T106/><D106/><U49/><REACH who="1" step="1"/><E42/><REACH who="1" ten="383,123,147,337" step="2"/><V132/><F132/><W58/><G68/><T62/><D119/><U113/><E113/><V33/><F33/><W12/><G110/><T123/><D118/><U27/><E27/><V15/><F31/><W73/><G109/><T103/><D116/><U7/><E7/><V40/><F5/><W102/><G6/><T48/><D120/><U85/><E85/><V111/><F111/><W121/><G121/><T130/><D122/><U76/><E76/><V129/><F84/><W39/><G73/><T53/><D123/><U9/><E9/><N who="2" m="4519" /><F20/><W83/><G8/><T93/><D130/><U16/><E16/><V24/><F24/><W94/><G2/><T77/><D77/><U25/><E25/><V92/><F129/><W65/><G12/><T112/><D112/><U14/><E14/><RYUUKYOKU ba="1,1" sc="383,-10,123,30,147,-10,337,-10" hai1="41,43,49,54,55,59,60,72,78,80,86,90,95" />
</Scene>
<Scene>
<INIT seed="5,2,1,0,0,112" ten="373,153,137,327" oya="1" hai0="55,111,24,39,63,50,13,16,15,98,3,46,117" hai1="134,99,48,109,38,116,68,83,82,26,25,127,81" hai2="105,87,71,123,37,28,88,129,23,1,5,66,69" hai3="40,75,115,29,128,42,21,125,67,19,64,119,107"/><U97/><E116/><V9/><F129/><W102/><G75/><T20/><D117/><U86/><E38/><V130/><F130/><W56/><G119/><T114/><D3/><U135/><E68/><V108/><F108/><W33/><G128/><T57/><D111/><U18/><E109/><V0/><F123/><W27/><G115/><T54/><D114/><U59/><E127/><V103/><F37/><W43/><G125/><T85/><D39/><U53/><E86/><V124/><F0/><W101/><G107/><T84/><D98/><N who="1" m="37387" /><E18/><V93/><F124/><W131/><G131/><T78/><D78/><U92/><E92/><V41/><F105/><W72/><G72/><T126/><D126/><U74/><E74/><V14/><F71/><W10/><G10/><T73/><D73/><U91/><E91/><V90/><F90/><W6/><G6/><T132/><D132/><AGARI ba="2,1" hai="25,26,48,53,59,81,82,83,132,134,135" m="37387" machi="132" ten="30,1500,0" yaku="20,1" doraHai="112" who="1" fromWho="0" sc="373,-21,153,31,137,0,327,0" />
</Scene>
<Scene>
<INIT seed="5,3,0,0,1,29" ten="352,184,137,327" oya="1" hai0="84,35,76,133,116,125,9,43,28,63,74,114,47" hai1="80,126,124,128,0,75,77,82,3,110,108,56,10" hai2="34,22,45,94,120,40,90,72,61,16,30,83,121" hai3="122,107,85,1,17,25,20,59,115,48,5,117,18"/><U39/><E56/><V87/><F61/><W58/><G122/><T105/><D116/><U50/><E50/><V135/><F135/><W131/><G107/><T129/><D74/><U38/><E128/><V93/><F72/><W21/><G117/><T33/><D105/><U44/><E82/><V31/><F120/><W96/><G131/><T101/><D101/><U130/><E130/><V32/><F31/><W46/><G115/><T11/><D28/><U36/><E44/><V7/><F7/><W123/><G123/><T127/><D63/><U64/><E64/><V62/><F62/><W51/><G51/><N who="0" m="27135" /><D114/><U6/><REACH who="1" step="1"/><E0/><REACH who="1" ten="352,174,137,327" step="2"/><V26/><F121/><W79/><G58/><T53/><D129/><U134/><E134/><V89/><F83/><W68/><G59/><T111/><D133/><U23/><E23/><V4/><F45/><W103/><G48/><T78/><D11/><U112/><E112/><V92/><F87/><W12/><G85/><T49/><D9/><U14/><E14/><V65/><F65/><W57/><G1/><T67/><D84/><U132/><E132/><V70/><F40/><W41/><G57/><T8/><D67/><U73/><E73/><V54/><F54/><W69/><G46/><T119/><D53/><U52/><E52/><V109/><F22/><W113/><G41/><T13/><D49/><U102/><E102/><V2/><F2/><W66/><G113/><T88/><D8/><U60/><E60/><V81/><F81/><W15/><G66/><T24/><D13/><U37/><N who="1" m="9216" /><DORA hai="71" /><U106/><E106/><V95/><F70/><RYUUKYOKU ba="3,1" sc="352,-10,174,30,137,-10,327,-10" hai1="3,6,10,75,77,80,108,110,124,126" />
</Scene>
<Scene>
<INIT seed="5,4,1,2,2,16" ten="342,204,127,317" oya="1" hai0="61,92,55,76,134,99,83,43,63,95,90,127,66" hai1="80,114,121,5,37,59,41,93,11,74,103,105,107" hai2="64,117,51,25,89,112,35,68,23,9,124,125,28" hai3="113,27,44,13,106,115,15,133,8,21,79,97,94"/><U24/><E121/><V78/><F117/><W46/><G106/><T118/><D118/><U26/><E114/><N who="3" m="43530" /><G79/><T102/><D134/><U32/><E59/><V2/><F112/><W6/><G133/><T38/><D127/><U71/><E71/><V20/><F78/><W47/><G13/><T29/><D55/><U48/><E48/><V119/><F119/><W100/><G46/><T14/><D29/><AGARI ba="4,1" hai="6,8,15,21,27,29,44,47,94,97,100" m="43530" machi="29" ten="30,2000,0" yaku="15,1,52,1" doraHai="16" who="3" fromWho="0" sc="342,-32,204,0,127,0,317,42" />
</Scene>
<Scene>
<INIT seed="6,0,0,4,3,63" ten="310,204,127,359" oya="2" hai0="121,91,75,86,51,76,100,31,59,73,135,42,85" hai1="132,120,130,7,98,65,101,23,45,111,108,66,62" hai2="17,52,88,74,21,50,16,71,0,97,10,20,60" hai3="106,105,61,109,9,3,25,6,77,113,35,29,119"/><V38/><F74/><W8/><G109/><T116/><D121/><U39/><E120/><V94/><F38/><W78/><G119/><T22/><D116/><U131/><E7/><V48/><F0/><W118/><G118/><T26/><D135/><U126/><E23/><V99/><F10/><W124/><G124/><T112/><D100/><U33/><E33/><V40/><F97/><W54/><G113/><T37/><D37/><U87/><E87/><V123/><F123/><W127/><G127/><T47/><D76/><U92/><E126/><V19/><F40/><W93/><G8/><T41/><D41/><N who="1" m="22719" /><E62/><V107/><F107/><W18/><G18/><N who="2" m="7273" /><F71/><W133/><G133/><T114/><D85/><U117/><E117/><V129/><F129/><N who="1" m="49161" /><E132/><V14/><F21/><W4/><G4/><T12/><D12/><U82/><E82/><V13/><F14/><W5/><G5/><T28/><D28/><U56/><E56/><AGARI ba="0,0" hai="13,19,20,48,50,52,56,60,88,94,99" m="7273" machi="56" ten="30,11600,0" yaku="8,1,54,3" doraHai="63" who="2" fromWho="1" sc="310,0,204,-116,127,116,359,0" />
</Scene>
<Scene>
<INIT seed="6,1,0,2,5,89" ten="310,88,243,359" oya="2" hai0="0,18,122,7,49,107,121,115,14,32,23,83,82" hai1="131,102,105,73,81,55,94,40,85,15,62,109,25" hai2="54,77,95,56,50,5,93,20,10,35,12,38,4" hai3="118,84,92,63,34,104,135,39,126,2,16,6,124"/><V53/><F38/><W61/><G118/><T41/><D32/><U9/><E40/><V134/><F35/><W120/><G120/><T97/><D115/><U108/><E109/><V132/><F77/><W59/><G104/><T86/><D7/><U28/><E108/><V111/><F111/><W119/><G119/><T79/><D0/><U100/><E131/><V80/><F80/><W78/><G34/><T43/><D83/><U29/><E105/><V42/><F42/><W76/><G39/><T68/><D68/><U22/><E73/><V51/><F20/><W112/><G112/><T13/><D13/><U26/><E62/><V27/><F27/><W36/><G36/><T70/><D70/><U96/><E100/><V67/><F67/><W103/><G135/><N who="2" m="51753" /><F5/><W44/><G6/><T17/><D43/><U113/><E113/><V31/><F31/><W3/><G76/><T129/><D129/><U60/><E60/><V66/><F66/><N who="3" m="39231" /><G63/><T74/><D74/><U88/><E55/><V30/><F30/><W128/><G128/><T19/><D121/><U125/><E125/><V123/><F123/><W98/><G124/><T69/><D69/><U75/><E75/><V110/><F110/><W130/><G126/><T64/><D64/><U24/><REACH who="1" step="1"/><E29/><REACH who="1" ten="310,78,243,359" step="2"/><V117/><F117/><W47/><G130/><T99/><D122/><U127/><E127/><V8/><F53/><W1/><G103/><T71/><D71/><U101/><E101/><V114/><F114/><W90/><G2/><T46/><D107/><U45/><E45/><V52/><F54/><W33/><G3/><RYUUKYOKU ba="1,1" sc="310,15,78,15,243,-15,359,-15" hai0="14,17,18,19,23,41,46,49,79,82,86,97,99" hai1="9,15,22,24,25,26,28,81,85,88,94,96,102" />
</Scene>
<Scene>
<INIT seed="7,2,1,1,2,15" ten="325,93,228,344" oya="3" hai0="66,109,54,22,13,130,120,74,107,105,30,51,19" hai1="70,92,79,69,85,111,115,5,50,112,65,98,41" hai2="135,104,17,59,14,55,97,23,116,87,20,56,124" hai3="126,90,4,35,78,38,108,25,94,52,10,67,71"/><W102/><G38/><T12/><D120/><U29/><E111/><V43/><F116/><W42/><G108/><T46/><D109/><U49/><E29/><V129/><F124/><W11/><G42/><T26/><D130/><U28/><E98/><V75/><F135/><W80/><G126/><T39/><D74/><U84/><E28/><V64/><F43/><W134/><G134/><T114/><D39/><U68/><E92/><V96/><F75/><W125/><G125/><T119/><D119/><U1/><E65/><V7/><F7/><W8/><G102/><T101/><D101/><U53/><E1/><V33/><F64/><W32/><G4/><T77/><D77/><U123/><E123/><V106/><F96/><W3/><G3/><T121/><D121/><U44/><E5/><V86/><F97/><W34/><G94/><T36/><D36/><U48/><E79/><V60/><F87/><W91/><G25/><T81/><D81/><U95/><E95/><V76/><F86/><W0/><G0/><T62/><D114/><U93/><E93/><V113/><F76/><W117/><G117/><T9/><D13/><U57/><E85/><V21/><F104/><W128/><G128/><T31/><D30/><U122/><E84/><V83/><F129/><W72/><REACH who="3" step="1"/><G52/><REACH who="3" ten="325,93,228,334" step="2"/><T2/><D2/><U82/><E82/><V73/><F83/><W24/><G24/><T27/><D26/><U40/><REACH who="1" step="1"/><E122/><REACH who="1" ten="325,83,228,334" step="2"/><V63/><F73/><W132/><G132/><T61/><D61/><AGARI ba="2,3" hai="8,10,11,32,34,35,61,67,71,72,78,80,90,91" machi="61" ten="50,2400,0" yaku="1,1,53,0" doraHai="15" doraHaiUra="18" who="3" fromWho="0" sc="325,-30,83,0,228,0,334,60" owari="295,10.0,83,-42.0,228,-17.0,394,49.0" />
</Scene>
</mjloggm>