<mjloggm ver="2.3"><GO type="169"/><UN n0="%E3%83%AA%E3%83%84%E3%83%9F%E3%82%B5%E3%83%B3" n1="%E3%80%8C%E5%A4%A9%E3%80%8D" n2="%41%53%41%50%49%4E" n3="%E7%81%BC%E7%9C%BC%E3%81%AE%E3%82%B7%E3%83%A3%E3%83%8A%E3%82%BF%E3%83%B3" dan="18,16,19,16" rate="2163,2056,2199,2163" sx="M,M,M,F"/><TAIKYOKU oya="0"/>

<Scene>
<INIT seed="0,0,0,4,5,49" ten="250,250,250,250" oya="0" hai0="27,106,35,64,15,66,61,120,51,47,25,22,133" hai1="104,32,56,5,1,71,44,68,65,33,96,20,6" hai2="63,79,78,108,85,45,127,11,82,81,89,95,48" hai3="135,101,60,38,21,109,72,77,54,98,74,105,24"/><T19/><D120/><U62/><E32/><V69/><F108/><W86/><G38/><T122/><D122/><U28/><E33/><V87/><F127/><W114/><G109/><T13/><D133/><U23/><E1/><V16/><F69/><W34/><G34/><T100/><D106/><U29/><E44/><V93/><F63/><W37/><G37/><T59/><D100/><U99/><E62/><V58/><F58/><W52/><G114/><T46/><D66/><U30/><E29/><V9/><F9/><W57/><G135/><T134/><D134/><U40/><E56/><V129/><F129/><W125/><G125/><T84/><D46/><U55/><E104/><V53/><F79/><W41/><G41/><T92/><D15/><AGARI ba="0,0" hai="11,15,16,45,48,53,78,81,82,85,87,89,93,95" machi="15" ten="40,8000,1" yaku="25,2,8,1,52,1,54,1" doraHai="49" who="2" fromWho="0" sc="250,-80,250,0,250,80,250,0" />
</Scene>
<Scene>
<INIT seed="1,0,0,3,4,101" ten="170,250,330,250" oya="1" hai0="107,123,128,9,29,113,14,8,70,131,55,40,37" hai1="80,6,17,105,50,44,87,89,25,58,5,90,126" hai2="103,61,81,10,46,100,99,112,73,118,22,2,88" hai3="23,36,134,67,28,4,77,108,7,92,11,27,56"/><U49/><E126/><V21/><F112/><W71/><G36/><T85/><D70/><U110/><E105/><V104/><F118/><W94/><G71/><T127/><D113/><U39/><E39/><V15/><F2/><W86/><G108/><T65/><D65/><U41/><E110/><V119/><F119/><W31/><G134/><T18/><D29/><U63/><E50/><V91/><F100/><W72/><G31/><T0/><D40/><U78/><E89/><V79/><F61/><W117/><G72/><T96/><D37/><U124/><E124/><V120/><F120/><W111/><G111/><T53/><D127/><U47/><E47/><V51/><F22/><W121/><G121/><T132/><D123/><U82/><E17/><V106/><F21/><W24/><G23/><T84/><D132/><U97/><E25/><V13/><F106/><W12/><G27/><T54/><D107/><U38/><E38/><V130/><F13/><W48/><G12/><T95/><D8/><U26/><E26/><V115/><F130/><N who="0" m="49706" /><D0/><U43/><E43/><V68/><F68/><W3/><G3/><T45/><D45/><U109/><E109/><V133/><F115/><W66/><G11/><T116/><D116/><U69/><E69/><V59/><F133/><W83/><G117/><T1/><D1/><U93/><REACH who="1" step="1"/><E82/><REACH who="1" ten="170,240,330,250" step="2"/><N who="2" m="45423" /><F46/><W57/><G83/><T20/><D9/><U30/><E30/><V98/><F81/><W16/><G28/><T35/><D35/><U102/><E102/><AGARI ba="0,1" hai="14,18,20,53,54,55,84,85,95,96,102" m="49706" machi="102" ten="30,1000,0" yaku="19,1" doraHai="101" who="0" fromWho="1" sc="170,20,240,-10,330,0,250,0" />
</Scene>
<Scene>
<INIT seed="2,0,0,5,4,80" ten="190,230,330,250" oya="2" hai0="125,39,13,65,116,71,42,23,117,77,126,55,67" hai1="128,59,48,85,110,47,20,32,93,17,103,34,87" hai2="109,101,95,19,4,96,63,133,102,9,86,92,41" hai3="64,105,11,88,122,1,91,7,58,76,108,6,130"/><V0/><F133/><W98/><G122/><T106/><D106/><U70/><E70/><V107/><F109/><W60/><G108/><T78/><D13/><U135/><E110/><V38/><F102/><W54/><G130/><T127/><D23/><U45/><E128/><V43/><F19/><W49/><G6/><T12/><D12/><U24/><E34/><V61/><F107/><W31/><G31/><T120/><D120/><U113/><E32/><V53/><F38/><W22/><G22/><T89/><D89/><U66/><E113/><V75/><F75/><W30/><G76/><T27/><D27/><U2/><E2/><V62/><REACH who="2" step="1"/><F53/><REACH who="2" ten="190,230,320,250" step="2"/><W124/><G54/><T15/><D55/><N who="1" m="32231" /><E135/><V37/><F37/><W40/><G105/><T73/><D73/><U46/><E66/><V114/><F114/><W50/><G64/><T118/><D71/><U36/><E36/><V90/><AGARI ba="0,1" hai="0,4,9,41,43,61,62,63,86,90,92,95,96,101" machi="90" ten="30,6000,0" yaku="1,1,0,1,52,1,53,0" doraHai="80" doraHaiUra="72" who="2" fromWho="2" sc="190,-20,230,-20,320,70,250,-20" />
</Scene>
<Scene>
<INIT seed="2,1,0,2,3,121" ten="170,210,390,230" oya="2" hai0="68,30,100,114,91,75,55,32,40,132,111,63,103" hai1="110,26,23,29,51,78,22,17,54,37,70,87,44" hai2="38,86,125,58,82,85,16,20,89,126,128,46,67" hai3="57,6,83,95,96,60,13,69,47,25,127,107,62"/><V104/><F104/><W48/><G107/><T102/><D75/><U99/><E70/><V133/><F128/><W34/><G127/><T116/><D114/><U117/><E117/><V94/><F133/><W3/><G3/><T134/><D40/><U123/><E123/><V97/><F38/><W28/><G83/><T21/><D32/><U130/><E130/><V84/><F46/><W14/><G69/><T108/><D116/><U73/><E73/><V129/><F129/><W81/><G81/><T131/><D131/><U24/><E37/><V88/><F58/><W10/><G14/><T76/><D76/><U124/><E124/><N who="2" m="47723" /><F67/><W42/><REACH who="3" step="1"/><G57/><REACH who="3" ten="170,210,390,220" step="2"/><N who="0" m="35263" /><D68/><U35/><E26/><AGARI ba="1,1" hai="16,20,26,82,84,85,86,88,89,94,97" m="47723" machi="26" ten="30,5800,0" yaku="18,1,54,2" doraHai="121" who="2" fromWho="1" sc="170,0,210,-61,390,71,220,0" />
</Scene>
<Scene>
<INIT seed="2,2,0,5,4,108" ten="170,149,461,220" oya="2" hai0="117,88,10,57,85,54,0,104,50,127,79,37,2" hai1="95,120,65,52,87,47,128,94,72,7,20,78,46" hai2="1,112,35,93,39,101,64,99,96,131,62,70,80" hai3="55,82,116,68,63,92,76,26,11,107,18,9,3"/><V86/><F1/><W27/><G107/><T84/><D127/><U130/><E120/><V24/><F131/><W48/><G116/><T77/><D104/><U28/><E72/><V36/><F112/><W110/><G110/><T53/><D37/><U61/><E7/><V74/><F74/><W126/><G126/><T16/><D117/><U12/><E78/><V13/><F96/><W23/><G92/><T30/><D30/><U56/><E87/><V49/><F49/><W4/><G11/><T103/><D103/><U125/><E125/><V44/><F44/><N who="1" m="16937" /><E65/><V67/><F67/><W60/><G27/><T97/><D97/><U113/><E113/><V45/><F45/><W121/><G68/><T15/><D84/><U66/><E66/><V105/><F13/><W122/><G122/><T58/><D0/><U90/><E90/><V40/><F93/><W41/><G41/><T89/><D2/><U17/><E28/><N who="2" m="19847" /><F40/><W134/><G121/><T91/><D85/><U132/><E132/><V118/><F118/><W124/><G134/><T69/><D69/><U73/><E73/><V33/><F33/><W83/><G124/><T102/><D102/><U115/><E115/><V81/><F81/><W51/><G83/><T29/><D29/><U6/><E6/><V100/><F100/><W21/><G82/><T129/><D129/><AGARI ba="2,0" hai="12,17,20,52,56,61,94,95,128,129,130" m="16937" machi="129" ten="30,2000,0" yaku="19,1,54,1" doraHai="108" who="1" fromWho="0" sc="170,-26,149,26,461,0,220,0" />
</Scene>
<Scene>
<INIT seed="3,0,0,4,2,36" ten="144,175,461,220" oya="3" hai0="38,29,32,7,17,23,127,30,50,41,96,0,131" hai1="121,66,24,46,15,86,89,82,54,114,110,102,18" hai2="122,81,105,70,51,13,88,35,59,43,92,40,20" hai3="49,133,63,135,118,93,84,134,87,28,74,124,97"/><W47/><G118/><T123/><D38/><U27/><E114/><V119/><F119/><W8/><G74/><T130/><D123/><U37/><E121/><V10/><F70/><W76/><G124/><T55/><D96/><U62/><E110/><V103/><F35/><W42/><G28/><T126/><D55/><U69/><E102/><V33/><F33/><W117/><G117/><T125/><D50/><U5/><E5/><V75/><F122/><W90/><G76/><T21/><D32/><U99/><E99/><V60/><F103/><W58/><REACH who="3" step="1"/><G8/><REACH who="3" ten="144,175,461,210" step="2"/><N who="0" m="2151" /><D23/><U104/><E104/><V2/><F105/><W83/><G83/><T22/><D21/><U57/><E82/><V91/><F75/><W52/><AGARI ba="0,1" hai="42,47,49,52,58,63,84,87,90,93,97,133,134,135" machi="52" ten="30,18000,2" yaku="1,1,0,1,20,1,52,1,54,1,53,1" doraHai="36" doraHaiUra="39" who="3" fromWho="3" sc="144,-60,175,-60,461,-60,210,190" />
</Scene>
<Scene>
<INIT seed="3,1,0,3,4,12" ten="84,115,401,400" oya="3" hai0="127,53,90,86,131,55,24,134,116,42,107,21,9" hai1="46,114,69,60,121,49,94,128,108,48,1,104,18" hai2="6,66,132,14,118,133,87,78,38,31,10,119,83" hai3="51,57,16,82,13,109,34,110,97,99,130,36,126"/><W117/><G117/><T89/><D116/><U0/><E114/><V11/><F38/><W39/><G34/><T135/><D107/><U40/><E121/><V100/><F66/><W35/><G35/><T74/><D74/><U76/><E104/><V101/><F31/><W73/><G130/><T124/><D42/><U61/><E128/><V105/><F118/><W4/><G4/><T15/><D131/><U111/><E76/><V120/><F119/><W115/><G115/><T44/><D44/><U47/><E94/><V79/><F120/><W125/><G82/><T37/><D37/><N who="3" m="14409" /><G73/><T72/><D72/><U64/><E69/><V2/><F79/><W71/><G71/><T77/><D77/><U43/><E64/><V65/><F65/><W3/><G3/><T20/><D15/><U113/><E113/><V93/><F93/><W7/><G7/><T123/><D9/><U27/><E27/><V122/><F122/><W80/><G80/><T112/><D123/><U5/><E5/><N who="2" m="3439" /><F105/><W17/><G99/><T33/><D33/><U102/><E102/><V8/><F8/><N who="3" m="6183" /><G97/><T26/><D86/><U25/><E25/><V63/><F63/><W106/><G106/><T58/><D112/><U75/><E75/><V19/><F19/><AGARI ba="1,0" hai="0,1,18,19,40,43,46,47,48,49,60,61,108,111" machi="19" ten="25,6400,0" yaku="22,2,52,2" doraHai="12" who="1" fromWho="2" sc="84,0,115,67,401,-67,400,0" />
</Scene>
<Scene>
<INIT seed="4,0,0,1,0,101" ten="84,182,334,400" oya="0" hai0="36,66,104,46,69,84,129,94,98,82,118,110,11" hai1="13,9,29,124,44,55,53,33,107,1,14,97,92" hai2="35,73,22,59,37,109,70,61,49,72,16,133,50" hai3="39,75,119,0,38,122,80,103,20,19,120,112,87"/><T64/><D118/><U115/><E1/><V128/><F35/><W67/><G119/><T26/><D129/><U116/><E116/><V15/><F109/><W111/><G112/><T10/><D110/><U105/><E115/><V135/><F37/><W60/><G75/><N who="2" m="28745" /><F70/><W127/><G0/><T114/><D114/><U6/><E124/><V52/><F128/><W25/><G103/><T126/><D126/><U54/><E44/><V23/><F23/><W91/><G111/><T74/><D74/><U71/><E71/><V3/><F3/><W63/><G127/><T51/><D36/><U78/><E78/><V68/><F68/><N who="3" m="42111" /><G60/><T65/><D69/><U102/><REACH who="1" step="1"/><E14/><REACH who="1" ten="84,172,334,400" step="2"/><V7/><F7/><W131/><G131/><T2/><D2/><U31/><E31/><V134/><AGARI ba="0,1" hai="15,16,22,49,50,52,59,61,133,134,135" m="28745" machi="134" ten="40,5200,0" yaku="20,1,54,2" doraHai="101" who="2" fromWho="2" sc="84,-26,172,-13,334,62,400,-13" />
</Scene>
<Scene>
<INIT seed="5,0,0,5,0,88" ten="58,159,396,387" oya="1" hai0="41,52,28,73,8,53,89,76,68,114,62,0,99" hai1="72,135,70,3,17,74,102,121,120,126,25,58,81" hai2="2,90,10,45,33,127,46,113,16,110,71,115,83" hai3="47,60,86,119,42,44,11,24,57,64,32,107,129"/><U43/><E70/><V116/><F110/><W23/><G107/><T98/><D114/><N who="2" m="43530" /><F116/><W101/><G119/><T93/><D28/><U106/><E3/><V49/><F33/><W38/><G129/><T22/><D41/><U54/><E120/><V109/><F109/><W26/><G32/><T63/><D22/><U69/><E69/><V85/><F71/><W96/><G86/><T35/><D35/><U20/><E121/><V5/><F127/><W133/><G133/><T123/><D123/><U79/><E126/><V97/><F49/><W91/><G44/><T112/><D112/><U39/><E135/><V48/><F48/><W92/><G11/><T4/><D98/><U134/><E134/><V27/><F97/><W1/><G1/><T50/><D68/><U130/><E130/><V78/><F78/><W40/><G42/><T100/><D100/><U14/><E102/><V82/><F82/><W31/><G26/><T128/><D128/><U66/><E106/><V80/><F80/><W125/><G125/><T103/><D103/><U132/><E132/><V67/><F67/><W118/><G118/><T65/><D65/><U122/><E66/><V131/><F131/><W36/><G91/><T111/><D111/><U84/><E122/><V105/><F105/><W19/><REACH who="3" step="1"/><G38/><REACH who="3" ten="58,159,396,377" step="2"/><T87/><D87/><U51/><REACH who="1" step="1"/><E25/><REACH who="1" ten="58,149,396,377" step="2"/><V124/><F124/><W13/><G13/><T15/><D0/><U12/><E12/><V104/><F104/><W55/><G55/><T7/><D53/><U56/><E56/><V6/><F2/><W61/><G61/><T94/><D63/><RYUUKYOKU ba="0,2" sc="58,-15,149,15,396,-15,377,15" hai1="14,17,20,39,43,51,54,58,72,74,79,81,84" hai3="19,23,24,31,36,40,47,57,60,64,92,96,101" />
</Scene>
<Scene>
<INIT seed="5,1,2,0,5,86" ten="43,164,381,392" oya="1" hai0="113,69,78,50,73,116,11,91,74,55,98,26,9" hai1="111,85,81,2,51,77,48,115,80,109,43,68,92" hai2="131,99,15,125,19,1,60,133,56,29,94,34,83" hai3="123,124,13,40,103,76,97,63,126,64,45,17,105"/><U25/><E2/><V33/><F1/><W84/><G123/><T117/><D69/><U58/><E115/><V8/><F131/><W39/><G76/><T89/><D113/><U59/><E68/><V106/><F106/><W47/><G47/><T42/><D42/><U119/><E119/><V61/><F133/><W82/><G82/><T41/><D41/><U114/><E114/><V88/><F125/><W65/><G84/><T23/><D98/><U121/><E121/><V3/><F29/><W110/><G110/><N who="1" m="41994" /><E92/><V14/><F3/><W35/><G35/><T27/><D78/><U129/><E129/><V44/><F83/><W21/><G64/><T135/><D23/><U71/><E71/><V112/><F112/><W130/><G130/><T12/><D12/><U49/><E43/><V95/><F60/><W6/><G63/><T52/><REACH who="0" step="1"/><D50/><REACH who="0" ten="33,164,381,392" step="2"/><U30/><E81/><V107/><F15/><W118/><G13/><T4/><D4/><U22/><AGARI ba="1,3" hai="22,25,30,48,49,51,58,59,77,80,85" m="41994" machi="22" ten="30,1500,0" yaku="10,1" doraHai="86" who="1" fromWho="1" sc="33,-6,164,48,381,-6,392,-6" />
</Scene>
<Scene>
<INIT seed="5,2,0,1,3,20" ten="27,212,375,386" oya="1" hai0="40,51,26,55,89,59,82,133,135,41,134,116,119" hai1="14,0,98,30,118,111,114,8,11,32,85,81,103" hai2="115,126,77,76,57,12,33,28,7,106,42,104,73" hai3="70,113,94,48,36,49,23,44,38,63,105,101,125"/><U4/><E118/><V71/><F71/><W72/><G72/><T22/><D116/><U1/><E114/><V102/><F126/><W95/><G113/><T123/><D119/><U34/><E111/><V69/><F69/><W120/><G120/><T50/><D123/><U39/><E39/><V88/><F115/><W86/><G125/><T47/><D82/><U29/><E32/><V131/><F131/><W54/><G48/><T16/><D89/><U107/><E34/><V80/><F77/><W19/><G105/><T62/><REACH who="0" step="1"/><D41/><REACH who="0" ten="17,212,375,386" step="2"/><U121/><E121/><V64/><F88/><W99/><G101/><T53/><D53/><U132/><E132/><V25/><F42/><W117/><G54/><T35/><D35/><U78/><REACH who="1" step="1"/><E1/><REACH who="1" ten="17,202,375,386" step="2"/><V27/><F33/><W90/><G117/><T74/><D74/><U9/><E9/><V24/><F73/><W15/><G38/><AGARI ba="2,2" hai="16,22,26,38,40,47,50,51,55,59,62,133,134,135" machi="38" ten="40,8000,1" yaku="1,1,20,1,52,1,54,1,53,0" doraHai="20" doraHaiUra="122" who="0" fromWho="3" sc="17,106,202,0,375,0,386,-86" />
</Scene>
<Scene>
<INIT seed="6,0,0,3,3,24" ten="123,202,375,300" oya="2" hai0="33,11,76,13,34,106,54,131,82,5,57,3,45" hai1="116,88,80,108,44,94,104,21,7,89,59,16,19" hai2="56,72,126,125,83,96,105,98,109,100,52,101,86" hai3="73,32,79,14,6,70,75,66,77,134,49,53,110"/><V36/><F36/><W22/><G32/><T111/><D106/><U38/><E104/><V97/><F72/><W4/><G110/><T30/><D111/><U43/><E116/><V123/><F109/><W133/><G22/><T65/><D131/><U35/><E108/><V23/><F123/><W107/><G107/><T69/><D69/><U2/><E35/><V102/><F23/><W128/><G128/><T135/><D135/><U63/><E80/><V51/><REACH who="2" step="1"/><F105/><REACH who="2" ten="123,202,365,300" step="2"/><W20/><G75/><T124/><D124/><U26/><E21/><V114/><F114/><W81/><G20/><T84/><D34/><U9/><E26/><V17/><F17/><W87/><G73/><T85/><D33/><U62/><E19/><V25/><F25/><W122/><G122/><T10/><D10/><U28/><E16/><V41/><F41/><W93/><G133/><T74/><D74/><U99/><E28/><V90/><AGARI ba="0,1" hai="51,52,56,83,86,90,96,97,98,100,101,102,125,126" machi="90" ten="40,7800,0" yaku="1,1,0,1,54,1,53,0" doraHai="24" doraHaiUra="113" who="2" fromWho="2" sc="123,-26,202,-26,365,88,300,-26" />
</Scene>
<Scene>
<INIT seed="6,1,0,4,2,126" ten="97,176,453,274" oya="2" hai0="27,92,77,91,61,115,43,15,58,68,5,103,53" hai1="72,57,83,116,74,45,75,66,25,40,82,34,76" hai2="37,44,50,102,54,29,60,125,110,46,111,21,113" hai3="62,51,71,8,101,65,133,114,31,69,123,128,88"/><V49/><F102/><W106/><G123/><T80/><D115/><U17/><E116/><V73/><F73/><W36/><G36/><T93/><D68/><U121/><E121/><V112/><F29/><W109/><G109/><T20/><D43/><U59/><E82/><V4/><F21/><W10/><G71/><T89/><D5/><U47/><E47/><V55/><F4/><W120/><G120/><T129/><D15/><U23/><E34/><V14/><F14/><W41/><G31/><T48/><D103/><U98/><E98/><V24/><F24/><W130/><G114/><T13/><D13/><U7/><E7/><V1/><F1/><W42/><G133/><T19/><D48/><U100/><E100/><V11/><F11/><N who="3" m="4139" /><G88/><T94/><REACH who="0" step="1"/><D129/><REACH who="0" ten="87,176,453,274" step="2"/><N who="3" m="49769" /><G51/><T6/><D6/><U0/><E0/><V104/><F37/><W52/><G42/><T2/><D2/><U135/><E40/><V96/><F50/><W79/><G41/><T95/><N who="0" m="24064" /><DORA hai="78" /><T9/><D9/><U67/><E135/><V12/><F49/><W134/><G134/><T127/><D127/><U97/><E45/><V87/><F125/><W122/><G101/><T84/><AGARI ba="1,1" hai="19,20,27,53,58,61,77,80,84,89,91" m="24064" machi="84" ten="40,16000,3" yaku="1,1,0,1,8,1,52,1,53,4" doraHai="126,78" doraHaiUra="118,90" who="0" fromWho="0" sc="87,173,176,-41,453,-81,274,-41" />
</Scene>
<Scene>
<INIT seed="7,0,0,2,0,48" ten="260,135,372,233" oya="3" hai0="129,128,80,73,123,83,42,99,87,39,86,1,15" hai1="61,102,65,29,132,45,121,9,70,44,51,90,103" hai2="91,35,81,8,92,108,117,14,58,57,112,95,93" hai3="84,107,109,27,122,11,28,77,72,60,131,18,126"/><W110/><G107/><T25/><D1/><U38/><E121/><V66/><F108/><W54/><G122/><T135/><D123/><U46/><E132/><V13/><F35/><W49/><G131/><T97/><D42/><U6/><E38/><V106/><F106/><W75/><G126/><T30/><D39/><U17/><E29/><V24/><F117/><W114/><G60/><T119/><D15/><U16/><E102/><V133/><F133/><W33/><G114/><T64/><D64/><U43/><E103/><V53/><F112/><W116/><G116/><T2/><D2/><U0/><E45/><V111/><F111/><N who="3" m="42507" /><G84/><T37/><D37/><U59/><E70/><V134/><F134/><W82/><G11/><T7/><D135/><U130/><E130/><V113/><F113/><W120/><G18/><T127/><D119/><U101/><E101/><V26/><F91/><W79/><G120/><T100/><D127/><U118/><E118/><V22/><F81/><N who="3" m="45247" /><G49/><T115/><D100/><U40/><E90/><V23/><F8/><W3/><G3/><T76/><D115/><U105/><REACH who="1" step="1"/><E105/><REACH who="1" ten="260,125,372,233" step="2"/><V94/><F66/><W47/><G47/><T36/><D129/><U124/><E124/><V50/><F58/><W32/><G32/><T62/><D128/><U71/><E71/><V21/><F57/><W67/><G33/><T52/><D36/><U78/><E78/><V19/><F19/><W96/><G79/><T4/><D76/><U56/><E56/><V12/><F24/><W68/><G27/><T55/><D25/><U98/><E98/><V85/><F26/><RYUUKYOKU ba="0,1" sc="260,-10,125,30,372,-10,233,-10" hai1="0,6,9,16,17,40,43,44,46,51,59,61,65" owari="250,5.0,155,-34.0,372,47.0,223,-18.0" />
</Scene>
</mjloggm>