<mjloggm ver="2.3"><GO type="169" lobby="0"/><UN n0="%E6%AF%94%E5%98%89%E7%A7%80%E4%BB%81" n1="%4B%E3%80%82" n2="%41%53%41%50%49%4E" n3="%E3%82%82%E3%81%A3%E3%81%97%E3%83%BC" dan="16,17,18,17" rate="2147,2187,2194,2167" sx="M,M,M,M"/><TAIKYOKU oya="0"/>

<Scene>
<INIT seed="0,0,0,1,4,58" ten="250,250,250,250" oya="0" hai0="116,60,18,111,24,129,118,95,27,70,75,43,83" hai1="36,29,38,76,132,93,19,120,119,56,114,15,7" hai2="109,65,127,133,14,55,51,11,128,33,96,68,9" hai3="46,102,49,63,45,44,66,37,130,94,86,64,30"/><T6/><D129/><U117/><E120/><V123/><F33/><W48/><G30/><T78/><D6/><U71/><E71/><V73/><F123/><W5/><G5/><T131/><D131/><U47/><E7/><V1/><F73/><W39/><G130/><T25/><D111/><U20/><E29/><V104/><F1/><W53/><G86/><T108/><D108/><U13/><E132/><V21/><F109/><W135/><G94/><T67/><D43/><U106/><E106/><V8/><F133/><W23/><G23/><T32/><D32/><U91/><E76/><V62/><F127/><W28/><G102/><T101/><REACH who="0" step="1"/><D18/><REACH who="0" ten="240,250,250,250" step="2"/><N who="1" m="10319" /><E119/><V59/><F128/><W82/><G135/><T41/><D41/><U79/><E117/><V105/><REACH who="2" step="1"/><F96/><AGARI ba="0,1" hai="24,25,27,60,67,70,75,78,83,95,96,101,116,118" machi="96" ten="40,7700,0" yaku="1,1,52,1,53,1" doraHai="58" doraHaiUra="77" who="0" fromWho="2" sc="240,87,250,0,250,-77,250,0" />
</Scene>
<Scene>
<INIT seed="0,1,0,3,2,42" ten="327,250,173,250" oya="0" hai0="104,48,122,82,6,112,16,100,120,50,70,22,125" hai1="73,15,88,57,121,32,114,78,3,56,10,113,58" hai2="102,49,81,67,91,9,76,93,25,31,7,35,75" hai3="64,107,51,26,30,95,55,21,116,68,33,86,11"/><T60/><D112/><N who="1" m="43115" /><E121/><V46/><F67/><W96/><G116/><T109/><D6/><U117/><E32/><V72/><F102/><N who="3" m="62919" /><G11/><T53/><D125/><U41/><E3/><V4/><F72/><W18/><G86/><T87/><D109/><U135/><E135/><V24/><F24/><W66/><G95/><T103/><D50/><U71/><E71/><V131/><F9/><W8/><G8/><T36/><D36/><U115/><E117/><V62/><F62/><N who="3" m="39959" /><G66/><T47/><D60/><U133/><E133/><V63/><F63/><W108/><G108/><T124/><D70/><U128/><E115/><V14/><F14/><W5/><G5/><T20/><D124/><U126/><E126/><V84/><REACH who="2" step="1"/><F131/><REACH who="2" ten="327,250,163,250" step="2"/><W28/><G26/><T110/><D110/><U59/><E128/><V19/><F19/><W1/><G18/><T92/><D16/><U134/><E134/><V118/><F118/><W89/><G1/><T38/><D103/><U111/><E111/><V17/><F17/><W132/><G132/><T97/><D100/><U43/><E10/><V65/><F65/><W94/><G30/><T99/><D104/><U27/><E15/><V83/><F83/><W61/><G28/><T105/><D105/><U0/><E27/><V23/><F23/><W106/><G61/><T119/><D22/><U2/><E0/><V79/><F79/><W90/><G106/><T74/><D20/><U80/><E2/><V69/><F69/><W130/><G130/><T98/><D74/><U40/><N who="1" m="14336" /><DORA hai="13" /><U123/><E123/><V29/><F29/><W129/><G129/><RYUUKYOKU ba="1,1" sc="327,-15,250,15,163,15,250,-15" hai1="40,41,43,73,78,80,88" hai2="4,7,25,31,35,46,49,75,76,81,84,91,93" />
</Scene>
<Scene>
<INIT seed="1,2,1,5,0,21" ten="312,265,178,235" oya="1" hai0="19,5,64,91,32,66,58,36,31,65,94,76,131" hai1="84,40,39,77,28,1,67,6,10,14,48,112,96" hai2="100,134,120,12,45,56,97,53,119,49,33,102,63" hai3="9,42,43,103,122,23,129,105,25,51,3,115,50"/><U99/><E112/><V60/><F119/><W130/><G115/><T73/><D36/><U34/><E39/><V72/><F120/><W35/><G35/><T83/><D5/><U24/><E67/><V133/><F72/><W85/><G122/><T90/><D131/><N who="3" m="50185" /><G85/><T123/><D123/><U55/><E1/><V70/><F33/><W8/><G103/><T104/><D104/><U71/><E71/><V26/><F12/><W30/><G105/><T15/><D31/><U106/><E106/><V98/><F100/><W61/><G61/><T59/><D32/><U69/><E69/><V74/><F74/><W47/><G3/><T57/><REACH who="0" step="1"/><D94/><REACH who="0" ten="302,265,178,235" step="2"/><U113/><E113/><V41/><F134/><W127/><G127/><T82/><D82/><N who="1" m="47183" /><E55/><V0/><F133/><W27/><G42/><T79/><D79/><U107/><E107/><V92/><F53/><W88/><G43/><T111/><D111/><U37/><E37/><V68/><F41/><W124/><G124/><T18/><D18/><U16/><E16/><V11/><F0/><W110/><G110/><T86/><D86/><U2/><E2/><V117/><F117/><W132/><G132/><T17/><D17/><U121/><E121/><V87/><F87/><W114/><G114/><T101/><D101/><U44/><AGARI ba="2,2" hai="6,10,14,24,28,34,40,44,48,96,99" m="47183" machi="44" ten="30,3000,0" yaku="25,1,52,1" doraHai="21" who="1" fromWho="1" sc="302,-12,265,56,178,-12,235,-12" />
</Scene>
<Scene>
<INIT seed="1,3,0,0,1,58" ten="290,321,166,223" oya="1" hai0="130,8,81,57,37,4,90,114,99,24,40,23,135" hai1="30,67,68,95,70,14,28,129,98,127,100,46,60" hai2="19,120,50,116,76,93,52,63,53,71,18,35,78" hai3="111,106,125,80,105,115,29,43,17,56,15,126,110"/><U89/><E129/><V83/><F116/><W51/><G115/><T3/><D114/><U69/><E127/><N who="3" m="48650" /><G29/><T82/><D130/><U65/><E46/><V13/><F120/><W134/><G134/><T107/><D135/><U118/><E118/><V33/><F33/><W123/><G123/><T16/><D40/><U113/><E113/><V77/><F35/><W20/><G80/><T21/><D37/><U47/><E47/><N who="2" m="27743" /><F71/><W5/><G5/><T101/><D90/><U39/><E39/><V48/><F83/><W2/><G2/><T44/><D44/><U62/><E69/><V102/><F48/><W84/><G84/><T36/><D36/><U49/><E49/><V0/><F0/><W27/><G27/><T66/><REACH who="0" step="1"/><D23/><REACH who="0" ten="280,321,166,223" step="2"/><U109/><E109/><N who="3" m="41482" /><G43/><T117/><D117/><U12/><E89/><V132/><F132/><W79/><G79/><T122/><D122/><U38/><E38/><V45/><F76/><W9/><G20/><T54/><D54/><AGARI ba="3,1" hai="9,15,17,51,54,56,105,106" m="41482,48650" machi="54" ten="30,2000,0" yaku="18,1,14,1" doraHai="58" who="3" fromWho="0" sc="280,-29,321,0,166,0,223,39" />
</Scene>
<Scene>
<INIT seed="2,0,0,5,1,14" ten="251,321,166,262" oya="2" hai0="39,114,24,9,127,101,81,118,59,40,60,71,22" hai1="57,70,47,64,4,120,33,27,111,10,65,95,126" hai2="37,48,32,41,107,63,50,73,18,109,30,17,68" hai3="85,2,97,88,122,25,96,26,117,74,115,80,3"/><V38/><F107/><W43/><G117/><T121/><D121/><U55/><E70/><V34/><F73/><W6/><G122/><T105/><D71/><U116/><E116/><V90/><F68/><W131/><G74/><T132/><D118/><U92/><E120/><V7/><F7/><W61/><G131/><T93/><D105/><U135/><E47/><V0/><F90/><W134/><G134/><T58/><D114/><U16/><E135/><V62/><F30/><W76/><G43/><T103/><D132/><U86/><E126/><V84/><F84/><W129/><G129/><T56/><D127/><U44/><E111/><V133/><F133/><W130/><G130/><T112/><D81/><U89/><E44/><V124/><F124/><W75/><G115/><T125/><D125/><U67/><E33/><V12/><F12/><W78/><G2/><T102/><D40/><U15/><E95/><V8/><F41/><W82/><G76/><T45/><D45/><U108/><E108/><V19/><F19/><W42/><G42/><T1/><D39/><U110/><E110/><V11/><REACH who="2" step="1"/><F109/><REACH who="2" ten="251,321,156,262" step="2"/><W79/><G6/><T104/><D112/><U51/><E27/><N who="3" m="10250" /><G3/><AGARI ba="0,1" hai="0,3,8,11,17,18,32,34,37,38,48,50,62,63" machi="3" ten="25,12000,1" yaku="1,1,22,2,52,2,53,0" doraHai="14" doraHaiUra="36" who="2" fromWho="3" sc="251,0,321,0,156,130,262,-120" />
</Scene>
<Scene>
<INIT seed="2,1,0,0,3,62" ten="251,321,286,142" oya="2" hai0="18,39,98,113,91,87,107,30,89,31,35,57,77" hai1="43,56,63,94,45,135,101,48,110,4,68,27,64" hai2="50,34,120,58,124,127,112,20,73,47,11,9,42" hai3="69,132,26,125,90,10,85,23,51,22,97,52,79"/><V99/><F112/><W36/><G36/><T109/><D109/><U100/><E110/><V67/><F120/><W108/><G108/><T105/><D39/><U115/><E115/><V55/><F34/><W13/><G69/><T126/><D126/><N who="2" m="48170" /><F73/><W95/><G125/><T37/><D37/><U121/><E121/><V128/><F128/><W1/><G1/><T78/><D35/><U117/><E117/><V7/><F20/><W14/><G132/><T16/><D113/><U104/><E135/><V60/><F99/><W0/><G0/><T133/><D133/><U134/><E134/><V66/><F11/><W44/><G10/><T88/><D57/><U38/><E104/><N who="0" m="40009" /><D87/><U103/><E4/><V24/><F24/><W111/><G111/><T65/><D65/><N who="2" m="24586" /><F9/><W8/><G8/><T41/><D98/><N who="1" m="59479" /><E27/><V6/><AGARI ba="1,0" hai="6,7,42,47,50,55,58,60" m="24586,48170" machi="6" ten="30,11700,0" yaku="18,1,52,3" doraHai="62" who="2" fromWho="2" sc="251,-40,321,-40,286,120,142,-40" />
</Scene>
<Scene>
<INIT seed="2,2,0,5,3,109" ten="211,281,406,102" oya="2" hai0="52,53,90,77,50,55,11,82,42,80,131,58,4" hai1="119,33,128,41,66,6,79,8,49,71,75,81,101" hai2="43,16,84,97,5,20,19,63,37,129,36,122,94" hai3="93,68,113,72,78,26,134,70,10,64,39,62,126"/><V89/><F122/><W3/><G39/><T61/><D131/><U23/><E33/><V132/><F129/><W54/><G134/><T12/><D90/><U124/><E128/><V25/><F132/><W74/><G70/><T35/><D35/><U21/><E124/><V96/><F5/><W127/><G26/><T83/><REACH who="0" step="1"/><D77/><REACH who="0" ten="201,281,406,102" step="2"/><U85/><E79/><V133/><F89/><W44/><G78/><T31/><D31/><U105/><E119/><V1/><F133/><W57/><G127/><T0/><D0/><U9/><E101/><V14/><F1/><W103/><G126/><T95/><D95/><U115/><E105/><V110/><F94/><W111/><G93/><T65/><D65/><U112/><E66/><V108/><F108/><W60/><G103/><T99/><D99/><U59/><E81/><V22/><F96/><W91/><G91/><T123/><D123/><U88/><E88/><V46/><F97/><W40/><G111/><T27/><D27/><U17/><E112/><V47/><F110/><W135/><G113/><T67/><D67/><U7/><E115/><V69/><F25/><W15/><G3/><T107/><D107/><U29/><E29/><V34/><F34/><W117/><G135/><T120/><D120/><U24/><E24/><V30/><F30/><W32/><G32/><T51/><D51/><U102/><E49/><V104/><F104/><W76/><G76/><T98/><D98/><U118/><E102/><V116/><F36/><N who="3" m="21511" /><G117/><T38/><D38/><U125/><E118/><V106/><F37/><W48/><G48/><T100/><D100/><RYUUKYOKU ba="2,1" sc="201,15,281,-15,406,-15,102,15" hai0="4,11,12,42,50,52,53,55,58,61,80,82,83" hai3="10,15,54,57,60,62,64,68,72,74" />
</Scene>
<Scene>
<INIT seed="3,3,1,5,3,28" ten="216,266,391,117" oya="3" hai0="47,2,103,123,96,114,88,67,21,107,128,11,98" hai1="124,77,127,126,80,120,116,43,118,10,132,129,101" hai2="56,59,99,104,102,111,44,19,55,73,30,135,54" hai3="45,3,40,87,86,41,90,66,46,37,130,125,133"/><W68/><G3/><T89/><D123/><U58/><E43/><V106/><F73/><W39/><G133/><T18/><D128/><U109/><E10/><V33/><F135/><W17/><G130/><T84/><D114/><U24/><E129/><V97/><F111/><W62/><G125/><T105/><D67/><U93/><E132/><V4/><F4/><W36/><G37/><T42/><D2/><U29/><E58/><V20/><F44/><W23/><REACH who="3" step="1"/><G90/><REACH who="3" ten="216,266,391,107" step="2"/><T71/><D89/><U69/><E120/><V26/><F102/><W76/><G76/><T34/><D103/><U64/><E109/><V60/><F104/><W52/><G52/><T92/><D107/><U113/><E113/><V83/><F106/><W134/><G134/><T121/><D105/><U27/><E118/><V65/><F55/><W100/><G100/><T70/><D121/><U119/><E119/><V8/><F54/><W35/><G35/><T48/><D34/><U94/><E116/><V63/><F33/><W108/><G108/><T15/><D98/><U81/><E101/><V57/><F97/><W13/><AGARI ba="3,2" hai="13,17,23,36,39,40,41,45,46,62,66,68,86,87" machi="13" ten="20,12000,1" yaku="1,1,0,1,7,1,9,1,53,1" doraHai="28" doraHaiUra="14" who="3" fromWho="3" sc="216,-43,266,-43,391,-43,107,149" />
</Scene>
<Scene>
<INIT seed="3,4,0,5,1,99" ten="173,223,348,256" oya="3" hai0="133,91,90,128,70,19,51,58,16,10,46,103,106" hai1="126,117,124,80,47,20,33,2,44,41,96,53,13" hai2="0,110,29,38,59,105,26,125,92,134,60,71,77" hai3="130,107,135,73,113,50,22,40,62,74,45,108,118"/><W119/><G113/><T81/><D70/><U25/><E2/><V32/><F38/><W4/><G135/><T122/><D133/><U35/><E117/><V120/><F0/><W123/><G123/><T100/><D106/><U49/><E80/><V61/><F134/><W111/><G107/><T95/><D122/><U87/><E87/><V9/><F120/><W68/><G130/><T127/><D127/><N who="1" m="48683" /><E13/><V66/><F125/><W37/><G4/><T34/><D34/><U65/><E65/><V131/><F131/><W54/><G73/><T14/><D81/><U52/><E96/><V102/><F92/><W121/><G22/><T88/><D128/><U116/><E116/><N who="3" m="44586" /><G74/><T84/><D19/><N who="1" m="12447" /><E53/><V89/><F66/><N who="3" m="41047" /><G121/><T101/><D58/><AGARI ba="4,0" hai="37,40,45,50,54,58,108,111" m="41047,44586" machi="58" ten="30,5800,0" yaku="24,1,34,2" doraHai="99" who="3" fromWho="0" sc="173,-70,223,0,348,0,256,70" />
</Scene>
<Scene>
<INIT seed="3,5,0,1,0,13" ten="103,223,348,326" oya="3" hai0="83,119,90,39,128,71,77,67,74,35,78,12,88" hai1="107,84,14,30,2,101,126,102,110,89,53,80,20" hai2="44,69,121,105,73,87,86,116,96,112,97,114,21" hai3="123,1,65,72,124,52,117,45,18,79,46,33,56"/><W64/><G33/><T29/><D39/><U59/><E2/><V42/><F69/><W57/><G1/><T63/><D119/><U43/><E110/><V104/><F116/><W3/><G3/><T55/><D128/><U85/><E126/><V92/><F44/><N who="3" m="17003" /><G72/><T76/><D55/><U81/><E43/><V10/><F42/><W134/><G79/><T22/><D78/><U25/><E107/><V7/><F7/><W120/><G117/><T68/><D77/><U8/><E84/><V95/><F10/><W111/><G18/><T37/><D37/><U61/><REACH who="1" step="1"/><E80/><REACH who="1" ten="103,213,348,326" step="2"/><V99/><F105/><W130/><G124/><T75/><D75/><U129/><E129/><V135/><F73/><W28/><G130/><T9/><D83/><U0/><E0/><V103/><F104/><W49/><G111/><T113/><D74/><U38/><E38/><V132/><F114/><W36/><G36/><T133/><D113/><U66/><E66/><N who="3" m="25706" /><G28/><T91/><D29/><U19/><AGARI ba="5,1" hai="8,14,19,20,25,30,53,59,61,81,85,89,101,102" machi="19" ten="20,12000,2" yaku="1,1,0,1,7,1,8,1,52,1,53,1" doraHai="13" doraHaiUra="24" who="1" fromWho="1" sc="103,-35,213,145,348,-35,326,-65" />
</Scene>
<Scene>
<INIT seed="4,0,0,2,0,125" ten="68,358,313,261" oya="0" hai0="89,48,126,13,119,58,78,11,32,102,5,114,41" hai1="52,108,94,109,19,68,10,132,123,30,95,128,116" hai2="16,88,129,64,100,38,77,106,54,69,7,96,105" hai3="79,83,47,92,72,101,91,63,53,113,59,110,44"/><T82/><D119/><U39/><E116/><V124/><F38/><W37/><G110/><T45/><D32/><U20/><E123/><V40/><F40/><W18/><G113/><T55/><D126/><U130/><E39/><V65/><F124/><W80/><G37/><T117/><D117/><U81/><E68/><V76/><F106/><W14/><G83/><T75/><D114/><U17/><E81/><V135/><F135/><W90/><G101/><T3/><D102/><U56/><E132/><V34/><F34/><W104/><G104/><T51/><REACH who="0" step="1"/><D89/><REACH who="0" ten="58,358,313,261" step="2"/><U0/><E109/><V93/><F88/><W23/><G91/><T8/><D8/><U46/><E108/><V4/><F100/><W99/><AGARI ba="0,1" hai="14,18,23,44,47,53,59,63,72,79,80,90,92,99" machi="99" ten="20,1500,0" yaku="0,1,7,1" doraHai="125" who="3" fromWho="3" sc="58,-7,358,-4,313,-4,261,25" />
</Scene>
<Scene>
<INIT seed="5,0,0,4,4,24" ten="51,354,309,286" oya="1" hai0="132,67,61,1,62,11,121,27,35,52,103,76,0" hai1="58,128,16,37,75,57,46,118,32,45,107,54,77" hai2="59,126,109,12,87,64,93,40,94,78,44,53,4" hai3="21,108,49,95,17,86,80,42,73,92,122,119,129"/><U34/><E118/><V115/><F109/><W116/><G108/><T85/><D121/><U66/><E107/><V112/><F126/><W79/><G122/><T134/><D103/><U89/><E128/><V88/><F64/><W100/><G129/><T3/><D11/><U50/><E89/><V133/><F133/><W23/><G73/><T124/><D124/><U123/><E123/><V113/><F78/><W43/><G23/><T91/><D76/><U60/><E16/><V22/><F22/><W127/><G127/><T120/><D120/><U26/><E37/><N who="2" m="21519" /><F12/><N who="3" m="9383" /><G100/><T84/><D84/><U33/><REACH who="1" step="1"/><E26/><REACH who="1" ten="51,344,309,286" step="2"/><V31/><F4/><W83/><G119/><T29/><D134/><U51/><E51/><N who="2" m="31167" /><F31/><W99/><G116/><T55/><D132/><U36/><E36/><V98/><F98/><W90/><G49/><T10/><D10/><U13/><E13/><V65/><F65/><W9/><G79/><T6/><D6/><U8/><E8/><V81/><AGARI ba="0,1" hai="81,87,88,93,94,112,113,115" m="31167,21519" machi="81" ten="30,4000,0" yaku="15,1,11,1,54,1" doraHai="24" who="2" fromWho="2" sc="51,-10,344,-20,309,50,286,-10" />
</Scene>
<Scene>
<INIT seed="6,0,0,5,0,123" ten="41,324,359,276" oya="2" hai0="74,63,131,56,29,18,65,30,110,129,47,41,13" hai1="134,19,98,102,50,116,122,97,55,49,67,53,26" hai2="9,52,46,113,17,83,124,118,24,87,103,76,109" hai3="64,7,28,126,2,99,27,21,132,70,115,3,59"/><V119/><F113/><W5/><G70/><T22/><D74/><U117/><E122/><V40/><F124/><W11/><G126/><T130/><D30/><U96/><E134/><V39/><F109/><W73/><G73/><T57/><D29/><U75/><E75/><V10/><F103/><W82/><G82/><T127/><D127/><U135/><E135/><V42/><F42/><W25/><G132/><T43/><D57/><U33/><E33/><V32/><F32/><N who="3" m="20495" /><G99/><T48/><REACH who="0" step="1"/><D43/><REACH who="0" ten="31,324,359,276" step="2"/><U14/><E116/><V31/><F31/><W0/><G59/><T6/><D6/><U20/><E117/><V1/><F40/><W84/><G7/><T91/><D91/><U78/><E102/><V12/><F118/><W95/><G5/><T80/><D80/><U51/><E78/><V38/><F83/><W62/><G115/><T128/><N who="0" m="32768" /><DORA hai="112" /><T16/><D16/><N who="1" m="12551" /><E67/><V60/><F17/><W8/><G64/><T44/><D44/><U125/><E125/><V89/><F46/><W72/><G72/><T121/><D121/><U104/><E104/><V93/><F76/><W105/><G105/><T23/><D23/><AGARI ba="0,1" hai="14,19,23,49,50,51,53,55,96,97,98" m="12551" machi="23" ten="30,2000,0" yaku="8,1,54,1" doraHai="123,112" who="1" fromWho="0" sc="31,-20,324,30,359,0,276,0" />
</Scene>
<Scene>
<INIT seed="7,0,0,4,1,122" ten="11,354,359,276" oya="3" hai0="29,57,124,21,134,20,32,102,53,112,123,93,92" hai1="107,70,87,103,38,14,117,85,59,19,106,25,129" hai2="91,47,81,113,33,36,98,75,121,135,9,101,18" hai3="2,7,118,77,74,79,132,58,44,67,4,24,28"/><W133/><G118/><T109/><D123/><U13/><E70/><V119/><F121/><W11/><G4/><T31/><D32/><U49/><E38/><V82/><F119/><W111/><G111/><T63/><D109/><U104/><E117/><V54/><F33/><W128/><G128/><T68/><D68/><U99/><E129/><V26/><F75/><W89/><G44/><T105/><D105/><U71/><E71/><V40/><F113/><W60/><G89/><T50/><D112/><U0/><E0/><V16/><F135/><N who="3" m="51787" /><G74/><T43/><D134/><U80/><E25/><V61/><F91/><W6/><G6/><T116/><D116/><U96/><E14/><V110/><F110/><W15/><G2/><T10/><D124/><U90/><E85/><V69/><F18/><W23/><AGARI ba="0,0" hai="7,11,15,23,24,28,58,60,67,77,79" m="51787" machi="23" ten="30,1500,0" yaku="20,1" doraHai="122" who="3" fromWho="3" sc="11,-5,354,-5,359,-5,276,15" />
</Scene>
<Scene>
<INIT seed="7,1,0,1,2,20" ten="6,349,354,291" oya="3" hai0="48,112,94,131,54,104,64,133,71,59,36,56,132" hai1="55,114,105,123,33,77,102,130,15,63,126,61,134" hai2="66,89,21,95,118,72,16,100,125,43,88,93,51" hai3="12,115,29,92,96,47,67,1,17,135,11,106,116"/><W113/><G116/><T62/><D94/><N who="2" m="35850" /><F118/><W41/><G106/><T8/><D8/><U81/><E123/><V35/><F35/><W46/><G135/><T60/><D104/><U14/><E33/><V50/><F72/><W110/><G110/><T38/><D112/><N who="3" m="43081" /><G67/><T65/><D131/><U32/><E32/><V85/><F125/><W78/><G78/><T107/><D107/><U87/><E114/><V90/><F66/><W69/><G69/><T45/><D133/><U101/><E126/><V22/><F100/><N who="1" m="38505" /><E105/><V70/><F70/><W4/><G41/><T73/><D73/><U76/><E130/><V24/><F43/><W6/><G29/><T83/><D83/><U44/><E77/><V7/><F7/><N who="3" m="2603" /><G1/><T109/><D109/><U117/><E117/><V80/><F21/><W13/><G13/><N who="1" m="4618" /><E134/><V31/><F31/><W79/><G79/><AGARI ba="1,0" hai="16,22,24,50,51,79,80,85,88,89,90" m="35850" machi="79" ten="30,7700,0" yaku="8,1,52,1,54,2" doraHai="20" who="2" fromWho="3" sc="6,0,349,0,354,80,291,-80" owari="6,-49.0,349,15.0,434,53.0,211,-19.0" />
</Scene>
</mjloggm>