<mjloggm ver="2.3"><GO type="169"/><UN n0="%41%53%41%50%49%4E" n1="%61%62%61%6E%74%65%73" n2="%E3%83%AD%E3%83%AA%E3%83%BC%E3%82%BF%E3%81%AA%E7%84%BC%E8%82%89" n3="%49%47%41" dan="18,16,17,16" rate="2226,2108,2149,2109" sx="M,M,M,M"/><TAIKYOKU oya="0"/>

<Scene>
<INIT seed="0,0,0,0,2,12" ten="250,250,250,250" oya="0" hai0="61,46,98,69,78,60,64,93,128,79,28,89,96" hai1="132,38,106,53,119,124,103,81,71,102,5,94,10" hai2="87,9,127,113,1,3,112,107,16,82,75,131,18" hai3="110,25,54,13,134,6,72,117,49,45,2,21,44"/><T118/><D118/><U133/><E106/><V29/><F107/><W47/><G117/><T34/><D128/><U68/><E119/><V4/><F75/><W37/><G72/><T74/><D74/><U62/><E38/><V7/><F131/><W56/><G2/><T80/><D80/><U97/><E102/><V99/><F99/><W91/><G134/><N who="1" m="51818" /><E81/><V8/><F127/><W30/><G110/><T105/><D46/><U0/><E124/><V55/><F55/><W125/><G125/><T95/><D60/><U36/><E36/><V109/><F109/><W35/><G91/><T65/><D65/><U120/><E120/><V41/><F41/><W76/><G76/><T101/><REACH who="0" step="1"/><D95/><REACH who="0" ten="240,250,250,250" step="2"/><U58/><AGARI ba="0,1" hai="0,5,10,53,58,62,68,71,94,97,103" m="51818" machi="58" ten="30,1100,0" yaku="20,1" doraHai="12" who="1" fromWho="1" sc="240,-5,250,21,250,-3,250,-3" />
</Scene>
<Scene>
<INIT seed="1,0,0,4,0,15" ten="235,271,247,247" oya="1" hai0="122,59,30,4,66,102,54,115,79,72,12,131,109" hai1="24,85,73,105,80,17,104,97,45,20,86,6,93" hai2="40,116,43,27,87,75,70,114,71,103,117,38,123" hai3="96,39,5,64,95,49,62,19,16,34,37,112,107"/><U21/><E73/><V50/><F87/><W128/><G112/><T0/><D115/><U60/><E6/><V127/><F114/><W57/><G34/><T56/><D109/><U47/><E85/><V81/><F103/><N who="3" m="60831" /><G107/><T32/><D131/><U124/><E124/><V94/><F94/><W69/><G39/><T35/><D0/><U28/><E104/><V42/><F123/><W98/><G37/><T29/><D122/><U133/><E105/><V89/><F127/><W33/><G33/><T36/><D36/><U78/><E60/><V53/><F38/><W82/><G69/><T125/><D125/><U129/><E133/><V99/><F70/><W118/><G128/><T10/><D102/><N who="1" m="60719" /><E129/><V74/><F71/><W26/><G5/><T126/><D126/><U9/><E9/><V7/><F7/><W83/><G98/><T11/><D11/><U67/><E67/><V108/><F99/><W14/><G49/><N who="0" m="30799" /><D35/><U92/><E92/><V18/><F75/><W63/><G63/><N who="0" m="38271" /><D32/><U22/><E22/><N who="2" m="13783" /><F74/><W135/><G135/><T44/><D72/><U76/><E78/><V84/><F108/><W113/><G113/><T111/><D79/><U23/><E23/><V1/><F1/><W91/><G118/><T55/><D111/><U51/><E51/><AGARI ba="0,0" hai="4,10,12,29,30,44,51,55" m="38271,30799" machi="51" ten="30,1000,0" yaku="8,1" doraHai="15" who="0" fromWho="1" sc="235,10,271,-10,247,0,247,0" />
</Scene>
<Scene>
<INIT seed="2,0,0,3,0,13" ten="245,261,247,247" oya="2" hai0="41,34,10,101,32,133,84,62,22,107,118,115,69" hai1="92,28,71,91,98,58,39,128,96,120,67,86,44" hai2="9,59,68,113,3,109,106,66,114,30,56,8,99" hai3="134,70,127,111,45,105,131,77,29,85,1,63,122"/><V95/><F106/><W80/><G122/><T21/><D115/><U25/><E71/><V47/><F113/><W123/><G123/><T35/><D133/><U55/><E120/><V40/><F114/><W65/><G1/><T119/><D41/><U116/><E116/><N who="0" m="44585" /><D84/><U4/><E4/><V94/><F109/><W97/><G111/><T78/><D78/><U14/><E128/><V88/><F30/><W76/><G131/><T81/><D81/><U125/><E125/><V6/><F8/><W130/><G130/><T83/><D83/><U23/><E14/><V129/><F129/><W74/><G127/><T57/><D69/><U90/><E90/><V124/><F124/><W82/><G134/><T103/><D10/><U48/><E39/><V89/><F66/><W7/><G7/><T87/><D87/><U50/><REACH who="1" step="1"/><E67/><REACH who="1" ten="245,251,247,247" step="2"/><V27/><F68/><W11/><G70/><T5/><D5/><U102/><E102/><N who="0" m="38921" /><D107/><U0/><E0/><V43/><F3/><W2/><G2/><T100/><D100/><U135/><E135/><V37/><F6/><W53/><G105/><T42/><D42/><AGARI ba="0,1" hai="23,25,28,42,44,48,50,55,58,86,91,92,96,98" machi="42" ten="30,3900,0" yaku="1,1,7,1,8,1,53,0" doraHai="13" doraHaiUra="117" who="1" fromWho="0" sc="245,-39,251,49,247,0,247,0" />
</Scene>
<Scene>
<INIT seed="3,0,0,3,2,35" ten="206,300,247,247" oya="3" hai0="129,79,11,88,113,120,130,72,49,117,128,67,80" hai1="44,111,42,22,46,28,94,127,45,21,63,37,27" hai2="47,18,55,78,13,90,30,70,102,53,82,106,134" hai3="29,0,19,33,24,16,99,116,104,51,52,93,91"/><W36/><G116/><T123/><D67/><U48/><E111/><V64/><F134/><W115/><G115/><T3/><D117/><U54/><E127/><V61/><F30/><W34/><G36/><T112/><D49/><U103/><E63/><V105/><F90/><W20/><G0/><T126/><D126/><U85/><E46/><V2/><F2/><W17/><REACH who="3" step="1"/><G104/><REACH who="3" ten="206,300,247,237" step="2"/><T38/><D38/><U100/><E22/><V97/><F106/><W5/><G5/><T83/><D3/><U60/><E21/><V98/><F98/><W40/><G40/><T25/><D11/><U23/><E23/><V87/><F47/><AGARI ba="0,1" hai="16,17,19,20,24,29,33,34,47,51,52,91,93,99" machi="47" ten="40,7700,0" yaku="1,1,54,2,53,0" doraHai="35" doraHaiUra="135" who="3" fromWho="2" sc="206,0,300,0,247,-77,237,87" />
</Scene>
<Scene>
<INIT seed="3,1,0,5,4,37" ten="206,300,170,324" oya="3" hai0="4,125,14,108,91,62,25,32,34,42,107,68,123" hai1="79,94,23,24,120,116,117,93,50,16,17,55,111" hai2="101,132,18,77,27,59,57,85,31,6,10,82,53" hai3="49,7,69,61,135,11,30,40,0,60,129,13,74"/><W9/><G74/><T35/><D123/><U119/><E120/><V80/><F132/><W127/><G135/><T100/><D108/><U95/><E111/><V110/><F110/><W12/><G127/><T84/><D125/><U36/><E36/><V121/><F121/><W19/><G129/><T33/><D4/><U44/><REACH who="1" step="1"/><E79/><REACH who="1" ten="206,290,170,324" step="2"/><V70/><F70/><W105/><G105/><T112/><D107/><U72/><E72/><V122/><F122/><W56/><G69/><T106/><D68/><U131/><E131/><V64/><F101/><W28/><G0/><T115/><D106/><U83/><E83/><V8/><F80/><W126/><G126/><T104/><D104/><U3/><E3/><V102/><F102/><W46/><REACH who="3" step="1"/><G61/><REACH who="3" ten="206,290,170,314" step="2"/><T54/><D62/><U71/><E71/><V114/><F114/><W118/><G118/><T58/><D115/><U134/><E134/><V66/><F77/><W89/><G89/><T41/><D91/><U45/><E45/><V73/><F73/><W1/><G1/><T128/><D112/><U5/><E5/><V113/><F6/><W124/><G124/><T103/><D128/><U47/><E47/><V63/><F113/><W65/><AGARI ba="1,2" hai="7,9,11,12,13,19,28,30,40,46,49,56,60,65" machi="65" ten="20,12000,1" yaku="1,1,0,1,7,1,8,1,52,1,53,0" doraHai="37" doraHaiUra="96" who="3" fromWho="3" sc="206,-41,290,-41,170,-41,314,143" />
</Scene>
<Scene>
<INIT seed="3,2,0,4,5,115" ten="165,249,129,457" oya="3" hai0="83,100,130,9,125,123,28,70,88,118,38,49,93" hai1="73,99,4,74,42,135,31,29,10,3,51,90,108" hai2="127,43,92,23,120,80,45,11,112,12,26,78,59" hai3="63,7,117,54,2,67,71,15,111,103,50,34,21"/><W46/><G34/><T25/><D38/><U85/><E108/><V68/><F120/><W105/><G111/><T66/><D123/><U69/><E69/><V6/><F68/><W121/><G121/><T16/><D130/><U128/><E99/><V1/><F112/><W64/><G64/><T24/><D125/><U101/><E101/><V98/><F127/><W35/><G35/><T126/><D126/><U72/><E128/><V95/><F59/><W58/><G2/><T86/><D118/><U17/><E17/><V48/><F1/><W96/><G117/><T106/><D106/><U19/><E19/><V0/><F0/><W22/><G7/><T37/><D37/><U134/><E51/><V8/><F8/><W57/><G15/><T77/><D100/><U89/><E42/><V129/><F129/><W56/><AGARI ba="2,0" hai="21,22,46,50,54,56,57,58,63,67,71,96,103,105" machi="56" ten="30,1500,0" yaku="0,1" doraHai="115" who="3" fromWho="3" sc="165,-7,249,-7,129,-7,457,21" />
</Scene>
<Scene>
<INIT seed="3,3,0,5,0,103" ten="158,242,122,478" oya="3" hai0="126,62,22,105,17,123,5,75,1,125,26,54,0" hai1="99,59,10,87,89,65,71,76,32,49,96,13,127" hai2="95,36,80,9,53,131,35,88,112,135,74,124,57" hai3="111,106,118,40,12,45,16,60,48,72,107,128,110"/><W42/><G118/><T77/><D123/><U25/><E76/><V29/><F36/><W15/><G72/><T104/><D54/><U90/><E71/><V37/><F37/><W82/><G40/><T79/><D62/><N who="1" m="38111" /><E32/><V58/><F112/><W134/><G134/><T55/><D55/><U66/><E66/><V20/><F135/><W14/><G82/><N who="0" m="45375" /><D79/><U93/><E25/><V129/><F35/><W94/><G94/><T34/><D34/><U116/><E116/><V2/><F124/><N who="0" m="47722" /><D5/><U78/><E78/><V11/><F74/><W24/><G128/><N who="2" m="49225" /><F80/><W18/><G60/><T39/><D39/><U56/><E127/><V113/><F113/><W41/><G41/><T50/><D50/><U115/><E115/><V86/><F2/><AGARI ba="3,0" hai="0,1,2,17,22,26,104,105" m="47722,45375" machi="2" ten="30,3900,0" yaku="18,1,52,2" doraHai="103" who="0" fromWho="2" sc="158,48,242,0,122,-48,478,0" />
</Scene>
<Scene>
<INIT seed="4,0,0,0,3,13" ten="206,242,74,478" oya="0" hai0="87,71,7,124,102,117,128,47,78,116,31,0,23" hai1="12,28,131,11,35,6,10,81,92,75,22,21,107" hai2="3,118,20,103,122,50,25,77,32,112,72,40,64" hai3="53,57,85,113,74,58,41,89,94,91,134,90,2"/><T73/><D73/><U19/><E107/><V68/><F122/><W110/><G74/><T38/><D71/><U56/><E92/><V80/><F112/><W125/><G110/><T18/><D31/><U120/><E56/><V99/><F118/><W123/><G2/><T48/><D38/><U27/><E120/><V29/><F20/><N who="1" m="7785" /><E81/><V135/><F50/><W133/><G123/><T26/><D128/><U108/><E75/><V100/><F100/><W42/><G113/><T9/><D124/><U130/><E108/><V84/><F84/><W111/><G111/><T4/><D4/><U59/><E59/><V61/><F40/><W76/><G125/><T63/><D63/><U60/><E60/><V96/><F96/><W15/><G76/><T115/><D115/><U45/><E45/><V114/><F114/><W121/><G121/><T33/><D33/><U16/><E19/><V46/><F46/><W105/><G105/><T127/><D127/><U8/><E6/><V93/><F135/><W24/><G57/><T126/><D102/><U106/><E106/><V37/><REACH who="2" step="1"/><F3/><REACH who="2" ten="206,242,64,478" step="2"/><W1/><G1/><T5/><D126/><U132/><E132/><V67/><F67/><W109/><G133/><T83/><REACH who="0" step="1"/><D5/><REACH who="0" ten="196,242,64,478" step="2"/><U49/><E49/><V88/><F88/><W14/><G134/><T62/><D62/><U34/><E34/><V39/><AGARI ba="0,2" hai="25,29,32,37,39,61,64,68,72,77,80,93,99,103" machi="39" ten="30,7900,0" yaku="1,1,0,1,53,2" doraHai="13" doraHaiUra="69" who="2" fromWho="2" sc="196,-39,242,-20,64,99,478,-20" />
</Scene>
<Scene>
<INIT seed="5,0,0,4,1,65" ten="157,222,163,458" oya="1" hai0="23,104,29,80,27,30,97,25,119,13,14,133,112" hai1="122,108,53,28,91,2,98,118,114,123,94,100,51" hai2="87,26,85,81,73,110,83,55,86,111,121,99,3" hai3="63,48,62,107,40,88,113,18,84,44,130,93,128"/><U102/><E2/><V42/><F3/><W16/><G107/><T12/><D119/><U132/><E118/><V61/><F42/><W35/><G35/><T125/><D112/><U79/><E28/><V78/><F121/><W57/><G113/><T109/><D109/><U6/><E6/><V135/><F135/><W67/><REACH who="3" step="1"/><G63/><REACH who="3" ten="157,222,163,448" step="2"/><T90/><D104/><U89/><E114/><V37/><F61/><W106/><G106/><T59/><D133/><U115/><E115/><V54/><F111/><W77/><G77/><T72/><D125/><U95/><E79/><V76/><F78/><W68/><G68/><T19/><D72/><U5/><E108/><V8/><F76/><W9/><G9/><T58/><D19/><AGARI ba="0,1" hai="16,18,19,40,44,48,57,62,67,84,88,93,128,130" machi="19" ten="40,5200,0" yaku="1,1,54,2,53,0" doraHai="65" doraHaiUra="32" who="3" fromWho="0" sc="157,-52,222,0,163,0,448,62" />
</Scene>
<Scene>
<INIT seed="6,0,0,2,1,75" ten="105,222,163,510" oya="2" hai0="15,21,80,8,31,77,114,51,12,47,13,41,95" hai1="68,103,38,2,90,14,30,122,86,55,78,107,1" hai2="16,76,135,81,23,72,20,61,63,125,53,128,5" hai3="115,119,104,19,48,98,120,112,106,88,36,110,99"/><V89/><F125/><W43/><G36/><T35/><D35/><U69/><E38/><V87/><F135/><W0/><G110/><T25/><D95/><U92/><E30/><V67/><F128/><W18/><G119/><T117/><D114/><N who="3" m="43561" /><G0/><T33/><D117/><U70/><E14/><V9/><F53/><W54/><G43/><T97/><D97/><N who="3" m="36873" /><G88/><T17/><REACH who="0" step="1"/><D33/><REACH who="0" ten="95,222,163,510" step="2"/><U49/><E92/><V10/><F23/><W109/><G120/><T129/><D129/><U91/><E122/><V79/><F72/><AGARI ba="0,1" hai="8,12,13,15,17,21,25,31,41,47,51,72,77,80" machi="72" ten="30,3900,0" yaku="1,1,7,1,52,1,53,0" doraHai="75" doraHaiUra="124" who="0" fromWho="2" sc="95,49,222,0,163,-39,510,0" />
</Scene>
<Scene>
<INIT seed="7,0,0,3,0,123" ten="144,222,124,510" oya="3" hai0="110,50,38,42,85,27,34,7,83,103,24,28,14" hai1="62,101,54,70,97,45,31,21,4,33,20,22,39" hai2="32,129,41,51,135,74,91,76,112,43,119,23,133" hai3="120,114,9,134,73,25,66,113,115,90,60,48,107"/><W5/><G120/><T78/><D110/><U92/><E4/><V111/><F32/><W8/><G107/><T13/><D38/><U72/><E72/><V2/><F2/><W19/><G73/><T100/><D27/><U26/><E70/><V44/><F119/><W17/><G134/><N who="2" m="51209" /><F112/><W131/><G131/><T59/><D14/><U11/><E11/><V102/><F102/><W65/><G48/><T108/><D108/><U88/><E39/><V36/><F129/><W94/><G66/><T15/><D15/><U118/><E118/><V30/><F91/><W75/><G75/><T18/><D7/><U116/><E116/><V126/><F74/><W40/><G40/><N who="2" m="15433" /><F76/><W37/><G37/><T55/><D42/><U89/><E45/><V10/><F36/><W49/><G49/><T64/><D64/><U84/><E84/><V87/><F10/><AGARI ba="0,0" hai="10,13,18,24,28,34,50,55,59,78,83,85,100,103" machi="10" ten="30,1000,0" yaku="7,1" doraHai="123" who="0" fromWho="2" sc="144,10,222,0,124,-10,510,0" owari="154,-25.0,222,2.0,114,-39.0,510,62.0" />
</Scene>
</mjloggm>