<mjloggm ver="2.3"><GO type="169"/><UN n0="%E7%88%86%E7%89%8C%E3%82%A6%E3%82%B7%E3%82%B8%E3%83%9E%E3%81%8F%E3%82%93" n1="%48%41%52%45%4D" n2="%41%53%41%50%49%4E" n3="%E9%BA%BB%E9%9B%80%E6%88%A6%E5%A3%AB%E2%98%86%E3%81%AA%E3%81%AE%E3%81%AF" dan="17,16,18,16" rate="2094,2089,2225,2151" sx="M,M,M,F"/><TAIKYOKU oya="0"/>

<Scene>
<INIT seed="0,0,0,4,4,74" ten="250,250,250,250" oya="0" hai0="45,64,79,44,24,116,120,6,106,114,70,109,0" hai1="4,35,99,89,72,98,85,39,78,27,117,107,50" hai2="93,38,101,11,40,57,26,19,63,36,43,81,42" hai3="52,124,111,53,76,95,21,134,77,34,115,113,126"/><T82/><D114/><U32/><E39/><V68/><F68/><W135/><G34/><T122/><D116/><U62/><E117/><V108/><F108/><W49/><G21/><T119/><D119/><U66/><E4/><V100/><F38/><W47/><G95/><T75/><D106/><U110/><E110/><V46/><F36/><W31/><G31/><T56/><D109/><U29/><E50/><V104/><F104/><W28/><G28/><T86/><D70/><U121/><E35/><V48/><F81/><W22/><G22/><T10/><D24/><U25/><E25/><V8/><F26/><W3/><G3/><T71/><D71/><U92/><E121/><V59/><F59/><W51/><G111/><T37/><D86/><U127/><E127/><V133/><F133/><W60/><G47/><T13/><D13/><U9/><E9/><N who="2" m="3659" /><F19/><W67/><G60/><N who="0" m="37895" /><D45/><U15/><E15/><V87/><F87/><W54/><G54/><T58/><D58/><U41/><E41/><AGARI ba="0,0" hai="0,6,10,37,41,44,75,79,82,120,122" m="37895" machi="41" ten="30,2900,0" yaku="25,1,52,1" doraHai="74" who="0" fromWho="1" sc="250,29,250,-29,250,0,250,0" />
</Scene>
<Scene>
<INIT seed="0,1,0,0,4,80" ten="279,221,250,250" oya="0" hai0="130,132,41,39,57,97,7,84,53,66,30,121,60" hai1="114,92,59,76,31,22,69,77,120,101,71,93,89" hai2="43,2,28,11,85,117,123,9,26,52,56,131,6" hai3="122,17,125,27,110,107,32,90,86,51,38,112,3"/><T21/><D121/><U67/><E120/><V129/><F117/><W118/><RYUUKYOKU type="yao9" ba="1,0" sc="279,0,221,0,250,0,250,0" hai3="3,17,27,32,38,51,86,90,107,110,112,118,122,125" />
</Scene>
<Scene>
<INIT seed="0,2,0,1,3,64" ten="279,221,250,250" oya="0" hai0="120,114,97,134,93,88,59,41,84,68,135,129,43" hai1="101,15,51,65,37,78,130,30,107,111,5,57,106" hai2="66,67,40,44,77,24,11,33,6,32,126,94,55" hai3="76,38,85,86,10,69,39,92,124,56,96,99,63"/><T20/><D114/><U22/><E37/><V98/><F126/><W42/><G124/><T118/><D118/><U21/><E78/><V131/><F131/><W14/><G69/><T17/><D120/><U73/><E73/><V115/><F115/><W116/><G116/><T16/><D129/><U13/><E111/><V100/><F77/><W34/><G34/><T46/><D68/><U117/><E117/><V119/><F119/><W31/><G31/><T83/><D59/><U52/><E130/><V132/><F132/><N who="0" m="50730" /><D20/><U127/><E127/><V89/><F55/><W75/><G42/><N who="0" m="15883" /><D46/><U71/><E101/><AGARI ba="2,0" hai="16,17,83,84,88,93,97,101" m="15883,50730" machi="101" ten="30,5800,0" yaku="20,1,54,2" doraHai="64" who="0" fromWho="1" sc="279,64,221,-64,250,0,250,0" />
</Scene>
<Scene>
<INIT seed="0,3,0,0,0,80" ten="343,157,250,250" oya="0" hai0="75,49,37,126,95,76,43,14,105,40,73,15,25" hai1="17,41,38,63,51,106,46,91,101,60,0,29,56" hai2="92,90,78,27,55,61,39,112,6,47,97,83,111" hai3="94,120,4,134,48,128,129,88,99,87,116,133,81"/><T84/><D105/><U3/><E29/><V7/><F112/><W53/><G4/><T67/><D67/><U89/><E63/><V18/><F111/><W52/><G116/><T54/><D126/><U77/><E77/><V119/><F119/><W135/><G120/><T131/><D131/><N who="3" m="50249" /><G48/><T22/><D37/><U109/><E109/><V69/><F39/><W102/><AGARI ba="3,0" hai="52,53,81,87,88,94,99,102,133,134,135" m="50249" machi="102" ten="40,8000,1" yaku="20,1,19,1,52,1,54,2" doraHai="80" who="3" fromWho="3" sc="343,-43,157,-23,250,-23,250,89" />
</Scene>
<Scene>
<INIT seed="1,0,0,0,4,129" ten="300,134,227,339" oya="1" hai0="25,132,111,28,32,51,78,16,45,74,68,3,58" hai1="133,65,87,46,63,27,102,103,59,90,12,75,42" hai2="104,125,80,19,77,10,31,44,30,135,116,22,48" hai3="105,114,97,99,76,1,82,23,113,124,47,52,9"/><U72/><E133/><V60/><F116/><W79/><G124/><T55/><D132/><U130/><E130/><V121/><F121/><W131/><G131/><T112/><D112/><U120/><E120/><V64/><F104/><W85/><G79/><T35/><D111/><U81/><E72/><V115/><F10/><W89/><G1/><T7/><D68/><U20/><E12/><V61/><F125/><W67/><G67/><T56/><D35/><U108/><E75/><V21/><F115/><W110/><G110/><T43/><D3/><U24/><E108/><V122/><F135/><W49/><G9/><T88/><D7/><U6/><E6/><V54/><F22/><W39/><G39/><T66/><D66/><U38/><REACH who="1" step="1"/><E27/><REACH who="1" ten="300,124,227,339" step="2"/><V117/><F122/><W34/><G114/><T126/><D25/><U69/><E69/><V36/><F117/><W100/><G113/><T4/><D126/><U101/><E101/><V40/><F36/><W14/><G100/><T134/><D4/><U71/><E71/><V93/><F61/><W92/><G49/><T37/><D51/><U91/><E91/><V0/><F60/><W11/><G89/><T128/><D88/><U8/><E8/><V123/><F48/><W118/><G11/><T26/><D26/><U62/><E62/><V94/><F123/><W41/><G118/><T84/><D74/><U95/><E95/><V29/><F93/><W73/><G92/><T33/><D134/><U2/><E2/><V119/><F94/><W98/><G73/><T83/><D128/><U57/><E57/><V50/><F50/><RYUUKYOKU ba="0,1" sc="300,-10,124,30,227,-10,339,-10" hai1="20,24,38,42,46,59,63,65,81,87,90,102,103" />
</Scene>
<Scene>
<INIT seed="1,1,1,4,5,75" ten="290,154,217,329" oya="1" hai0="21,33,103,48,56,28,122,73,15,46,74,11,132" hai1="5,116,43,134,30,38,53,44,32,129,29,63,105" hai2="131,79,55,49,24,13,16,58,83,8,57,110,128" hai3="82,4,84,125,34,37,35,81,109,85,71,20,93"/><U25/><E116/><V51/><F110/><W6/><G109/><T94/><D132/><U86/><E134/><V114/><F114/><W9/><G93/><T101/><D33/><U99/><E129/><V104/><F104/><W111/><G111/><T2/><D122/><U31/><E5/><V92/><F92/><W76/><G125/><T68/><D68/><U120/><E120/><V54/><F24/><W98/><G98/><N who="0" m="59607" /><D2/><U40/><E40/><V70/><F70/><W64/><G37/><T42/><D74/><AGARI ba="1,1" hai="8,13,16,49,51,54,55,57,58,74,79,83,128,131" machi="74" ten="40,5200,0" yaku="9,1,52,1,54,1" doraHai="75" who="2" fromWho="0" sc="290,-55,154,0,217,65,329,0" />
</Scene>
<Scene>
<INIT seed="2,0,0,3,4,87" ten="235,154,282,329" oya="2" hai0="3,89,124,107,48,97,28,44,43,67,26,118,15" hai1="92,69,72,130,74,83,10,38,79,1,58,40,63" hai2="121,106,25,23,52,6,60,56,76,88,55,37,111" hai3="47,46,131,42,51,134,112,120,114,66,116,129,126"/><V75/><F121/><W127/><G116/><T125/><D118/><U91/><E130/><N who="3" m="49674" /><G120/><T19/><D3/><U81/><E69/><V68/><F37/><N who="3" m="21839" /><G66/><T105/><D67/><U85/><E40/><V34/><F106/><W110/><G110/><T94/><D124/><N who="3" m="47657" /><G134/><T0/><D125/><U17/><E38/><V27/><F111/><W132/><G132/><T5/><D5/><U64/><E83/><V22/><F6/><W71/><G71/><T102/><D0/><U119/><E119/><V82/><F68/><W49/><G49/><T39/><D39/><U30/><E30/><V31/><F55/><AGARI ba="0,0" hai="47,51,55,112,114" m="47657,21839,49674" machi="55" ten="30,7700,0" yaku="19,1,18,1,34,2" doraHai="87" who="3" fromWho="2" sc="235,0,154,0,282,-77,329,77" />
</Scene>
<Scene>
<INIT seed="3,0,0,0,5,77" ten="235,154,205,406" oya="3" hai0="124,28,100,49,14,114,0,19,127,8,22,27,116" hai1="69,92,94,51,133,48,31,11,58,25,71,87,72" hai2="101,2,106,117,131,34,68,66,33,109,32,50,135" hai3="78,63,24,75,1,97,36,79,103,37,20,41,39"/><W91/><G1/><T95/><D116/><U110/><E72/><V81/><F117/><W126/><G126/><N who="0" m="48171" /><D114/><U44/><E110/><V70/><F2/><W40/><G91/><T17/><D49/><U15/><E133/><V4/><F135/><W38/><G38/><T3/><D100/><U119/><E119/><V60/><F4/><W30/><G63/><T104/><D95/><U118/><E118/><V47/><F109/><W9/><G9/><N who="0" m="6351" /><D104/><U35/><E58/><V88/><F131/><W125/><G125/><T99/><D99/><U83/><E51/><V61/><F101/><W5/><G5/><T102/><D102/><U113/><E113/><V43/><F106/><W73/><G73/><T121/><D121/><U123/><E94/><V6/><F6/><W57/><G57/><T132/><D132/><U29/><E92/><V26/><F61/><W21/><G97/><T7/><D3/><U122/><E31/><AGARI ba="0,0" hai="0,7,8,19,22,27,28,31" m="6351,48171" machi="31" ten="30,3900,0" yaku="18,1,34,2" doraHai="77" who="0" fromWho="1" sc="235,39,154,-39,205,0,406,0" />
</Scene>
<Scene>
<INIT seed="4,0,0,5,1,111" ten="274,115,205,406" oya="0" hai0="63,80,48,62,69,6,41,88,113,30,11,55,130" hai1="125,128,22,97,124,36,107,39,35,129,135,12,33" hai2="78,99,79,71,17,50,52,91,24,131,64,31,92" hai3="7,112,94,27,89,98,84,106,86,14,46,38,44"/><T68/><D130/><N who="1" m="50283" /><E97/><V123/><F131/><W87/><G106/><T13/><D30/><U60/><E60/><V118/><F123/><W115/><G27/><T25/><D113/><N who="3" m="43593" /><G38/><N who="1" m="14378" /><E107/><V1/><F118/><W75/><G75/><T133/><D133/><U109/><E22/><V5/><F17/><W110/><G110/><T16/><D68/><U61/><E61/><N who="0" m="23049" /><D69/><U32/><E109/><V29/><F64/><W83/><G83/><T126/><D41/><U103/><E12/><V104/><F104/><W73/><G73/><T119/><D119/><U18/><E18/><V40/><F40/><W82/><G82/><T108/><D108/><U120/><E103/><V4/><F31/><W76/><G76/><T102/><D102/><U67/><E67/><V77/><F71/><W3/><G3/><T132/><D132/><U96/><E96/><V23/><REACH who="2" step="1"/><F1/><REACH who="2" ten="274,115,195,406" step="2"/><W122/><G122/><T114/><D114/><U70/><E70/><V58/><AGARI ba="0,1" hai="4,5,23,24,29,50,52,58,77,78,79,91,92,99" machi="58" ten="30,8000,1" yaku="1,1,2,1,0,1,8,1,54,1,53,0" doraHai="111" doraHaiUra="121" who="2" fromWho="2" sc="274,-40,115,-20,195,90,406,-20" />
</Scene>
<Scene>
<INIT seed="5,0,0,4,5,37" ten="234,95,285,386" oya="1" hai0="66,72,88,90,132,7,86,63,105,53,125,133,14" hai1="19,120,34,44,35,75,58,1,127,102,80,117,23" hai2="21,33,121,104,5,61,91,70,48,113,38,135,116" hai3="12,13,32,45,111,103,27,79,64,98,118,129,94"/><U126/><E117/><V82/><F48/><W9/><G118/><T11/><D72/><U24/><E1/><V51/><F51/><W81/><G111/><T99/><D125/><N who="1" m="47627" /><E120/><V110/><F21/><W115/><G115/><T112/><D112/><U95/><E58/><V50/><F50/><W96/><G64/><T42/><D42/><U10/><E10/><V78/><F61/><W97/><G129/><T100/><D53/><U74/><E44/><V39/><F5/><W25/><G45/><T41/><D41/><U0/><E0/><V65/><F65/><W119/><G119/><T17/><D7/><U4/><E4/><V22/><F116/><W20/><G32/><N who="1" m="12330" /><E80/><V92/><F82/><W2/><G2/><T36/><D36/><U89/><E102/><V52/><F38/><W101/><G101/><T131/><D131/><U28/><E28/><V29/><F39/><W114/><G114/><T31/><D31/><U55/><E55/><V68/><F52/><W87/><G103/><T16/><D17/><U54/><E54/><V57/><F29/><W134/><G81/><N who="0" m="49231" /><D90/><U83/><E83/><V60/><F91/><W26/><G9/><T85/><D85/><AGARI ba="0,0" hai="19,23,24,74,75,85,89,95" m="12330,47627" machi="85" ten="30,1500,0" yaku="18,1" doraHai="37" who="1" fromWho="0" sc="234,-15,95,15,285,0,386,0" />
</Scene>
<Scene>
<INIT seed="5,1,0,0,3,20" ten="219,110,285,386" oya="1" hai0="69,104,27,15,24,55,126,108,128,72,57,122,14" hai1="95,13,93,110,67,5,103,135,111,63,53,94,89" hai2="0,46,129,99,106,85,134,51,36,83,31,39,43" hai3="118,92,58,71,130,18,34,79,100,87,52,8,30"/><U131/><E131/><V42/><F0/><W127/><G71/><T98/><D108/><N who="1" m="41515" /><E135/><V62/><F134/><W2/><G130/><T56/><D69/><N who="1" m="42239" /><E103/><V25/><F129/><W117/><G127/><T119/><D126/><U77/><E77/><V44/><F62/><W12/><G2/><T66/><D128/><U84/><E53/><V132/><F132/><W124/><G124/><T70/><D72/><U112/><E112/><V9/><F9/><AGARI ba="1,0" hai="5,9,13,84,89,93,94,95" m="42239,41515" machi="9" ten="30,1500,0" yaku="10,1" doraHai="20" who="1" fromWho="2" sc="219,0,110,18,285,-18,386,0" />
</Scene>
<Scene>
<INIT seed="5,2,0,4,5,57" ten="219,128,267,386" oya="1" hai0="17,109,102,132,47,125,120,28,80,9,42,78,60" hai1="104,75,66,53,46,12,112,30,27,23,84,119,26" hai2="87,79,51,114,110,97,113,36,91,99,130,45,129" hai3="123,81,58,73,115,0,24,82,32,29,106,105,96"/><U86/><E104/><V85/><F36/><W19/><G123/><T116/><D116/><U92/><E119/><V44/><F51/><W74/><G0/><T16/><D109/><U76/><E112/><N who="2" m="43115" /><F110/><W39/><G115/><T63/><D120/><U83/><E66/><V13/><F13/><W61/><G39/><T43/><D125/><U4/><E27/><V10/><F10/><W11/><G74/><T131/><D131/><N who="2" m="50186" /><F45/><W49/><G11/><T7/><D47/><U108/><E108/><V34/><F34/><W25/><G32/><T20/><D9/><N who="1" m="4135" /><E75/><V38/><F44/><W52/><G25/><T2/><D2/><U93/><E86/><V77/><F38/><W22/><G29/><T111/><D28/><U133/><E133/><V55/><F55/><W121/><G19/><T3/><D132/><U21/><E21/><V6/><F6/><W127/><G22/><T107/><D20/><U100/><E100/><V15/><F15/><W95/><G24/><T122/><D102/><U69/><E69/><V98/><F85/><W101/><G73/><T40/><D111/><U48/><AGARI ba="2,0" hai="23,26,30,46,48,53,76,83,84,92,93" m="4135" machi="48" ten="30,1500,0" yaku="8,1" doraHai="57" who="1" fromWho="1" sc="219,-7,128,21,267,-7,386,-7" />
</Scene>
<Scene>
<INIT seed="5,3,0,4,3,0" ten="212,149,260,379" oya="1" hai0="19,8,129,126,53,24,59,103,75,86,66,123,82" hai1="40,133,39,110,85,3,64,78,125,30,2,33,104" hai2="9,11,128,79,17,22,122,36,95,101,49,15,90" hai3="27,20,43,83,120,121,81,31,71,67,108,100,29"/><U1/><E85/><V60/><F122/><W5/><G108/><T13/><D123/><U57/><E57/><V50/><F36/><W88/><G100/><T87/><D129/><U84/><E84/><N who="2" m="52679" /><F128/><W74/><G29/><T72/><D126/><U109/><E125/><V52/><F101/><W26/><G26/><T76/><D103/><U14/><E78/><V93/><F79/><W54/><G43/><T45/><D66/><U113/><E104/><V4/><F93/><W94/><G67/><T102/><D102/><U91/><E91/><V63/><F49/><W56/><G71/><T28/><D45/><N who="1" m="23711" /><E64/><V32/><F32/><W10/><G74/><T21/><REACH who="0" step="1"/><D87/><REACH who="0" ten="202,149,260,379" step="2"/><U127/><E127/><V131/><F131/><W37/><G120/><T111/><D111/><N who="1" m="42507" /><E133/><V58/><F11/><W117/><G10/><T97/><D97/><U7/><E113/><V92/><F92/><W48/><G94/><T25/><D25/><AGARI ba="3,1" hai="4,9,15,17,22,25,50,52,58,60,63" m="52679" machi="25" ten="30,3900,0" yaku="8,1,52,1,54,1" doraHai="0" who="2" fromWho="0" sc="202,-48,149,0,260,58,379,0" />
</Scene>
<Scene>
<INIT seed="6,0,0,3,4,72" ten="154,149,318,379" oya="2" hai0="135,9,18,99,94,87,26,35,105,125,117,23,86" hai1="71,57,112,104,31,61,36,33,107,95,109,62,93" hai2="85,48,27,6,56,37,132,101,126,54,1,29,68" hai3="46,133,15,79,73,53,22,119,14,65,7,77,131"/><V3/><F37/><W12/><G73/><T58/><D135/><U34/><E109/><V91/><F68/><W78/><G119/><T116/><D125/><U111/><E111/><V92/><F132/><W39/><G133/><T114/><D114/><U40/><E71/><V134/><F134/><W0/><G131/><T106/><D35/><U84/><E84/><N who="0" m="32297" /><D9/><U45/><E112/><V82/><F126/><W11/><G65/><T44/><D58/><U24/><E34/><V128/><F128/><W90/><G90/><T118/><D44/><U59/><E95/><V4/><F3/><W28/><G39/><T69/><D69/><U13/><E93/><V16/><F1/><W113/><G113/><T76/><D76/><U130/><E130/><V103/><F29/><W83/><G83/><T120/><D120/><U10/><E59/><V49/><F49/><N who="3" m="28855" /><G0/><T96/><D96/><U20/><E33/><V43/><F43/><W102/><G102/><AGARI ba="0,0" hai="18,23,26,94,99,102,105,106,116,117,118" m="32297" machi="102" ten="30,1000,0" yaku="12,1" doraHai="72" who="0" fromWho="3" sc="154,10,149,0,318,0,379,-10" />
</Scene>
<Scene>
<INIT seed="7,0,0,3,0,59" ten="164,149,318,369" oya="3" hai0="11,17,47,64,89,132,96,76,54,108,104,101,128" hai1="69,100,110,6,81,20,106,30,117,97,33,109,32" hai2="60,75,14,71,5,31,125,61,46,23,118,103,25" hai3="45,66,129,29,56,134,58,73,131,57,1,121,74"/><W70/><G121/><T123/><D123/><U4/><E117/><V90/><F118/><W84/><G134/><T133/><D108/><U126/><E126/><V0/><F71/><W94/><G1/><T85/><D128/><N who="3" m="49225" /><G29/><T65/><D76/><U124/><E124/><V42/><F125/><W102/><G45/><T34/><D34/><U2/><E81/><V116/><F116/><W119/><G119/><T77/><D77/><U18/><E69/><V83/><F0/><W105/><G105/><T35/><D35/><U12/><E32/><V86/><F75/><W40/><G40/><T19/><D132/><U9/><E4/><V22/><F103/><W15/><G15/><N who="0" m="7423" /><D19/><U16/><E18/><N who="2" m="10583" /><F5/><W107/><G107/><T99/><D133/><U120/><E120/><V78/><F78/><W53/><G53/><T39/><D54/><U98/><E97/><V111/><F111/><W80/><G94/><T24/><D104/><U79/><E79/><V55/><F42/><W21/><G102/><T26/><D101/><U93/><E106/><V112/><F112/><W51/><G74/><T13/><D13/><U27/><AGARI ba="0,0" hai="2,6,9,12,16,20,27,30,33,93,98,100,109,110" machi="27" ten="30,7900,0" yaku="0,1,24,2,54,1" doraHai="59" who="1" fromWho="1" sc="164,-20,149,79,318,-20,369,-39" owari="144,-36.0,228,-17.0,298,10.0,330,43.0" />
</Scene>
</mjloggm>