<mjloggm ver="2.3"><GO type="169" lobby="0"/><UN n0="%41%53%41%50%49%4E" n1="%6B%65%72%6F%62%6F%75" n2="%E9%8A%80%E9%81%8A%E7%A7%81%E4%BA%BA" n3="%E8%B7%AF%E5%9C%B0%E8%A3%8F%E3%81%AE%E3%81%B2%E3%81%BE%E3%82%8F%E3%82%8A" dan="19,16,16,17" rate="2320.40,2095.65,2047.32,2211.57" sx="M,M,M,M"/><TAIKYOKU oya="0"/>

<Scene>
<INIT seed="0,0,0,1,5,75" ten="250,250,250,250" oya="0" hai0="59,27,32,93,18,74,66,99,114,52,58,132,26" hai1="12,72,81,13,130,7,107,6,65,19,11,47,3" hai2="113,88,82,94,4,64,51,121,119,83,9,5,96" hai3="127,101,61,16,22,33,23,79,0,77,1,97,122"/><T92/><D114/><U54/><E107/><V135/><F113/><W106/><G33/><T37/><D37/><U105/><E105/><V55/><F121/><W100/><G122/><T90/><D74/><U123/><E123/><V71/><F135/><W109/><G101/><T25/><D132/><U50/><E65/><V46/><F119/><W49/><G109/><T29/><D59/><U91/><E130/><V56/><F71/><W87/><G127/><T98/><D18/><U70/><E70/><V89/><F89/><W124/><G124/><T10/><D10/><U108/><E108/><V133/><F133/><W125/><G125/><T43/><D43/><U20/><E3/><V67/><F46/><W76/><G87/><T128/><D66/><N who="2" m="25130" /><F9/><W14/><G61/><T95/><D128/><U34/><E34/><V62/><F62/><W126/><G126/><T28/><D32/><U118/><E118/><V134/><F134/><W103/><G103/><T117/><D117/><U2/><E2/><V115/><F115/><W80/><G80/><AGARI ba="0,0" hai="4,5,51,55,56,80,82,83,88,94,96" m="25130" machi="80" ten="30,2000,0" yaku="8,1,54,1" doraHai="75" who="2" fromWho="3" sc="250,0,250,0,250,20,250,-20" />
</Scene>
<Scene>
<INIT seed="1,0,0,4,2,13" ten="250,250,270,230" oya="1" hai0="100,101,78,103,82,117,110,3,12,45,27,50,39" hai1="46,133,2,32,91,51,55,69,42,123,24,109,20" hai2="18,118,30,104,31,126,19,89,120,76,36,85,58" hai3="48,44,125,41,1,73,64,121,53,114,0,34,131"/><U52/><E123/><V92/><F118/><W63/><G121/><T54/><D117/><U105/><E69/><V108/><F120/><W72/><G114/><T22/><D3/><U60/><E2/><V29/><F36/><W43/><G34/><T67/><D110/><U8/><E109/><V56/><F108/><W116/><G116/><T14/><D39/><U134/><E32/><V37/><F37/><W4/><G125/><T79/><D67/><U94/><E105/><V10/><F126/><W66/><G131/><T84/><REACH who="0" step="1"/><D79/><REACH who="0" ten="240,250,270,230" step="2"/><U97/><E133/><V96/><F104/><W111/><G66/><T90/><D90/><U81/><E134/><V47/><F76/><W129/><G0/><T93/><D93/><U59/><E81/><V11/><F89/><W106/><G111/><T38/><D38/><U15/><E91/><V28/><F92/><W80/><G106/><T135/><D135/><U7/><E94/><V9/><F96/><W95/><G95/><T5/><D5/><U107/><E107/><V26/><F85/><W128/><G4/><T87/><D87/><U98/><REACH who="1" step="1"/><E55/><REACH who="1" ten="240,240,270,230" step="2"/><V17/><REACH who="2" step="1"/><F47/><REACH who="2" ten="240,240,260,230" step="2"/><W71/><G44/><T83/><D83/><U21/><E21/><AGARI ba="0,3" hai="9,10,11,17,18,19,21,26,28,29,30,31,56,58" machi="21" ten="50,16000,3" yaku="1,1,2,1,29,2,8,1,52,3,53,0" doraHai="13" doraHaiUra="132" who="2" fromWho="1" sc="240,0,240,-160,260,190,230,0" />
</Scene>
<Scene>
<INIT seed="2,0,0,3,0,110" ten="240,80,450,230" oya="2" hai0="37,13,75,15,20,9,100,3,56,70,69,57,108" hai1="76,0,126,115,39,109,34,50,92,116,128,38,53" hai2="68,94,2,18,21,87,61,67,16,112,49,11,95" hai3="31,73,58,88,120,105,131,41,32,118,111,130,129"/><V52/><F112/><W124/><G118/><T114/><D75/><U89/><E116/><V17/><F87/><W63/><G120/><T81/><D37/><U66/><E109/><V42/><F42/><W60/><G111/><T1/><D108/><U72/><E0/><V10/><F21/><W22/><G32/><T133/><D114/><U106/><E106/><V90/><F2/><W93/><G105/><T30/><D133/><U40/><E34/><V102/><F102/><W19/><G31/><T83/><D100/><U101/><E101/><V117/><F117/><W98/><G124/><T134/><D20/><U23/><E126/><V36/><F36/><W25/><G73/><T119/><D119/><U54/><E115/><V62/><F62/><W96/><G41/><T125/><D30/><U123/><E123/><V103/><F103/><W82/><G82/><T48/><D48/><U86/><E128/><V43/><F43/><W122/><G122/><T55/><D125/><U26/><E66/><V85/><REACH who="2" step="1"/><F95/><REACH who="2" ten="240,80,440,230" step="2"/><W65/><G63/><T45/><D3/><U77/><E40/><V6/><F6/><W33/><G33/><T104/><D1/><U64/><E38/><V14/><F14/><W28/><G28/><T78/><D15/><U84/><E39/><V74/><F74/><W79/><G79/><T47/><D13/><U113/><E72/><V51/><F51/><W132/><G132/><T127/><D78/><U8/><E77/><V121/><F121/><W99/><AGARI ba="0,1" hai="19,22,25,58,60,65,88,93,96,98,99,129,130,131" machi="99" ten="40,5200,0" yaku="0,1,19,1,54,1" doraHai="110" who="3" fromWho="3" sc="240,-13,80,-13,440,-26,230,62" />
</Scene>
<Scene>
<INIT seed="3,0,0,4,3,94" ten="227,67,414,292" oya="3" hai0="61,32,18,130,69,4,99,6,15,104,8,0,135" hai1="81,116,54,77,115,80,68,14,10,26,42,127,90" hai2="112,86,131,7,70,34,132,55,100,12,60,65,88" hai3="50,37,110,22,97,1,59,95,76,123,91,53,84"/><W73/><G123/><T49/><D130/><U78/><E116/><V126/><F112/><W89/><G1/><T5/><D135/><U87/><E68/><V113/><F113/><W29/><G110/><T47/><D32/><U19/><E115/><V25/><F132/><W28/><G37/><T57/><D69/><U96/><E127/><V101/><F131/><W44/><G22/><T56/><D0/><U36/><E36/><V31/><F126/><W27/><G27/><T2/><D2/><U107/><E107/><V79/><F79/><N who="1" m="30217" /><E42/><V41/><F41/><N who="3" m="24847" /><G76/><T48/><D47/><U9/><E26/><V118/><F118/><W45/><G45/><T71/><D71/><U128/><E128/><V13/><F55/><W83/><G73/><T108/><D108/><U64/><E64/><V119/><F119/><W98/><G98/><T85/><D85/><N who="1" m="50479" /><E54/><V134/><F134/><W92/><G83/><T40/><D40/><U11/><E96/><V21/><F34/><W43/><G43/><T3/><D3/><U17/><E14/><V63/><F13/><W111/><G111/><T122/><D122/><U66/><E66/><V74/><F74/><W72/><G72/><T58/><REACH who="0" step="1"/><D61/><AGARI ba="0,0" hai="28,29,53,59,61,84,89,91,92,95,97" m="24847" machi="61" ten="30,2900,0" yaku="8,1,52,1" doraHai="94" who="3" fromWho="0" sc="227,-29,67,0,414,0,292,29" />
</Scene>
<Scene>
<INIT seed="3,1,0,2,4,55" ten="198,67,414,321" oya="3" hai0="54,95,99,106,134,115,132,74,73,78,35,98,62" hai1="14,1,46,116,33,86,94,93,118,68,57,130,30" hai2="125,15,102,4,58,49,67,109,92,70,88,3,34" hai3="66,51,103,64,89,8,25,7,44,133,42,56,114"/><W120/><G120/><T2/><D35/><U129/><E1/><V12/><F34/><W85/><G114/><T123/><D2/><U117/><E68/><V17/><F70/><W83/><G133/><N who="0" m="51307" /><D123/><U65/><E46/><V16/><F3/><W50/><G103/><N who="0" m="62847" /><D78/><U131/><E14/><V91/><F4/><W97/><G97/><T90/><D115/><U122/><E122/><V48/><F102/><W32/><G32/><T69/><D54/><U107/><E107/><V63/><F109/><W5/><G25/><T10/><D10/><U126/><E126/><V6/><F125/><W61/><G66/><AGARI ba="1,0" hai="62,66,69,73,74,90,95,98" m="62847,51307" machi="66" ten="30,1000,0" yaku="20,1" doraHai="55" who="0" fromWho="3" sc="198,13,67,0,414,0,321,-13" />
</Scene>
<Scene>
<INIT seed="4,0,0,0,5,42" ten="211,67,414,308" oya="0" hai0="24,29,37,52,115,96,45,59,88,54,22,4,58" hai1="36,128,43,74,134,99,17,75,19,118,124,67,68" hai2="13,1,105,50,132,111,65,73,26,76,130,109,89" hai3="44,122,92,121,41,81,84,66,38,113,116,123,30"/><T90/><D115/><U64/><E118/><V91/><F1/><W126/><G116/><T34/><D4/><U106/><E124/><V101/><F65/><W103/><G113/><T25/><D96/><U8/><E134/><V117/><F26/><W55/><G126/><T61/><D37/><U35/><E35/><V46/><F117/><W86/><G66/><T31/><D45/><U48/><E36/><V102/><F132/><W53/><G30/><T94/><D94/><U2/><E128/><V9/><F130/><W71/><G71/><T32/><D22/><U131/><E131/><V95/><F89/><N who="3" m="53303" /><G103/><T49/><AGARI ba="0,0" hai="24,25,29,31,32,34,49,52,54,58,59,61,88,90" machi="49" ten="20,12000,1" yaku="0,1,7,1,9,1,54,2" doraHai="42" who="0" fromWho="0" sc="211,120,67,-40,414,-40,308,-40" />
</Scene>
<Scene>
<INIT seed="4,1,0,4,2,36" ten="331,27,374,268" oya="0" hai0="86,128,115,28,25,22,85,55,131,122,101,15,95" hai1="125,111,56,16,20,105,103,129,11,112,31,6,124" hai2="32,21,108,78,81,100,113,127,116,9,94,53,83" hai3="4,48,14,69,66,18,58,59,104,135,106,93,34"/><T102/><D122/><U0/><E111/><V42/><F32/><W132/><G34/><T73/><D73/><U80/><E80/><V44/><F108/><W107/><G4/><T41/><D115/><U109/><E109/><V91/><F113/><W77/><G77/><T117/><D117/><U26/><E112/><V10/><F116/><W39/><G39/><T27/><D55/><U99/><E129/><N who="0" m="49737" /><D15/><U63/><REACH who="1" step="1"/><E31/><REACH who="1" ten="331,17,374,268" step="2"/><V62/><F83/><W23/><G132/><T7/><D28/><U19/><E19/><V87/><F81/><W38/><G18/><T70/><D7/><U97/><E97/><V30/><F30/><W119/><G135/><T54/><D85/><U5/><E5/><V133/><F87/><W98/><G98/><T8/><D86/><U37/><E37/><V82/><F82/><W75/><G38/><T43/><D70/><U1/><E1/><V130/><F130/><W17/><G69/><T134/><D134/><U114/><E114/><V3/><F3/><W123/><G119/><T24/><D8/><U33/><E33/><V71/><F9/><W61/><G75/><T79/><D22/><U57/><E57/><V90/><F21/><W68/><G68/><T49/><D79/><U35/><E35/><V88/><F10/><W2/><G2/><T76/><D76/><U121/><E121/><V126/><F78/><W72/><G72/><T84/><D84/><U118/><E118/><V13/><F71/><W40/><G123/><T65/><D65/><AGARI ba="1,1" hai="0,6,11,16,20,26,56,63,65,99,103,105,124,125" machi="65" ten="40,2600,0" yaku="1,1,54,1,53,0" doraHai="36" doraHaiUra="110" who="1" fromWho="0" sc="331,-29,17,39,374,0,268,0" />
</Scene>
<Scene>
<INIT seed="5,0,0,2,2,2" ten="302,56,374,268" oya="1" hai0="100,123,61,47,64,44,129,127,86,99,35,9,30" hai1="131,113,10,97,19,50,57,20,42,91,114,15,21" hai2="33,38,102,4,23,3,53,125,63,134,32,103,12" hai3="82,14,25,56,132,133,76,45,77,73,75,18,70"/><U36/><E36/><V80/><F38/><W74/><G70/><T60/><D129/><U13/><E131/><V1/><F125/><W49/><G25/><T29/><D127/><U90/><E113/><V101/><F134/><N who="3" m="51819" /><G56/><T54/><D123/><U117/><E117/><V43/><F43/><N who="3" m="24767" /><G82/><T112/><D112/><U130/><E114/><V89/><F63/><W5/><G5/><T98/><D9/><AGARI ba="0,0" hai="9,14,18,73,74,75,76,77" m="24767,51819" machi="9" ten="40,1300,0" yaku="20,1" doraHai="2" who="3" fromWho="0" sc="302,-13,56,0,374,0,268,13" />
</Scene>
<Scene>
<INIT seed="6,0,0,4,2,40" ten="289,56,374,281" oya="2" hai0="93,41,76,119,120,18,38,86,53,122,37,127,135" hai1="67,23,118,50,3,69,126,62,131,48,116,95,75" hai2="99,81,110,117,129,31,43,88,68,107,29,39,25" hai3="80,112,57,24,54,4,113,66,20,59,35,79,2"/><V98/><F117/><W94/><G35/><T6/><D119/><U44/><E75/><V60/><F129/><W22/><G94/><T74/><D74/><U30/><E3/><V121/><F121/><W58/><G66/><T12/><D6/><U114/><E131/><V32/><F110/><W123/><G123/><T13/><D135/><U7/><E114/><N who="3" m="44138" /><G54/><T70/><D70/><U17/><E7/><V71/><F29/><N who="3" m="17543" /><G22/><T73/><D53/><U124/><E95/><V132/><F132/><W19/><G19/><T10/><D93/><U34/><E34/><V82/><F99/><W49/><G49/><T78/><D18/><U28/><E116/><V8/><F98/><W103/><G103/><T55/><D55/><U133/><E118/><V45/><F32/><W14/><G14/><T77/><D13/><U61/><E133/><V5/><F107/><W56/><G56/><T91/><D120/><U108/><E108/><V11/><F68/><W111/><G111/><T26/><D122/><U36/><E36/><V42/><F39/><W51/><G51/><T85/><D37/><U15/><E50/><V47/><F71/><W9/><G59/><T83/><D26/><U89/><E89/><V115/><F25/><W102/><G102/><T100/><D100/><U52/><REACH who="1" step="1"/><E61/><REACH who="1" ten="289,46,374,281" step="2"/><V16/><F60/><W1/><G1/><T84/><D91/><U90/><E90/><V96/><F88/><W130/><G130/><T134/><D38/><U106/><E106/><V64/><F115/><W72/><AGARI ba="0,1" hai="2,4,9,57,58,72,79,80" m="17543,44138" machi="72" ten="30,2000,0" yaku="15,1,11,1" doraHai="40" who="3" fromWho="3" sc="289,-5,46,-5,374,-10,281,30" />
</Scene>
<Scene>
<INIT seed="7,0,0,0,3,82" ten="284,41,364,311" oya="3" hai0="104,23,64,100,60,134,118,122,120,35,10,21,101" hai1="83,28,45,49,77,98,57,95,121,11,44,18,47" hai2="75,117,41,16,86,19,81,29,59,61,67,32,30" hai3="87,113,132,131,110,54,36,6,133,115,68,124,4"/><W26/><G124/><T14/><D118/><U42/><E28/><V112/><F75/><W31/><G131/><T0/><D0/><U25/><E121/><V125/><F117/><W34/><G110/><T97/><D134/><N who="3" m="51817" /><G68/><T92/><D35/><U46/><E57/><V66/><F125/><W2/><G36/><T103/><D120/><U70/><E70/><V102/><F112/><N who="3" m="43083" /><G2/><T3/><D3/><U48/><E42/><V38/><F41/><W74/><G74/><T7/><D122/><U135/><E135/><V56/><F38/><W27/><G54/><T63/><D104/><U89/><N who="1" m="11264" /><DORA hai="123" /><U107/><E107/><V53/><F67/><W15/><G27/><T69/><REACH who="0" step="1"/><D63/><REACH who="0" ten="274,41,364,311" step="2"/><U84/><REACH who="1" step="1"/><E25/><REACH who="1" ten="274,31,364,311" step="2"/><V119/><F119/><W72/><G72/><T73/><D73/><U99/><E99/><V88/><F32/><W106/><G106/><T93/><D93/><U96/><E96/><V52/><F81/><W8/><G87/><T37/><D37/><U90/><E90/><AGARI ba="0,2" hai="7,10,14,21,23,60,64,69,90,92,97,100,101,103" machi="90" ten="40,2600,0" yaku="1,1,53,1" doraHai="82,123" doraHaiUra="108,91" who="0" fromWho="1" sc="274,46,31,-26,364,0,311,0" owari="320,12.0,5,-49.0,364,46.0,311,-9.0" />
</Scene>
</mjloggm>