<mjloggm ver="2.3"><GO type="169"/><UN n0="%75%73%6B%31%31%31%35" n1="%E3%83%9F%E3%83%A9%E3%82%AF%E3%83%AB%E3%81%8A%E3%81%98%E3%81%95%E3%82%93" n2="%E3%83%88%E3%83%8B%E3%83%BC%E2%99%AA%E2%99%AA" n3="%41%53%41%50%49%4E" dan="16,17,16,18" rate="2101,2163,2088,2238" sx="M,M,M,M"/><TAIKYOKU oya="0"/>

<Scene>
<INIT seed="0,0,0,3,2,59" ten="250,250,250,250" oya="0" hai0="24,69,77,32,101,105,86,124,99,85,5,20,95" hai1="52,94,17,13,130,34,127,2,79,54,120,78,25" hai2="132,73,106,4,75,123,66,10,55,27,37,36,67" hai3="76,129,60,68,80,53,116,49,33,57,108,109,122"/><T50/><D124/><U70/><E120/><V43/><F106/><W46/><G33/><T51/><D32/><U88/><E2/><V9/><F123/><W28/><G28/><T6/><D69/><U135/><E70/><V29/><F10/><W104/><G104/><T113/><D113/><U102/><E127/><V71/><F67/><W128/><G122/><T92/><D105/><U62/><E102/><V115/><F55/><W30/><G30/><N who="0" m="17671" /><D77/><U126/><E126/><V133/><F115/><W89/><G89/><N who="0" m="53303" /><D85/><U23/><E130/><N who="3" m="50282" /><G68/><T26/><D26/><U93/><E135/><N who="2" m="51787" /><F43/><N who="3" m="24799" /><G116/><T7/><AGARI ba="0,0" hai="5,6,7,50,51,95,99,101" m="53303,17671" machi="7" ten="30,1500,0" yaku="8,1" doraHai="59" who="0" fromWho="0" sc="250,15,250,-5,250,-5,250,-5" />
</Scene>
<Scene>
<INIT seed="0,1,0,4,0,39" ten="265,245,245,245" oya="0" hai0="68,96,54,74,93,81,61,106,120,83,63,3,35" hai1="38,62,11,58,24,14,28,4,85,111,10,79,64" hai2="29,32,91,37,113,51,72,129,26,112,17,95,1" hai3="18,77,53,125,21,98,76,43,109,15,130,128,56"/><T71/><D120/><U0/><E111/><V49/><F72/><W67/><G109/><T133/><D3/><U89/><E79/><V132/><F1/><W122/><G122/><T90/><D35/><U46/><E38/><V82/><F37/><W6/><G67/><T13/><D133/><U59/><E46/><V123/><F132/><W117/><G117/><T118/><D118/><U5/><E62/><V107/><F107/><W115/><G115/><T40/><D106/><U44/><E44/><V2/><F123/><W31/><G125/><T110/><D110/><U104/><E64/><V102/><F2/><W84/><G6/><T78/><D83/><U20/><REACH who="1" step="1"/><E104/><REACH who="1" ten="265,235,245,245" step="2"/><V87/><F113/><W131/><G77/><T8/><D61/><U69/><E69/><V80/><F112/><W70/><G70/><T127/><D71/><U36/><E36/><V126/><F126/><W134/><G134/><T25/><D127/><U30/><E30/><V86/><F129/><W42/><G31/><T101/><D68/><U50/><E50/><V105/><F105/><W52/><G56/><T103/><D63/><U116/><E116/><V55/><F51/><W57/><G57/><T27/><D54/><N who="3" m="21097" /><G98/><T47/><D101/><U9/><E9/><V135/><F135/><W45/><G45/><T41/><D103/><U108/><E108/><V73/><F49/><W33/><G33/><T65/><D65/><U94/><AGARI ba="1,1" hai="0,4,5,10,11,14,20,24,28,58,59,85,89,94" machi="94" ten="20,5200,0" yaku="1,1,0,1,7,1,53,1" doraHai="39" doraHaiUra="88" who="1" fromWho="1" sc="265,-27,235,65,245,-14,245,-14" />
</Scene>
<Scene>
<INIT seed="1,0,0,1,1,76" ten="238,300,231,231" oya="1" hai0="46,75,8,67,15,91,79,50,102,110,107,106,39" hai1="117,113,34,121,65,17,60,13,52,16,33,4,36" hai2="28,105,108,32,23,69,0,116,82,44,45,49,53" hai3="89,30,12,84,3,112,86,29,134,1,119,94,131"/><U114/><E117/><V27/><F116/><W85/><G119/><T120/><D39/><U127/><E121/><V122/><F122/><W128/><G112/><T87/><D110/><U90/><E36/><V100/><F69/><W14/><G134/><T129/><D129/><N who="3" m="49737" /><G94/><T7/><D120/><U51/><E4/><V115/><F0/><N who="3" m="75" /><G89/><T83/><D67/><U18/><E13/><AGARI ba="0,0" hai="12,13,14,29,30,84,85,86" m="75,49737" machi="13" ten="40,5200,0" yaku="28,2,19,1" doraHai="76" who="3" fromWho="1" sc="238,0,300,-52,231,0,231,52" />
</Scene>
<Scene>
<INIT seed="2,0,0,5,1,102" ten="238,248,231,283" oya="2" hai0="2,113,5,29,8,12,88,17,98,51,104,18,84" hai1="41,68,123,40,121,117,9,86,45,119,6,58,70" hai2="90,33,134,50,131,118,65,71,34,10,60,0,109" hai3="69,133,53,63,64,59,128,48,55,129,49,31,112"/><V23/><F118/><W66/><G31/><T3/><D113/><U114/><E114/><V20/><F131/><N who="3" m="50251" /><G112/><T11/><D29/><U27/><E27/><V81/><F134/><W80/><G80/><T120/><D120/><U108/><E108/><V94/><F81/><W15/><G15/><T25/><D2/><U72/><E72/><V83/><F83/><W22/><G22/><T127/><D127/><U38/><E86/><V30/><F20/><W78/><G78/><T21/><D51/><N who="3" m="19529" /><G133/><T37/><D37/><U28/><E28/><V79/><F79/><W99/><G99/><T115/><D115/><U85/><E85/><V16/><F109/><W24/><G24/><T135/><D135/><U103/><E119/><V61/><F30/><W43/><G43/><T111/><D111/><U126/><E41/><V125/><F125/><W14/><G14/><T77/><D77/><U73/><E40/><V44/><F10/><W101/><G101/><T46/><D46/><U110/><E45/><V92/><F0/><W132/><G132/><T97/><REACH who="0" step="1"/><D104/><REACH who="0" ten="228,248,231,283" step="2"/><U82/><E121/><V42/><F34/><W56/><G69/><T96/><D96/><U54/><E68/><V36/><F33/><W124/><G124/><T106/><D106/><U122/><E70/><V47/><F61/><AGARI ba="0,1" hai="53,55,56,59,61,63,64,66" m="19529,50251" machi="61" ten="30,3900,0" yaku="19,1,34,2" doraHai="102" who="3" fromWho="2" sc="228,0,248,0,231,-39,283,49" />
</Scene>
<Scene>
<INIT seed="3,0,0,0,0,49" ten="228,248,192,332" oya="3" hai0="65,107,130,64,82,7,87,115,106,61,90,95,32" hai1="132,112,53,9,27,103,85,44,11,57,120,8,133" hai2="79,114,23,62,16,24,71,21,10,2,135,14,77" hai3="55,59,118,134,58,110,28,113,4,105,119,102,101"/><W109/><G113/><T100/><D32/><U70/><E70/><V84/><F114/><W88/><G134/><T86/><D115/><U128/><E112/><V15/><F135/><W18/><G28/><T37/><D37/><U66/><E120/><V51/><F2/><W12/><G4/><T97/><D130/><U91/><E128/><V40/><F71/><W50/><G58/><T48/><D7/><U45/><E103/><V5/><F62/><W17/><G17/><T25/><D25/><U96/><E96/><V29/><F84/><W41/><G41/><T93/><D48/><U3/><E3/><V33/><F33/><W108/><G105/><T83/><D64/><U6/><E6/><V26/><F15/><W92/><G118/><T38/><D38/><U73/><E73/><V125/><F125/><W111/><G119/><T122/><D122/><U0/><E0/><V69/><F69/><W78/><G78/><N who="0" m="46423" /><D61/><U127/><E133/><V20/><F20/><N who="3" m="11335" /><G111/><T129/><D65/><U43/><E66/><V126/><REACH who="2" step="1"/><F126/><REACH who="2" ten="228,248,182,332" step="2"/><W81/><G81/><T123/><D123/><U54/><E127/><V131/><F131/><W22/><G22/><T19/><D129/><U76/><E132/><V42/><F42/><W31/><G31/><T117/><D117/><U124/><E43/><V89/><F89/><W13/><G13/><T104/><D19/><U121/><E91/><V72/><F72/><W94/><G88/><T74/><D74/><U1/><E124/><V99/><F99/><W35/><G35/><T56/><D83/><U34/><E121/><V68/><F68/><RYUUKYOKU ba="0,1" sc="228,10,248,-30,182,10,332,10" hai0="56,87,90,93,95,97,100,104,106,107" hai2="5,10,14,16,21,23,24,26,29,40,51,77,79" hai3="50,55,59,92,94,101,102,108,109,110" />
</Scene>
<Scene>
<INIT seed="3,1,1,5,4,108" ten="238,218,192,342" oya="3" hai0="6,29,89,0,76,14,82,7,88,26,55,95,130" hai1="65,83,16,58,68,37,116,10,13,75,8,119,103" hai2="115,101,121,49,80,31,12,59,47,24,102,40,122" hai3="50,20,43,42,94,125,62,35,118,48,105,1,66"/><W52/><G118/><T126/><D126/><U91/><E68/><V54/><F80/><W86/><G35/><T19/><D130/><U30/><E37/><V123/><F12/><W97/><G1/><T25/><D0/><U129/><E129/><V3/><F3/><W99/><G125/><T57/><D6/><U32/><E103/><V132/><F132/><W28/><G105/><T127/><D7/><U38/><E38/><V41/><F41/><W63/><G50/><T69/><D69/><U74/><E30/><V51/><REACH who="2" step="1"/><F115/><REACH who="2" ten="238,218,182,342" step="2"/><W45/><G42/><T61/><D127/><U46/><E13/><V79/><F79/><W9/><G43/><T11/><D26/><U18/><E83/><V93/><F93/><W72/><G94/><T36/><D95/><U53/><E119/><V112/><F112/><W33/><G72/><T98/><D36/><U78/><E75/><V92/><F92/><W39/><G39/><T134/><D134/><U90/><E74/><V73/><F73/><W87/><G87/><N who="0" m="48583" /><D98/><U60/><E116/><V117/><F117/><W5/><G86/><T113/><D113/><U81/><E81/><V120/><N who="2" m="30720" /><DORA hai="22" /><V4/><F4/><W77/><G77/><T56/><D14/><U84/><E78/><V2/><F2/><W17/><G99/><T23/><D25/><U114/><E114/><V110/><F110/><W135/><G97/><T109/><D109/><U67/><E84/><V100/><F100/><W96/><G96/><T128/><D128/><U44/><E91/><V71/><F71/><W34/><G135/><T70/><D70/><RYUUKYOKU ba="1,2" sc="238,-10,218,-10,182,30,342,-10" hai2="24,31,40,47,49,51,54,59,101,102" />
</Scene>
<Scene>
<INIT seed="4,2,2,1,4,123" ten="228,208,212,332" oya="0" hai0="54,27,59,113,36,115,75,51,18,117,53,132,63" hai1="71,39,88,129,40,92,32,45,66,15,104,90,35" hai2="108,12,49,131,48,9,6,33,50,101,2,26,46" hai3="30,11,118,68,103,110,7,10,100,125,84,86,29"/><T81/><D117/><U25/><E104/><V61/><F131/><W95/><G118/><T77/><D36/><U98/><E129/><V5/><F101/><N who="3" m="38987" /><G110/><T23/><REACH who="0" step="1"/><D132/><REACH who="0" ten="218,208,212,332" step="2"/><U21/><E39/><V122/><F122/><W65/><G125/><T69/><D69/><U102/><E71/><V112/><F108/><W126/><G68/><T19/><D19/><U85/><E40/><V0/><F6/><W37/><G126/><T134/><D134/><U20/><E32/><V130/><F33/><W82/><G37/><T74/><D74/><U120/><E35/><V67/><F130/><W58/><G7/><T128/><D128/><U13/><E120/><V87/><F5/><W8/><G29/><T38/><D38/><U55/><E20/><V97/><F9/><W62/><G30/><T135/><D135/><U34/><E21/><V114/><F0/><W70/><G70/><T127/><D127/><U78/><E34/><V96/><F2/><W56/><G11/><T43/><D43/><U44/><E102/><V64/><F114/><W17/><G17/><T80/><D80/><U41/><E41/><V47/><F112/><W72/><G10/><T116/><D116/><U89/><E90/><V109/><F109/><W94/><G8/><T76/><D76/><U105/><E88/><V111/><F111/><W99/><G72/><T124/><D124/><U28/><E89/><V16/><F16/><W133/><G133/><T106/><D106/><U31/><E105/><V91/><F91/><W24/><G82/><T121/><D121/><U1/><E78/><V107/><F107/><RYUUKYOKU ba="2,3" sc="218,30,208,-10,212,-10,332,-10" hai0="18,23,27,51,53,54,59,63,75,77,81,113,115" />
</Scene>
<Scene>
<INIT seed="4,3,3,2,4,27" ten="248,198,202,322" oya="0" hai0="125,19,52,0,36,127,68,77,55,23,130,82,22" hai1="132,72,84,56,42,128,116,101,124,88,9,46,115" hai2="61,43,51,63,18,17,133,11,107,35,39,59,81" hai3="21,112,14,85,69,76,2,67,66,45,3,37,20"/><T118/><D118/><U12/><E116/><V50/><F107/><W10/><G112/><T26/><D68/><U103/><E72/><V53/><F35/><W28/><G2/><T90/><D0/><U134/><E124/><N who="0" m="47689" /><D130/><U97/><E128/><V106/><F106/><W113/><G3/><T89/><D36/><N who="1" m="21831" /><E56/><V110/><F110/><W117/><G113/><T7/><D7/><N who="1" m="3135" /><E97/><V33/><F33/><W120/><G120/><T78/><D78/><U104/><E104/><V105/><F105/><W24/><G69/><T74/><D23/><U87/><E115/><V40/><F11/><W58/><G117/><T41/><D41/><U60/><E60/><V91/><F133/><N who="1" m="51305" /><E84/><N who="2" m="50575" /><F39/><W73/><G73/><T15/><D15/><U102/><E103/><V8/><F8/><W108/><G14/><T135/><D135/><U13/><E13/><V80/><F80/><AGARI ba="3,3" hai="80,87,88,101,102" m="51305,3135,21831" machi="80" ten="30,2000,0" yaku="20,1,54,1" doraHai="27" who="1" fromWho="2" sc="248,0,198,59,202,-29,322,0" />
</Scene>
<Scene>
<INIT seed="5,0,0,5,4,95" ten="248,257,173,322" oya="1" hai0="134,22,9,129,135,86,45,94,1,39,36,35,65" hai1="126,96,47,74,92,48,29,32,14,0,100,51,110" hai2="91,87,11,115,88,73,116,49,89,60,55,118,79" hai3="113,76,44,17,133,12,131,70,101,5,71,78,105"/><U64/><E0/><V80/><F115/><W108/><G108/><T7/><D35/><U31/><E74/><V99/><F60/><W77/><G5/><T107/><D107/><U43/><E110/><V69/><F69/><W58/><G113/><T10/><D129/><U123/><E123/><V82/><F11/><W56/><G131/><T33/><D33/><U106/><E126/><V109/><F109/><W75/><G75/><T3/><D22/><U6/><E32/><V127/><F55/><W132/><G44/><T30/><D30/><U27/><E64/><V93/><F49/><W28/><G28/><T112/><D65/><U50/><E27/><V120/><F120/><W34/><G34/><T81/><D94/><U18/><E6/><V13/><F13/><W40/><G40/><T19/><D112/><U25/><E25/><V98/><F127/><W46/><G46/><T21/><D9/><U114/><E114/><V111/><F111/><W8/><G101/><T97/><D1/><U20/><REACH who="1" step="1"/><E106/><REACH who="1" ten="248,247,173,322" step="2"/><V62/><F62/><W2/><G105/><T67/><D67/><U84/><E84/><V42/><REACH who="2" step="1"/><F42/><REACH who="2" ten="248,247,163,322" step="2"/><W125/><G2/><T63/><D3/><U85/><E85/><V104/><F104/><W41/><G41/><T102/><D86/><U122/><E122/><V52/><F52/><W119/><G125/><T59/><D7/><U61/><E61/><V23/><F23/><W130/><G130/><T68/><D21/><U38/><AGARI ba="0,2" hai="14,18,20,29,31,38,43,47,48,50,51,92,96,100" machi="38" ten="30,6000,0" yaku="1,1,0,1,52,1,53,0" doraHai="95" doraHaiUra="66" who="1" fromWho="1" sc="248,-20,247,80,163,-20,322,-20" />
</Scene>
<Scene>
<INIT seed="5,1,0,5,2,10" ten="228,327,143,302" oya="1" hai0="103,28,0,6,36,54,13,19,91,131,25,9,62" hai1="87,50,16,81,1,75,130,102,120,14,80,31,48" hai2="79,37,68,72,66,117,76,101,118,47,133,41,98" hai3="70,33,85,35,71,78,44,123,29,58,88,111,53"/><U39/><E120/><V2/><F133/><W112/><G123/><T61/><D36/><U4/><E39/><V124/><F79/><W105/><G105/><T127/><D131/><U97/><E130/><V51/><F51/><W60/><G111/><T8/><D127/><U73/><E31/><V52/><F124/><W110/><G110/><T49/><D103/><U92/><E1/><V95/><F2/><W59/><G78/><T134/><D134/><U69/><E69/><V63/><F76/><W125/><G125/><T65/><D65/><U128/><E128/><V3/><F3/><W22/><G112/><T21/><REACH who="0" step="1"/><D91/><REACH who="0" ten="218,327,143,302" step="2"/><U55/><E102/><V113/><F113/><W135/><G135/><T122/><D122/><U5/><E50/><V26/><F72/><W74/><G74/><T56/><AGARI ba="1,1" hai="0,6,8,9,13,19,21,25,28,49,54,56,61,62" machi="56" ten="20,5200,0" yaku="1,1,0,1,7,1,52,1,53,0" doraHai="10" doraHaiUra="90" who="0" fromWho="0" sc="218,65,327,-27,143,-14,302,-14" />
</Scene>
<Scene>
<INIT seed="6,0,0,5,1,90" ten="283,300,129,288" oya="2" hai0="72,46,55,1,37,80,24,103,107,51,49,71,35" hai1="25,67,128,106,130,13,48,87,61,74,76,98,88" hai2="32,63,78,45,17,9,57,97,33,26,44,38,28" hai3="29,83,133,89,14,47,73,66,122,129,3,92,113"/><V116/><F116/><W79/><G122/><T12/><D1/><U135/><E135/><V124/><F124/><W2/><G133/><T100/><D71/><U59/><E74/><V126/><F126/><W7/><G129/><T82/><D37/><U131/><E76/><V54/><F78/><W41/><G66/><T105/><D72/><U125/><E125/><V4/><F38/><W31/><G113/><T50/><D46/><U40/><E25/><V0/><F33/><W110/><G110/><T60/><D12/><U5/><E40/><V84/><F84/><W65/><G65/><T34/><D24/><U96/><E106/><N who="0" m="40457" /><D55/><U39/><E39/><V27/><F97/><W62/><G62/><T69/><D60/><U42/><E42/><V36/><F36/><N who="3" m="21927" /><G14/><T120/><D69/><U16/><E48/><V86/><F86/><N who="3" m="52279" /><G2/><T18/><D18/><U23/><E5/><V119/><F119/><W134/><G134/><T95/><D120/><U91/><E91/><V101/><F101/><N who="0" m="38986" /><D95/><AGARI ba="0,0" hai="13,16,23,59,61,67,87,88,95,96,98,128,130,131" machi="95" ten="40,8000,1" yaku="19,1,52,1,54,2" doraHai="90" who="1" fromWho="0" sc="283,-80,300,80,129,0,288,0" />
</Scene>
<Scene>
<INIT seed="7,0,0,1,2,11" ten="203,380,129,288" oya="3" hai0="14,80,8,5,23,2,22,60,112,113,61,77,74" hai1="131,109,90,135,82,68,27,123,119,33,107,28,10" hai2="76,17,46,115,15,86,127,103,95,96,114,16,0" hai3="94,132,19,57,54,63,125,79,118,101,133,6,31"/><W7/><G118/><T51/><D51/><U124/><RYUUKYOKU type="yao9" ba="0,0" sc="203,0,380,0,129,0,288,0" hai1="10,27,28,33,68,82,90,107,109,119,123,124,131,135" />
</Scene>
<Scene>
<INIT seed="7,1,0,1,4,13" ten="203,380,129,288" oya="3" hai0="50,80,21,123,120,35,51,41,28,135,53,124,9" hai1="100,54,61,24,39,7,127,78,109,43,66,29,90" hai2="114,97,107,91,96,103,113,95,70,75,10,25,102" hai3="2,131,55,92,44,32,20,74,85,56,98,76,42"/><W72/><G32/><T48/><D35/><U46/><E109/><V87/><F70/><W88/><G2/><T68/><D68/><U79/><E100/><V111/><F25/><W38/><G131/><T1/><D41/><U108/><E108/><V34/><F34/><W19/><G76/><T52/><D124/><U11/><E127/><V69/><F69/><W26/><G85/><T121/><D135/><U40/><E54/><V4/><F10/><W84/><G84/><T116/><D116/><U132/><E90/><V15/><F15/><W67/><G67/><T129/><D80/><U60/><E43/><V106/><F4/><W5/><G5/><T23/><D129/><U31/><E132/><V94/><F111/><W117/><G117/><T45/><D28/><U104/><E104/><V77/><F94/><W14/><G14/><T47/><D51/><U58/><E61/><V33/><F33/><W93/><G93/><T118/><D118/><U128/><E128/><V3/><F3/><W110/><G110/><T125/><D125/><U65/><E65/><V64/><F64/><W122/><G122/><T57/><D57/><U99/><E99/><V12/><F12/><W62/><AGARI ba="1,0" hai="19,20,26,38,42,44,55,56,62,72,74,88,92,98" machi="62" ten="20,18000,2" yaku="0,1,7,1,25,2,52,1,54,1" doraHai="13" who="3" fromWho="3" sc="203,-61,380,-61,129,-61,288,183" owari="142,-26.0,319,12.0,68,-43.0,471,57.0" />
</Scene>
</mjloggm>