<mjloggm ver="2.3"><GO type="169"/><UN n0="%E9%81%BF%E3%81%91%E3%82%8B%E3%83%81%E3%83%BC%E3%82%BA" n1="%E6%9D%B1%E5%8D%97" n2="%E3%81%A0%E3%83%BC%E3%81%8F%E3%81%88%E3%82%8B%E3%81%B5" n3="%41%53%41%50%49%4E" dan="17,17,16,19" rate="2212,2087,2081,2216" sx="F,M,F,M"/><TAIKYOKU oya="0"/>

<Scene>
<INIT seed="0,0,0,5,2,102" ten="250,250,250,250" oya="0" hai0="1,124,104,17,30,127,115,95,82,85,83,50,55" hai1="133,99,66,38,80,110,40,108,58,3,36,15,77" hai2="22,64,14,131,35,60,29,57,54,87,75,78,56" hai3="41,109,91,8,101,13,105,100,125,117,98,59,65"/><T93/><D115/><U4/><E15/><V47/><F75/><W24/><G117/><T90/><D1/><U89/><E133/><V49/><F35/><W28/><G109/><T67/><D30/><U118/><E118/><V123/><F123/><W16/><G125/><N who="0" m="48203" /><D67/><U44/><E38/><V12/><F131/><W18/><G41/><T134/><D134/><U88/><E58/><V106/><F106/><W5/><G100/><T81/><D95/><N who="1" m="56807" /><E89/><V72/><F72/><W107/><G107/><T26/><D104/><U97/><E97/><V39/><F39/><W63/><REACH who="3" step="1"/><G91/><REACH who="3" ten="250,250,250,240" step="2"/><T31/><D90/><U130/><E130/><V76/><F76/><W129/><G129/><T116/><D116/><U121/><E121/><V45/><F78/><W43/><G43/><T19/><D93/><U0/><E77/><V21/><F87/><W33/><AGARI ba="0,1" hai="5,8,13,16,18,24,28,33,59,63,65,98,101,105" machi="33" ten="20,8000,1" yaku="1,1,0,1,7,1,52,1,54,1,53,0" doraHai="102" doraHaiUra="112" who="3" fromWho="3" sc="250,-40,250,-20,250,-20,240,90" />
</Scene>
<Scene>
<INIT seed="1,0,0,1,3,17" ten="210,230,230,330" oya="1" hai0="3,0,58,88,91,75,85,135,116,26,118,73,98" hai1="113,9,37,74,133,52,20,41,4,12,87,47,92" hai2="62,121,124,40,15,48,51,27,57,45,44,10,117" hai3="109,132,31,24,6,46,1,94,59,114,21,38,78"/><U53/><E74/><V112/><F121/><W70/><G70/><T68/><D68/><U66/><E113/><V96/><F117/><W32/><G114/><T13/><D135/><U106/><E106/><V65/><F112/><W125/><G132/><T63/><D26/><U36/><E133/><V67/><F124/><W104/><G104/><T34/><D34/><U97/><E66/><V89/><F27/><W49/><G125/><T72/><D13/><U43/><E87/><V84/><F96/><W69/><G69/><T134/><D134/><U130/><E130/><V103/><F103/><W11/><G109/><T107/><D107/><U81/><E81/><V2/><F2/><W115/><G115/><T77/><D77/><U120/><E120/><V90/><F84/><W110/><G110/><T83/><D116/><U18/><E41/><V86/><F67/><W25/><G78/><T28/><D28/><U5/><E37/><V64/><F64/><W16/><G94/><T129/><D129/><U35/><E5/><N who="2" m="3535" /><F86/><W19/><G19/><T105/><D118/><U93/><E35/><V50/><F50/><W29/><G29/><T123/><D123/><U71/><E71/><V126/><F126/><W131/><G131/><T8/><D105/><U82/><E82/><V111/><F111/><W14/><G25/><T128/><D128/><U23/><E93/><V7/><F7/><W119/><G119/><T95/><REACH who="0" step="1"/><D8/><REACH who="0" ten="200,230,230,330" step="2"/><U127/><E127/><V33/><F33/><W122/><G122/><T55/><AGARI ba="0,1" hai="0,3,55,58,63,72,73,75,83,85,88,91,95,98" machi="55" ten="30,7900,0" yaku="1,1,2,1,0,1,54,1,53,0" doraHai="17" doraHaiUra="60" who="0" fromWho="0" sc="200,89,230,-39,230,-20,330,-20" />
</Scene>
<Scene>
<INIT seed="2,0,0,5,2,111" ten="289,191,210,310" oya="2" hai0="11,114,4,2,110,68,81,39,40,20,0,93,107" hai1="37,52,6,87,16,35,73,132,8,60,13,101,124" hai2="88,120,106,99,85,27,105,82,116,31,80,112,32" hai3="90,122,78,18,49,69,79,123,83,22,46,43,12"/><V67/><F120/><W130/><G69/><T26/><D107/><U129/><E73/><V131/><F116/><W59/><G130/><T96/><D68/><U126/><E37/><V17/><F131/><W98/><G79/><T64/><D64/><U119/><E129/><V109/><F109/><W118/><G118/><T23/><D110/><U33/><E119/><V63/><F17/><W24/><G59/><T34/><D0/><U115/><E132/><V1/><F1/><W70/><G70/><T95/><D95/><U58/><E101/><V71/><F112/><W45/><G45/><T100/><D114/><U38/><E38/><V94/><REACH who="2" step="1"/><F82/><REACH who="2" ten="289,191,200,310" step="2"/><W10/><G122/><T74/><D81/><U48/><E115/><V103/><AGARI ba="0,1" hai="27,31,32,63,67,71,80,85,88,94,99,103,105,106" machi="103" ten="20,18000,2" yaku="1,1,2,1,0,1,7,1,54,1,53,1" doraHai="111" doraHaiUra="66" who="2" fromWho="2" sc="289,-60,191,-60,200,190,310,-60" />
</Scene>
<Scene>
<INIT seed="2,1,0,2,4,95" ten="229,131,390,250" oya="2" hai0="93,73,117,75,22,123,122,38,21,105,83,67,18" hai1="130,132,36,35,29,134,58,115,31,33,77,19,17" hai2="43,101,74,68,133,15,32,72,125,20,119,8,86" hai3="30,100,97,98,121,108,70,110,45,40,65,0,62"/><V111/><F119/><W107/><G121/><T129/><D105/><U51/><E36/><V5/><F32/><N who="1" m="12361" /><E77/><V47/><F68/><W10/><G30/><N who="1" m="11274" /><E58/><V56/><F101/><W127/><G127/><T4/><D38/><U88/><E51/><V24/><F125/><W11/><G98/><T99/><D117/><U113/><E88/><V112/><F112/><N who="1" m="43081" /><E130/><V78/><F56/><W66/><G66/><T128/><D67/><U79/><E79/><V26/><F86/><W126/><G126/><T9/><D83/><U3/><E3/><V1/><F1/><W55/><G55/><T53/><D53/><U25/><E25/><V23/><F78/><W76/><G76/><T16/><D93/><U46/><E46/><V2/><F47/><W94/><G94/><T84/><D84/><U54/><E54/><V87/><F43/><W92/><G92/><T85/><D85/><U104/><E104/><V48/><F87/><W50/><G0/><T42/><D42/><U27/><E27/><V102/><F48/><W52/><G40/><T109/><D129/><U37/><E37/><V131/><F2/><W49/><G49/><T61/><D128/><U14/><E14/><V69/><F15/><W91/><G91/><T96/><D61/><U114/><N who="1" m="43089" /><U28/><DORA hai="63" /><E28/><V13/><F131/><W103/><G103/><T89/><D89/><U57/><E57/><V90/><F13/><W81/><G81/><T80/><D80/><U71/><E71/><V41/><F26/><W34/><G34/><T44/><D44/><U7/><E7/><V6/><F24/><RYUUKYOKU ba="1,0" sc="229,-15,131,15,390,-15,250,15" hai1="17,19,132,134" hai3="10,11,45,50,52,62,65,70,97,100,107,108,110" />
</Scene>
<Scene>
<INIT seed="3,2,0,2,5,64" ten="214,146,375,265" oya="3" hai0="59,69,125,89,48,99,22,33,38,107,41,61,68" hai1="23,16,25,123,52,135,74,26,5,54,110,75,27" hai2="10,84,120,67,20,93,112,24,50,95,130,97,101" hai3="108,32,127,2,94,77,109,66,47,0,17,71,90"/><W131/><G32/><T63/><D33/><U91/><E123/><V7/><F112/><W29/><G29/><T31/><D125/><U88/><E135/><V122/><F130/><W43/><G131/><T133/><D133/><U30/><E110/><N who="3" m="42602" /><G127/><T79/><D38/><U3/><E3/><N who="3" m="1066" /><G77/><T102/><D79/><U81/><E5/><V83/><F120/><W15/><G15/><T121/><D121/><U60/><E75/><V19/><F122/><W114/><G17/><T40/><D89/><N who="1" m="34379" /><E74/><V12/><F95/><W96/><G114/><T49/><D31/><U124/><E124/><V36/><F36/><N who="3" m="21991" /><G66/><T113/><D113/><U51/><E81/><V87/><F67/><W134/><G134/><T72/><D72/><U58/><E30/><V86/><F50/><W45/><G45/><AGARI ba="2,0" hai="16,23,25,26,27,45,51,52,54,58,60" m="34379" machi="45" ten="30,7700,0" yaku="8,1,54,3" doraHai="64" who="1" fromWho="3" sc="214,0,146,83,375,0,265,-83" />
</Scene>
<Scene>
<INIT seed="4,0,0,0,1,81" ten="214,229,375,182" oya="0" hai0="105,49,75,116,14,80,74,56,114,68,67,85,73" hai1="94,54,98,27,107,65,21,19,0,64,43,11,86" hai2="112,50,79,101,3,29,125,6,111,10,130,12,24" hai3="26,35,128,31,51,45,22,69,97,127,78,15,1"/><T83/><D105/><U77/><E43/><V84/><F111/><W38/><G69/><T20/><D116/><U57/><E107/><V28/><F112/><W115/><G1/><T110/><D114/><U106/><E106/><V95/><F130/><W129/><G115/><T30/><D110/><U96/><E96/><V48/><F125/><W40/><G127/><T9/><D68/><U102/><E0/><V135/><F135/><W44/><G97/><T132/><D132/><U120/><E120/><V134/><F134/><W99/><G99/><T87/><D20/><U131/><E11/><V103/><F3/><W117/><G117/><T108/><D30/><N who="2" m="11882" /><F24/><W18/><REACH who="3" step="1"/><G78/><REACH who="3" ten="214,229,375,172" step="2"/><T82/><D108/><U13/><E131/><V37/><F79/><W7/><G7/><T126/><D126/><U93/><E27/><V59/><F6/><W72/><G72/><T76/><D76/><U47/><E77/><V62/><F103/><W90/><G90/><T4/><REACH who="0" step="1"/><D49/><REACH who="0" ten="204,229,375,172" step="2"/><N who="1" m="28991" /><E102/><V122/><F48/><W89/><G89/><T42/><D42/><AGARI ba="0,2" hai="15,18,22,26,31,35,38,40,42,44,45,51,128,129" machi="42" ten="40,2600,0" yaku="1,1,53,1" doraHai="81" doraHaiUra="23" who="3" fromWho="0" sc="204,-26,229,0,375,0,172,46" />
</Scene>
<Scene>
<INIT seed="5,0,0,4,0,40" ten="178,229,375,218" oya="1" hai0="105,30,52,91,25,95,67,97,93,100,53,94,54" hai1="42,126,14,101,128,68,74,92,113,62,85,123,1" hai2="66,44,134,104,130,107,84,60,49,76,23,119,10" hai3="103,108,65,117,115,45,89,46,32,72,87,31,90"/><U135/><E14/><V27/><F119/><W98/><G108/><T125/><D67/><U63/><E85/><V28/><F134/><W7/><G72/><T88/><REACH who="0" step="1"/><D125/><REACH who="0" ten="168,229,375,218" step="2"/><U56/><E126/><V131/><F66/><W17/><G65/><T86/><D86/><U121/><E74/><V11/><F84/><W35/><G87/><T15/><D15/><U48/><E1/><V112/><F131/><W37/><G117/><T55/><N who="0" m="13312" /><DORA hai="3" /><T0/><D0/><U96/><E128/><V22/><F130/><W124/><G124/><T5/><D5/><U71/><E135/><V6/><F6/><W122/><G7/><T79/><D79/><U83/><E123/><V16/><F76/><W111/><G122/><T29/><D29/><U80/><E121/><V58/><F28/><W9/><G31/><T13/><D13/><U39/><E63/><V120/><F60/><W33/><G111/><T38/><D38/><U77/><E39/><V12/><F120/><W21/><G37/><T69/><D69/><U61/><E61/><V81/><F12/><W106/><G9/><T50/><D50/><U116/><E116/><V64/><F49/><W18/><G18/><T2/><D2/><U47/><E77/><V57/><F11/><W78/><G78/><T26/><D26/><U82/><E71/><V20/><F27/><W70/><G70/><T110/><D110/><U109/><E68/><V127/><F127/><W99/><G17/><T41/><D41/><U34/><E109/><V36/><F16/><W59/><G59/><T75/><D75/><U133/><E133/><RYUUKYOKU ba="0,1" sc="168,30,229,-10,375,-10,218,-10" hai0="25,30,88,91,93,94,95,97,100,105" />
</Scene>
<Scene>
<INIT seed="6,1,1,4,5,114" ten="198,219,365,208" oya="2" hai0="122,13,19,61,68,118,106,29,30,21,49,70,82" hai1="7,121,132,112,116,9,50,22,39,59,80,2,76" hai2="32,42,14,104,91,95,25,96,87,46,69,81,90" hai3="24,16,23,51,124,44,119,11,127,66,8,94,125"/><V134/><F69/><W73/><G73/><T110/><D106/><U53/><E39/><V38/><F134/><W20/><G119/><T120/><D110/><U117/><E132/><V99/><F14/><W5/><G5/><T31/><D118/><U41/><E112/><V27/><F32/><W57/><G94/><T54/><D82/><U18/><E41/><V17/><F17/><W15/><G57/><T3/><D3/><U43/><E43/><V10/><F10/><W64/><G23/><T40/><D40/><U98/><E98/><V128/><F128/><W126/><N who="3" m="31744" /><DORA hai="35" /><W12/><G12/><T129/><D129/><U88/><E88/><V115/><F115/><W52/><REACH who="3" step="1"/><G11/><REACH who="3" ten="198,219,365,198" step="2"/><T63/><D70/><U65/><E22/><V130/><F130/><W48/><G48/><T97/><D68/><U79/><E117/><V85/><F104/><W74/><G74/><T4/><D4/><U109/><E7/><V34/><F95/><W102/><G102/><T77/><D122/><U28/><E121/><V55/><F34/><W107/><G107/><T71/><D71/><U93/><E93/><V67/><F27/><W37/><G37/><T111/><D120/><U89/><E9/><V72/><F25/><W33/><G33/><T83/><D111/><U101/><E101/><V62/><F72/><W56/><G56/><N who="0" m="32847" /><D97/><U100/><E109/><V105/><F105/><W113/><G113/><T60/><D83/><U47/><E80/><V123/><F123/><W84/><G84/><T78/><AGARI ba="1,2" hai="13,19,21,29,30,31,60,61,63,77,78" m="32847" machi="78" ten="40,1500,0" yaku="8,1" doraHai="114,35" who="0" fromWho="0" sc="198,38,219,-5,365,-8,198,-5" />
</Scene>
<Scene>
<INIT seed="7,0,0,1,1,97" ten="236,214,357,193" oya="3" hai0="1,76,107,99,102,36,89,109,100,108,3,114,27" hai1="68,88,75,64,30,49,130,13,105,20,37,112,115" hai2="57,58,79,61,52,51,133,55,7,93,110,62,5" hai3="21,47,116,26,23,63,67,9,10,80,16,113,118"/><W18/><G113/><N who="1" m="43594" /><E37/><V135/><F110/><W72/><G47/><T32/><D36/><U22/><E75/><V42/><F79/><W129/><G129/><T104/><D114/><U106/><E49/><V119/><F119/><W86/><G72/><T132/><D132/><N who="2" m="50762" /><F93/><W45/><G45/><AGARI ba="0,0" hai="5,7,42,45,51,52,55,57,58,61,62" m="50762" machi="45" ten="30,2000,0" yaku="20,1,54,1" doraHai="97" who="2" fromWho="3" sc="236,0,214,0,357,20,193,-20" owari="236,4.0,214,-19.0,377,48.0,173,-33.0" />
</Scene>
</mjloggm>