<mjloggm ver="2.3"><GO type="169" lobby="0"/><UN n0="%E6%AD%A6%E5%A3%AB%E6%B2%A2%E7%A7%80%E8%A1%8C" n1="%41%53%41%50%49%4E" n2="%E6%B0%97%E6%A5%BD%E3%81%AB%E6%89%93%E3%81%A4" n3="%E5%9F%BA%E7%A4%8E%E8%AB%96" dan="17,18,16,17" rate="2137.51,2266.53,2100.65,2149.84" sx="M,M,M,M"/><TAIKYOKU oya="0"/>

<Scene>
<INIT seed="0,0,0,3,2,57" ten="250,250,250,250" oya="0" hai0="123,110,116,76,62,11,32,88,69,59,90,68,121" hai1="75,39,6,14,102,127,113,38,120,2,115,126,74" hai2="111,40,103,28,15,133,19,93,54,114,61,77,22" hai3="81,27,97,107,134,0,25,18,55,95,71,12,31"/><T1/><D116/><U91/><E14/><V52/><F114/><N who="1" m="43529" /><E91/><V92/><F111/><W94/><G134/><T3/><D32/><U131/><E102/><V41/><F133/><W119/><G119/><T86/><D110/><U26/><E26/><N who="2" m="16471" /><F54/><W48/><G0/><T60/><D59/><U8/><E120/><V98/><F92/><W100/><G71/><T84/><REACH who="0" step="1"/><D11/><REACH who="0" ten="240,250,250,250" step="2"/><U135/><E135/><V24/><F24/><W21/><G27/><T73/><D73/><N who="1" m="27659" /><E131/><V34/><F34/><W80/><G25/><T85/><D85/><U16/><E16/><V106/><F19/><W65/><G18/><T118/><D118/><U44/><E44/><V47/><F47/><W125/><G31/><T101/><D101/><U108/><E108/><V79/><F103/><W99/><G100/><T64/><D64/><U29/><E29/><V82/><F98/><W112/><G99/><T17/><D17/><U117/><E117/><V5/><F106/><W51/><G97/><T50/><D50/><U105/><E105/><V96/><F96/><W124/><G48/><T23/><D23/><U7/><E7/><V35/><F5/><W129/><G107/><T30/><D30/><U46/><E46/><V33/><F35/><W128/><G112/><T104/><D104/><U83/><E38/><V43/><F33/><W13/><G65/><T72/><D72/><U36/><E39/><V122/><F122/><W58/><G51/><T56/><D56/><U42/><E36/><V10/><F10/><W63/><G58/><T49/><D49/><U53/><E8/><V37/><F37/><RYUUKYOKU ba="0,1" sc="240,30,250,-10,250,-10,250,-10" hai0="1,3,60,62,68,69,76,84,86,88,90,121,123" />
</Scene>
<Scene>
<INIT seed="0,1,1,3,5,96" ten="270,240,240,240" oya="0" hai0="54,64,130,34,67,81,102,77,60,97,45,26,43" hai1="86,10,114,108,126,75,95,76,100,44,50,105,89" hai2="79,71,133,90,65,29,19,53,135,33,17,52,27" hai3="12,28,32,78,127,2,111,59,73,41,103,15,14"/><T61/><D130/><U93/><E108/><V24/><F79/><W68/><G68/><T40/><D34/><U92/><E114/><V16/><F90/><W122/><G111/><T55/><D26/><U88/><E126/><V13/><F27/><W31/><G2/><T107/><D61/><U46/><E46/><V36/><F36/><W11/><G127/><T134/><D134/><N who="2" m="51210" /><F71/><W83/><G122/><T58/><D67/><U6/><E75/><V132/><F132/><W82/><G41/><T72/><REACH who="0" step="1"/><D43/><REACH who="0" ten="260,240,240,240" step="2"/><N who="1" m="24863" /><E105/><V74/><F65/><W131/><G32/><T56/><D56/><U94/><E76/><V48/><F33/><W113/><G131/><T119/><D119/><U120/><E120/><V35/><F35/><W85/><G59/><T42/><D42/><U121/><E121/><V9/><F24/><W99/><G113/><T22/><D22/><U57/><E57/><V66/><F66/><W84/><G31/><T117/><D117/><U87/><E100/><V125/><F29/><W30/><G28/><T69/><D69/><U39/><E39/><AGARI ba="1,2" hai="39,40,45,54,55,58,60,64,72,77,81,97,102,107" machi="39" ten="30,5800,0" yaku="1,1,7,1,52,1,53,0" doraHai="96" doraHaiUra="115" who="0" fromWho="1" sc="260,81,240,-61,240,0,240,0" />
</Scene>
<Scene>
<INIT seed="0,2,0,5,5,17" ten="341,179,240,240" oya="0" hai0="96,31,102,65,62,6,79,63,83,117,12,40,120" hai1="115,46,28,61,97,114,100,68,38,55,99,43,86" hai2="48,13,112,8,0,66,25,126,1,108,4,109,85" hai3="19,131,56,105,75,82,64,32,33,92,3,24,132"/><T30/><D120/><U10/><E28/><V34/><F66/><W35/><G105/><T113/><D117/><U41/><E41/><V78/><F112/><N who="1" m="43049" /><E100/><V80/><F126/><W103/><G3/><T37/><D113/><U69/><E86/><V81/><F81/><W60/><G131/><T14/><D63/><U53/><E10/><V110/><F48/><W57/><G132/><T94/><D14/><U95/><E97/><V18/><F34/><W51/><G103/><T23/><D40/><U59/><E95/><V5/><F5/><W101/><G101/><T135/><D37/><U72/><E72/><V49/><F49/><W15/><G92/><T118/><D135/><U54/><E99/><V90/><F78/><W50/><G57/><T7/><D118/><U111/><E111/><V16/><F18/><W91/><G24/><N who="0" m="16671" /><D31/><U22/><E22/><AGARI ba="2,0" hai="0,1,4,8,13,16,22,25,80,85,90,108,109,110" machi="22" ten="40,5200,0" yaku="14,1,52,1,54,1" doraHai="17" who="2" fromWho="1" sc="341,0,179,-58,240,58,240,0" />
</Scene>
<Scene>
<INIT seed="1,0,0,2,0,10" ten="341,121,298,240" oya="1" hai0="119,3,77,59,122,94,83,132,67,56,133,45,109" hai1="117,110,60,46,2,34,112,129,0,76,51,22,116" hai2="90,131,98,95,105,48,33,89,80,15,47,14,120" hai3="103,27,31,12,54,13,40,68,26,30,39,81,74"/><U29/><E112/><V123/><F131/><W118/><G68/><T8/><D122/><U37/><E129/><V75/><F33/><W127/><G103/><T50/><D119/><U17/><E37/><V38/><F38/><W71/><G71/><T108/><D94/><U135/><E135/><N who="0" m="51785" /><D67/><U111/><E76/><V23/><F105/><W55/><G118/><N who="1" m="45674" /><E60/><V24/><F75/><W78/><G127/><T7/><D59/><U102/><E102/><V5/><F123/><W43/><G39/><T70/><D56/><U93/><E93/><V20/><F120/><W126/><G126/><T28/><D28/><U25/><E51/><V62/><F62/><W91/><G74/><N who="0" m="43447" /><D70/><U19/><E46/><V53/><F47/><W125/><G125/><T32/><D32/><U84/><E84/><V88/><F48/><W57/><G78/><T134/><D134/><U106/><E106/><V63/><F63/><W52/><G57/><T65/><D65/><U82/><E82/><V73/><F80/><W4/><G81/><T121/><D121/><U42/><E42/><AGARI ba="0,0" hai="3,7,8,42,45,50,108,109" m="43447,51785" machi="42" ten="30,1000,0" yaku="20,1" doraHai="10" who="0" fromWho="1" sc="341,10,121,-10,298,0,240,0" />
</Scene>
<Scene>
<INIT seed="2,0,0,2,4,9" ten="351,111,298,240" oya="2" hai0="54,47,33,49,115,27,73,44,65,36,58,75,89" hai1="98,90,109,57,95,114,78,23,118,96,93,88,62" hai2="37,13,100,67,4,132,20,130,8,52,2,134,82" hai3="84,39,68,131,48,46,24,76,0,29,40,116,97"/><V112/><F112/><W53/><G116/><T94/><D115/><U56/><E114/><V110/><F130/><W83/><G131/><T30/><D47/><U81/><E118/><V5/><F110/><W34/><G0/><T61/><REACH who="0" step="1"/><D36/><REACH who="0" ten="341,111,298,240" step="2"/><U59/><E109/><V16/><F37/><W11/><G39/><T38/><D38/><U80/><E78/><V26/><F134/><W10/><G40/><T99/><AGARI ba="0,1" hai="27,30,33,44,49,54,58,61,65,73,75,89,94,99" machi="99" ten="20,5200,0" yaku="1,1,0,1,7,1,53,1" doraHai="9" doraHaiUra="92" who="0" fromWho="0" sc="341,62,111,-13,298,-26,240,-13" />
</Scene>
<Scene>
<INIT seed="3,0,0,0,3,104" ten="403,98,272,227" oya="3" hai0="26,8,16,33,115,96,132,25,32,5,119,0,19" hai1="66,45,64,29,65,113,53,41,57,59,117,9,101" hai2="98,69,27,50,103,110,11,120,123,127,134,73,49" hai3="10,58,18,135,92,94,51,76,124,100,128,52,28"/><W38/><G38/><T55/><D119/><U23/><E101/><V68/><F11/><W42/><G124/><T114/><D96/><U81/><E9/><V35/><F127/><W86/><G128/><T43/><D43/><U84/><E117/><V116/><F116/><W111/><G135/><T12/><D55/><U24/><E113/><N who="0" m="43017" /><D132/><U39/><REACH who="1" step="1"/><E53/><REACH who="1" ten="403,88,272,227" step="2"/><V121/><F103/><W95/><G100/><T97/><D97/><U82/><E82/><V31/><F98/><W7/><G7/><T129/><D129/><U13/><E13/><V20/><F134/><W72/><G10/><N who="0" m="2343" /><D19/><U15/><E15/><V108/><F120/><W75/><G18/><T70/><D70/><U102/><E102/><V107/><F121/><W130/><G130/><T14/><D14/><U37/><E37/><V109/><F123/><W93/><G42/><T112/><D112/><U44/><E44/><V131/><F131/><W48/><G52/><T22/><D8/><U21/><E21/><V56/><F20/><W83/><G58/><T4/><D4/><U36/><E36/><V67/><F69/><W87/><G28/><T63/><D12/><U40/><E40/><V1/><F68/><W61/><G83/><T85/><D22/><U90/><AGARI ba="0,1" hai="23,24,29,39,41,45,57,59,64,65,66,81,84,90" machi="90" ten="30,4000,0" yaku="1,1,0,1,53,1" doraHai="104" doraHaiUra="17" who="1" fromWho="1" sc="403,-10,88,50,272,-10,227,-20" />
</Scene>
<Scene>
<INIT seed="4,0,0,0,3,6" ten="393,138,262,207" oya="0" hai0="43,92,54,74,13,90,75,82,64,132,100,26,56" hai1="113,15,98,134,80,11,124,19,105,58,79,94,99" hai2="115,3,77,53,2,110,55,21,30,41,127,107,130" hai3="8,129,118,119,95,45,88,50,7,86,62,35,68"/><T9/><D132/><U89/><E134/><V93/><F110/><W57/><G68/><T111/><D111/><U39/><E124/><V69/><F127/><W67/><G35/><T14/><D100/><U85/><E39/><V104/><F69/><W47/><G129/><T108/><D108/><U87/><E113/><V66/><F115/><W116/><REACH who="3" step="1"/><G50/><REACH who="3" ten="393,138,262,197" step="2"/><T46/><D75/><U12/><E105/><V20/><F130/><W125/><G125/><T120/><D74/><U16/><REACH who="1" step="1"/><E58/><REACH who="1" ten="393,128,262,197" step="2"/><V109/><F107/><W81/><G81/><T135/><D82/><U48/><E48/><V126/><F104/><W65/><G65/><T5/><D64/><U102/><E102/><V117/><F109/><W34/><G34/><T0/><D56/><U72/><E72/><V60/><F126/><W128/><G128/><T73/><D73/><U101/><E101/><V76/><F66/><W4/><G4/><T63/><D5/><U28/><E28/><V18/><F30/><W33/><G33/><T84/><D135/><U42/><E42/><V24/><F41/><W122/><G122/><T40/><D43/><U29/><E29/><V49/><F49/><W51/><G51/><T91/><D40/><U22/><AGARI ba="0,2" hai="11,12,15,16,19,22,79,80,85,87,89,94,98,99" machi="22" ten="20,12000,2" yaku="1,1,0,1,7,1,8,1,52,1,54,1,53,0" doraHai="6" doraHaiUra="1" who="1" fromWho="1" sc="393,-60,128,140,262,-30,197,-30" />
</Scene>
<Scene>
<INIT seed="5,0,0,4,2,47" ten="333,268,232,167" oya="1" hai0="48,63,36,49,108,40,20,12,5,86,109,87,91" hai1="17,50,111,114,1,88,70,76,95,64,98,59,25" hai2="15,37,56,123,43,67,99,106,100,74,8,41,71" hai3="2,124,42,121,92,79,24,55,127,69,115,122,3"/><U83/><E1/><V120/><F71/><W68/><G79/><T53/><D108/><U39/><E39/><V107/><F74/><W30/><G92/><T32/><D32/><U113/><E111/><V13/><F37/><W81/><G81/><T54/><D109/><U96/><E70/><N who="3" m="27242" /><G42/><T93/><D36/><U101/><E17/><V77/><F77/><W27/><G55/><N who="0" m="21003" /><D63/><N who="1" m="38015" /><E50/><N who="0" m="19561" /><D40/><U18/><E18/><V128/><F41/><W118/><G115/><N who="1" m="44042" /><E25/><N who="3" m="9802" /><G30/><T72/><D72/><N who="1" m="43399" /><E98/><V38/><F99/><W73/><G73/><T112/><D112/><U116/><E116/><V94/><F38/><W16/><G118/><T33/><D33/><U119/><E119/><V75/><F75/><W21/><G16/><N who="0" m="10247" /><D5/><U65/><E65/><V66/><F67/><W44/><G44/><T105/><D105/><U31/><E31/><V34/><F107/><W60/><G2/><T57/><D57/><U85/><E101/><V97/><F100/><W129/><G3/><T103/><D103/><U52/><E52/><V28/><F66/><W0/><G0/><T125/><D125/><U29/><E29/><V84/><F28/><W7/><G7/><T19/><D19/><U82/><E82/><V58/><F106/><W51/><G127/><T6/><D6/><U78/><E78/><V22/><F43/><W45/><G124/><T110/><D110/><U104/><E104/><V117/><F117/><W14/><G45/><T132/><D132/><U80/><E80/><V10/><F58/><W35/><G35/><T9/><D9/><U11/><E11/><V89/><F56/><W133/><G133/><RYUUKYOKU ba="0,0" sc="333,15,268,15,232,-15,167,-15" hai0="86,87,91,93" hai1="85,88,95,96" />
</Scene>
<Scene>
<INIT seed="5,1,0,0,3,92" ten="348,283,217,152" oya="1" hai0="47,37,123,30,46,35,1,101,78,103,5,76,23" hai1="8,34,126,113,16,128,130,110,114,99,131,122,50" hai2="72,18,91,53,68,24,36,19,56,98,29,58,127" hai3="25,28,135,112,40,93,0,39,55,4,6,13,12"/><U79/><E34/><V89/><F68/><W111/><G111/><T115/><D35/><U66/><E122/><V49/><F127/><W84/><G112/><N who="1" m="43114" /><E126/><V43/><F72/><W73/><G73/><T27/><D115/><U62/><E110/><V124/><F124/><W54/><G135/><T42/><D123/><U107/><E79/><V69/><F69/><W31/><G39/><T109/><D109/><U45/><E62/><V41/><F36/><W116/><G116/><T129/><D129/><U38/><E38/><V44/><F29/><W14/><G40/><T60/><D60/><U88/><E66/><V87/><F41/><W63/><G0/><T70/><D70/><U118/><E118/><V15/><F43/><W26/><G63/><T71/><D71/><U77/><E77/><V17/><F15/><W97/><G84/><T102/><D46/><U120/><E120/><V80/><F24/><N who="3" m="9323" /><G93/><AGARI ba="1,0" hai="17,18,19,44,49,53,56,58,80,87,89,91,93,98" machi="93" ten="40,2600,0" yaku="8,1,52,1" doraHai="92" who="2" fromWho="3" sc="348,0,283,0,217,29,152,-29" />
</Scene>
<Scene>
<INIT seed="6,0,0,2,0,101" ten="348,283,246,123" oya="2" hai0="121,135,75,57,126,130,60,105,44,3,14,92,129" hai1="88,15,109,82,29,31,132,13,115,76,99,91,90" hai2="39,133,81,37,7,66,50,112,27,24,119,47,117" hai3="106,30,118,17,42,128,84,71,93,69,4,5,97"/><V83/><F112/><W49/><G118/><T77/><D105/><U122/><E115/><V73/><F133/><W23/><G128/><N who="0" m="49259" /><D3/><U20/><E132/><V10/><F66/><W1/><G30/><T64/><D135/><U54/><E109/><V53/><F119/><W96/><G84/><T12/><D126/><U62/><E122/><V65/><F117/><W87/><G87/><T51/><D121/><U18/><E99/><V40/><F65/><W67/><G67/><T94/><D77/><U70/><E15/><N who="0" m="5673" /><D75/><U21/><E70/><V127/><F127/><W35/><G35/><T56/><D56/><N who="1" m="35095" /><E76/><N who="2" m="44175" /><F37/><W58/><G1/><T78/><D78/><U22/><E82/><V6/><F83/><W48/><G42/><AGARI ba="0,0" hai="42,44,51,57,60,64,92,94" m="5673,49259" machi="42" ten="30,1000,0" yaku="19,1" doraHai="101" who="0" fromWho="3" sc="348,10,283,0,246,0,123,-10" />
</Scene>
<Scene>
<INIT seed="7,0,0,3,5,48" ten="358,283,246,113" oya="3" hai0="92,12,45,21,127,97,88,75,84,74,115,61,13" hai1="49,77,86,121,95,65,14,100,6,119,11,112,71" hai2="55,103,113,73,96,78,89,19,39,42,27,72,129" hai3="132,110,26,90,35,101,16,50,23,94,28,3,76"/><W108/><G3/><T34/><D34/><U116/><E121/><V104/><F113/><W33/><G132/><T22/><D115/><U93/><E112/><V52/><F129/><W114/><G114/><T79/><D127/><U47/><E65/><V60/><F39/><W18/><G101/><T98/><D75/><U25/><E71/><V59/><F42/><W118/><G76/><T40/><D74/><U17/><E25/><V131/><F131/><W29/><G118/><N who="1" m="45098" /><E100/><V44/><F89/><W63/><G63/><T120/><D120/><U107/><E107/><V67/><F44/><W105/><G105/><T58/><D79/><U46/><E46/><V5/><F5/><W106/><G106/><T24/><D45/><U125/><E125/><V2/><F2/><W36/><G36/><T85/><D40/><U134/><E134/><V54/><REACH who="2" step="1"/><F78/><REACH who="2" ten="358,283,236,113" step="2"/><W109/><G50/><T56/><D88/><U53/><E6/><V31/><F31/><N who="3" m="11851" /><G18/><T133/><D133/><U111/><E111/><N who="3" m="28418" /><W126/><DORA hai="83" /><G126/><T70/><D70/><U135/><E135/><V41/><F41/><W64/><G64/><T43/><D43/><U81/><AGARI ba="0,1" hai="11,14,17,47,49,53,77,81,86,93,95" m="45098" machi="81" ten="30,4000,0" yaku="12,1,52,2" doraHai="48,83" who="1" fromWho="1" sc="358,-10,283,50,236,-10,113,-20" owari="348,45.0,333,13.0,226,-17.0,93,-41.0" />
</Scene>
</mjloggm>