<mjloggm ver="2.3"><GO type="169" lobby="0"/><UN n0="%E3%82%A2%E3%83%AD%E3%82%A8%E3%82%AF%E3%83%B3" n1="%2D%72%6F%6E%2D" n2="%E3%81%91%E3%82%93%31%39%37%30" n3="%41%53%41%50%49%4E" dan="16,16,16,19" rate="2141.31,2125.90,2134.73,2286.52" sx="M,M,M,M"/><TAIKYOKU oya="0"/>

<Scene>
<INIT seed="0,0,0,2,2,50" ten="250,250,250,250" oya="0" hai0="29,65,55,85,93,90,51,17,94,134,11,39,23" hai1="58,25,76,84,102,112,111,16,100,62,99,120,4" hai2="74,91,107,10,20,33,2,34,43,96,80,124,48" hai3="73,105,47,115,103,125,53,67,109,116,68,104,7"/><T113/><D134/><U86/><E120/><V21/><F21/><W78/><G115/><T1/><D113/><U71/><E112/><V6/><F124/><W3/><G116/><T40/><D65/><U41/><E71/><V131/><F131/><W24/><G125/><T46/><D29/><U59/><E59/><V8/><F20/><W119/><G119/><T27/><D1/><U121/><E121/><V49/><F10/><W122/><G122/><T75/><D75/><U44/><E4/><V123/><F123/><W83/><G109/><T87/><D11/><U101/><E99/><V35/><F107/><W88/><G103/><T95/><REACH who="0" step="1"/><D87/><REACH who="0" ten="240,250,250,250" step="2"/><U79/><E86/><V117/><F117/><W14/><G3/><T133/><D133/><U19/><E84/><V13/><F2/><W98/><G67/><T130/><D130/><U30/><E111/><V128/><F74/><W45/><G73/><T37/><D37/><U114/><E114/><V69/><F128/><W108/><G108/><T135/><D135/><U0/><E0/><V63/><F8/><W127/><G127/><T77/><D77/><U42/><E79/><V57/><F69/><W32/><G78/><T15/><D15/><U56/><E76/><V118/><F13/><W70/><G14/><T52/><D52/><U106/><E30/><V18/><F118/><W64/><G64/><T89/><D89/><U110/><E110/><V28/><F91/><W38/><G88/><T26/><D26/><U129/><E129/><V61/><F28/><W72/><G68/><T97/><D97/><U126/><E126/><RYUUKYOKU ba="0,1" sc="240,30,250,-10,250,-10,250,-10" hai0="17,23,27,39,40,46,51,55,85,90,93,94,95" />
</Scene>
<Scene>
<INIT seed="0,1,1,5,0,111" ten="270,240,240,240" oya="0" hai0="85,71,87,50,12,72,82,103,75,93,104,18,37" hai1="119,53,52,4,6,73,7,19,96,92,109,28,122" hai2="34,42,78,89,70,51,101,94,135,110,61,105,17" hai3="113,99,76,62,33,124,20,27,36,125,83,60,23"/><T16/><D37/><U68/><E119/><V38/><F110/><W58/><G36/><T8/><D71/><U54/><E109/><V31/><F78/><W22/><G113/><T56/><D104/><U134/><E122/><V67/><F135/><W59/><G99/><N who="0" m="59887" /><D75/><U9/><E73/><V123/><F123/><W45/><G45/><T91/><D72/><U1/><E68/><V88/><F17/><W30/><G76/><T80/><D18/><U115/><E28/><V116/><F116/><W77/><G77/><N who="0" m="46223" /><D56/><U130/><E134/><V133/><F38/><W81/><G83/><T35/><D35/><U126/><E19/><V102/><F102/><W29/><G81/><T95/><D50/><U90/><E126/><N who="3" m="48746" /><G30/><T86/><D82/><U32/><E32/><V13/><F133/><W128/><G128/><T64/><D64/><U114/><E130/><V65/><F65/><N who="3" m="39063" /><G33/><T39/><D39/><U129/><E129/><V25/><F94/><W47/><G47/><T2/><D2/><U131/><E131/><V40/><F13/><W117/><G117/><T15/><D15/><U46/><E46/><N who="2" m="26055" /><F42/><W41/><G41/><T11/><D87/><U121/><E121/><V97/><AGARI ba="1,1" hai="25,31,34,61,67,70,88,89,97,101,105" m="26055" machi="97" ten="30,2000,0" yaku="25,1,54,1" doraHai="111" who="2" fromWho="2" sc="270,-11,240,-6,240,33,240,-6" />
</Scene>
<Scene>
<INIT seed="1,0,0,5,3,41" ten="259,234,273,234" oya="1" hai0="110,48,69,61,122,32,101,59,128,114,105,35,8" hai1="84,99,13,103,72,45,56,79,47,0,17,119,87" hai2="33,70,85,97,96,78,5,80,82,39,20,29,43" hai3="65,51,62,49,37,92,133,111,134,36,125,26,54"/><U64/><E0/><V107/><F70/><W67/><G26/><T121/><D114/><U44/><E119/><V106/><F33/><W113/><G92/><T15/><D110/><U108/><E108/><V132/><F5/><W71/><G111/><T77/><D128/><U27/><E27/><V4/><F4/><W57/><G113/><T31/><D48/><U88/><E72/><V123/><F29/><W53/><G125/><T14/><D77/><U1/><E1/><V90/><F20/><W117/><G67/><N who="0" m="41199" /><D59/><U2/><E2/><V116/><F43/><W98/><G98/><N who="0" m="61623" /><D15/><U66/><E79/><V131/><F39/><N who="3" m="14923" /><G117/><T22/><D22/><N who="1" m="11567" /><E103/><V115/><F116/><W76/><G76/><T129/><D129/><U127/><E127/><V130/><F115/><W73/><G73/><T9/><D9/><U42/><E42/><V89/><F78/><W109/><G109/><T40/><D40/><U68/><E68/><V16/><F16/><W102/><G102/><T93/><D93/><N who="1" m="56743" /><E64/><V63/><F85/><W81/><G81/><T124/><D124/><U21/><E21/><V7/><F7/><W60/><G65/><T19/><D32/><U52/><E66/><V30/><F30/><W86/><G71/><T6/><D6/><U112/><E112/><V12/><F12/><W58/><G86/><T24/><AGARI ba="0,0" hai="8,14,19,24,31,35,121,122" m="61623,41199" machi="24" ten="30,1100,0" yaku="25,1" doraHai="41" who="0" fromWho="0" sc="259,11,234,-5,273,-3,234,-3" />
</Scene>
<Scene>
<INIT seed="2,0,0,4,0,28" ten="270,229,270,231" oya="2" hai0="115,31,121,7,61,30,25,132,78,6,80,39,131" hai1="118,1,134,8,5,51,111,83,103,91,89,50,60" hai2="58,88,105,104,112,128,69,106,94,2,84,11,77" hai3="135,87,72,96,74,37,123,114,15,21,101,22,40"/><V19/><F69/><W47/><G123/><T70/><D121/><U86/><E118/><V62/><F112/><W29/><G114/><T75/><D115/><U79/><E111/><V32/><F128/><W13/><G135/><T18/><D131/><U98/><E134/><V107/><F77/><W102/><G102/><T64/><D132/><U57/><E89/><V49/><F49/><W48/><G37/><T116/><D116/><U108/><E108/><V17/><N who="2" m="26624" /><DORA hai="12" /><V55/><REACH who="2" step="1"/><F32/><REACH who="2" ten="270,229,260,231" step="2"/><W10/><G48/><T92/><D70/><U56/><E56/><V82/><F82/><W23/><G47/><T119/><D80/><U27/><E79/><V120/><F120/><W110/><G110/><T68/><D78/><U45/><E51/><V122/><F122/><W36/><G36/><T127/><D39/><U4/><E50/><V14/><F14/><W100/><G13/><T9/><D119/><U41/><E83/><V33/><F33/><W20/><G15/><T113/><D113/><U109/><E109/><V35/><F35/><W3/><G29/><T71/><D30/><U54/><E57/><V130/><F130/><W59/><G59/><T117/><D31/><U67/><E41/><V99/><F99/><W63/><G96/><T85/><D71/><U97/><E98/><V46/><F46/><W90/><G40/><T0/><D68/><U44/><E44/><V81/><F81/><W43/><G43/><T124/><D117/><U24/><E45/><V125/><F125/><W53/><G72/><T133/><D124/><U42/><E97/><V93/><F93/><RYUUKYOKU ba="0,1" sc="270,-10,229,-10,260,30,231,-10" hai2="2,11,17,19,55,58,62,84,88,94" />
</Scene>
<Scene>
<INIT seed="2,1,1,0,5,118" ten="260,219,290,221" oya="2" hai0="21,2,127,97,130,17,58,80,104,64,41,98,102" hai1="117,95,16,108,133,120,30,75,109,3,29,74,94" hai2="69,33,52,135,50,101,68,60,9,85,38,57,129" hai3="61,115,48,6,22,8,107,25,35,18,44,5,27"/><V99/><F33/><W131/><G107/><T89/><D2/><U86/><E117/><V128/><F85/><W28/><G131/><N who="2" m="50249" /><F9/><W88/><G115/><T83/><D130/><U124/><E3/><V116/><F116/><W67/><G8/><T36/><D127/><U92/><E124/><V14/><F14/><W134/><G134/><T54/><D64/><U123/><E133/><V113/><F135/><W56/><REACH who="3" step="1"/><G88/><REACH who="3" ten="260,219,290,211" step="2"/><T79/><D89/><U1/><E1/><V93/><F113/><W71/><G71/><N who="2" m="27209" /><F38/><W114/><G114/><T100/><D36/><U105/><E105/><V59/><F59/><W45/><G45/><T23/><D58/><U111/><E86/><V53/><F53/><AGARI ba="1,2" hai="5,6,18,22,25,27,28,35,44,48,53,56,61,67" machi="53" ten="30,2000,0" yaku="1,1,7,1,53,0" doraHai="118" doraHaiUra="106" who="3" fromWho="2" sc="260,0,219,0,290,-23,211,43" />
</Scene>
<Scene>
<INIT seed="3,0,0,5,2,51" ten="260,219,267,254" oya="3" hai0="13,130,17,131,15,73,117,33,97,99,118,44,5" hai1="1,79,3,35,11,68,67,113,57,63,58,2,48" hai2="36,32,114,47,46,29,42,124,16,100,128,126,112" hai3="120,95,123,69,22,65,133,84,76,111,28,6,53"/><W30/><G133/><T41/><D73/><U93/><E113/><V25/><F100/><W56/><G65/><T101/><D33/><U103/><E35/><V18/><F128/><N who="0" m="49194" /><D5/><U105/><E105/><V107/><F107/><W66/><G66/><T19/><D44/><U102/><E79/><V7/><F7/><W62/><G69/><T125/><D41/><U96/><E102/><V40/><F114/><W34/><G34/><T64/><D64/><U109/><E109/><V49/><REACH who="2" step="1"/><F112/><REACH who="2" ten="260,219,257,254" step="2"/><W81/><G6/><T23/><D101/><U119/><E119/><N who="0" m="45577" /><D125/><AGARI ba="0,1" hai="16,18,25,29,32,36,40,42,46,47,49,124,125,126" machi="125" ten="40,5200,0" yaku="1,1,18,1,54,1,53,0" doraHai="51" doraHaiUra="86" who="2" fromWho="0" sc="260,-52,219,0,257,62,254,0" />
</Scene>
<Scene>
<INIT seed="4,0,0,3,3,14" ten="208,219,319,254" oya="0" hai0="82,57,32,50,132,38,78,77,88,99,39,95,23" hai1="47,89,49,63,72,103,124,114,84,91,108,81,26" hai2="29,40,17,62,98,69,75,64,42,35,13,2,8" hai3="93,60,113,51,27,61,120,45,4,131,19,31,111"/><T5/><D32/><U100/><E63/><V28/><F75/><W102/><G111/><T7/><D132/><U129/><E108/><V117/><F117/><W70/><G131/><T121/><D121/><U109/><E109/><V67/><F67/><W58/><G113/><T33/><D33/><U105/><E129/><V127/><F2/><W133/><G133/><T9/><D78/><U53/><E72/><V16/><F29/><W59/><G120/><T101/><D101/><U119/><E119/><V56/><F127/><W3/><G31/><T20/><D39/><U25/><E124/><V65/><F69/><W66/><G4/><T92/><D95/><U79/><E114/><V97/><F28/><W22/><G3/><T110/><D38/><U116/><E116/><V83/><F35/><W128/><G128/><T21/><D9/><U130/><E130/><V24/><F83/><W86/><G61/><T68/><D68/><U90/><E105/><V52/><F97/><W112/><G112/><T11/><D11/><U122/><E122/><V73/><F98/><W134/><G134/><T115/><D115/><U104/><REACH who="1" step="1"/><E104/><REACH who="1" ten="208,209,319,254" step="2"/><V74/><F74/><W54/><G60/><T43/><D110/><U96/><E96/><V76/><F73/><W44/><G70/><T34/><D34/><U1/><E1/><V6/><F65/><W18/><G66/><T107/><D107/><U15/><E15/><V37/><F64/><W12/><G12/><T135/><D135/><U126/><E126/><V85/><F13/><W10/><G10/><T0/><D0/><U80/><E80/><RYUUKYOKU ba="0,1" sc="208,-10,209,30,319,-10,254,-10" hai1="25,26,47,49,53,79,81,84,89,90,91,100,103" />
</Scene>
<Scene>
<INIT seed="5,1,1,0,5,47" ten="198,239,309,244" oya="1" hai0="11,48,44,28,52,120,91,131,69,62,43,57,71" hai1="51,70,100,67,7,119,126,37,40,123,84,21,68" hai2="59,99,112,81,54,30,122,101,104,129,26,79,56" hai3="92,130,98,5,15,10,73,89,66,9,121,42,31"/><U85/><E119/><V6/><F129/><W117/><G117/><T87/><D131/><U27/><E37/><V75/><F122/><W105/><G121/><T96/><D120/><U118/><E118/><V114/><F6/><W61/><G130/><T74/><D74/><U103/><E123/><V17/><F17/><W33/><G73/><T16/><D28/><U36/><E36/><V65/><F65/><W63/><G105/><T97/><D69/><U14/><E67/><V8/><F8/><W41/><G63/><T80/><D71/><U102/><E68/><V107/><F107/><W50/><G50/><T115/><REACH who="0" step="1"/><D115/><REACH who="0" ten="188,239,309,244" step="2"/><U108/><E70/><V134/><F114/><W94/><G31/><T24/><D24/><U78/><E108/><V46/><F112/><W2/><G33/><T88/><D88/><U124/><E78/><V93/><F26/><W111/><G111/><T64/><D64/><U90/><E90/><V1/><F30/><W82/><G66/><T113/><D113/><U4/><E27/><V106/><F75/><W3/><G89/><T135/><D135/><U45/><E124/><V35/><F134/><W83/><G3/><T38/><D38/><U12/><E126/><V127/><F1/><W95/><G2/><T39/><D39/><U49/><E14/><AGARI ba="1,2" hai="11,14,16,43,44,48,52,57,62,80,87,91,96,97" machi="14" ten="40,12000,2" yaku="1,1,8,1,52,1,54,2,53,1" doraHai="47" doraHaiUra="53" who="0" fromWho="1" sc="188,143,239,-123,309,0,244,0" />
</Scene>
<Scene>
<INIT seed="6,0,0,5,5,38" ten="331,116,309,244" oya="2" hai0="9,116,47,112,72,65,134,118,21,67,11,63,107" hai1="111,73,3,2,108,61,22,30,104,12,131,8,91" hai2="71,89,48,25,41,1,101,85,100,17,96,84,59" hai3="121,45,115,128,113,58,95,40,133,119,64,135,125"/><V34/><F71/><W50/><G95/><T78/><D112/><N who="3" m="43081" /><G119/><N who="0" m="45611" /><D134/><N who="3" m="51209" /><G121/><T29/><D107/><U97/><E73/><V77/><F1/><N who="1" m="9" /><E91/><V20/><F34/><W132/><G132/><T32/><D32/><U105/><E97/><V92/><F59/><W4/><G4/><T120/><D120/><U53/><E61/><V127/><F127/><W14/><G14/><T66/><D63/><U46/><E104/><V103/><F77/><W99/><G99/><T19/><D29/><U94/><E94/><V106/><F106/><W10/><G10/><T16/><D78/><U26/><E53/><V23/><F23/><W39/><G128/><T122/><D122/><U79/><E46/><AGARI ba="0,0" hai="17,20,25,41,46,48,84,85,89,92,96,100,101,103" machi="46" ten="40,3900,0" yaku="8,1,52,1" doraHai="38" who="2" fromWho="1" sc="331,0,116,-39,309,39,244,0" />
</Scene>
<Scene>
<INIT seed="6,1,0,3,0,111" ten="331,77,348,244" oya="2" hai0="107,135,63,110,58,18,95,46,77,94,120,69,49" hai1="50,30,130,56,39,16,102,6,90,78,55,12,0" hai2="40,27,127,26,2,5,71,91,57,113,52,123,3" hai3="22,132,9,122,42,82,117,54,45,13,62,79,64"/><V51/><F123/><W35/><G122/><T41/><D120/><U81/><E130/><V121/><F121/><W112/><G132/><T131/><D110/><U66/><E39/><V10/><F71/><W75/><G35/><T96/><D131/><U17/><E0/><V83/><F3/><W87/><G117/><T60/><D135/><U104/><E90/><V1/><F1/><W134/><G134/><T53/><D77/><U47/><E30/><V48/><F127/><W129/><G129/><T105/><D18/><U101/><E104/><V115/><F40/><W86/><G22/><T8/><D8/><U34/><E34/><V118/><F51/><W25/><G25/><T125/><D125/><U99/><E6/><V61/><F61/><W74/><G54/><T100/><REACH who="0" step="1"/><D105/><REACH who="0" ten="321,77,348,244" step="2"/><U15/><E17/><V73/><F118/><W106/><G9/><T93/><D93/><U84/><E15/><V11/><F10/><W70/><G13/><T4/><D4/><U126/><E126/><V133/><F133/><W33/><G106/><T98/><D98/><U80/><E99/><V67/><F2/><W21/><G79/><T43/><D43/><U119/><E119/><V76/><F5/><W44/><G42/><T92/><D92/><U72/><E72/><V32/><F11/><W36/><G74/><T116/><D116/><U124/><E124/><V38/><F73/><W20/><G75/><T37/><D37/><U19/><E80/><V97/><F38/><W14/><G82/><T23/><D23/><N who="1" m="11655" /><E19/><V31/><F83/><W128/><G36/><T103/><D103/><RYUUKYOKU ba="1,1" sc="321,15,77,15,348,-15,244,-15" hai0="41,46,49,53,58,60,63,69,94,95,96,100,107" hai1="47,50,55,56,66,78,81,84,101,102" />
</Scene>
<Scene>
<INIT seed="7,2,1,3,3,78" ten="336,92,333,229" oya="3" hai0="55,65,2,63,39,110,38,14,130,135,81,64,108" hai1="112,48,101,77,72,47,134,36,85,73,15,128,89" hai2="97,80,35,117,62,6,0,102,10,92,75,82,42" hai3="115,17,114,132,8,41,50,126,56,74,12,79,30"/><W127/><G30/><T59/><D2/><U103/><E36/><N who="0" m="13865" /><D81/><N who="1" m="47279" /><E48/><V131/><F117/><W98/><G132/><T46/><D14/><U40/><E47/><V86/><F35/><W25/><G25/><T18/><D18/><U16/><E40/><V45/><F131/><W70/><G70/><T113/><D130/><U105/><E16/><V49/><F75/><N who="1" m="28745" /><E15/><V43/><F43/><W66/><G41/><T91/><D91/><U54/><E54/><V27/><F86/><W31/><G31/><T69/><D135/><U76/><E128/><V88/><F102/><N who="1" m="38921" /><E134/><V34/><F34/><W90/><G66/><T111/><D113/><N who="3" m="43017" /><G56/><T57/><D64/><U24/><E24/><V60/><F27/><W1/><G1/><T71/><D46/><U67/><E67/><V21/><F21/><W109/><G17/><T94/><D94/><U123/><E123/><V11/><F11/><W37/><G12/><T87/><D65/><U129/><E129/><V51/><F0/><W100/><G8/><T93/><D59/><U106/><E112/><V19/><F6/><W58/><G58/><T9/><D9/><U26/><E26/><V120/><F120/><W96/><G37/><T84/><D71/><U52/><E52/><V104/><F51/><W99/><G50/><T68/><D69/><U13/><E13/><N who="2" m="7607" /><F60/><W33/><G33/><T32/><D68/><U122/><E122/><V133/><F133/><W124/><G124/><T121/><D32/><U7/><E7/><V22/><F62/><W3/><G127/><T4/><D121/><U125/><E125/><V107/><F22/><RYUUKYOKU ba="2,1" sc="336,-10,92,-10,333,30,229,-10" hai2="42,45,49,80,82,88,92,97,104,107" owari="326,13.0,82,-42.0,373,47.0,219,-18.0" />
</Scene>
</mjloggm>