<mjloggm ver="2.3"><GO type="169"/><UN n0="%6C%69%67%68%74%39%38" n1="%41%53%41%50%49%4E" n2="%E3%81%BE%E3%81%AA%E3%81%84%E3%81%9F%E3%82%88%E3%81%86%E3%81%98%E3%82%87" n3="%70%69%6F%76%61" dan="16,18,16,16" rate="2219,2201,2140,2128" sx="M,M,M,M"/><TAIKYOKU oya="0"/>

<Scene>
<INIT seed="0,0,0,4,4,24" ten="250,250,250,250" oya="0" hai0="110,6,50,5,85,67,116,79,100,28,75,13,105" hai1="36,2,96,21,124,88,3,38,84,35,99,53,127" hai2="4,80,123,114,132,40,15,29,89,60,130,90,55" hai3="23,94,1,61,102,30,135,56,58,22,74,95,104"/><T46/><D116/><U97/><E35/><V42/><F123/><W9/><G74/><T120/><D75/><U125/><E53/><V101/><F114/><W66/><G104/><T121/><D67/><U17/><E17/><V71/><F101/><W48/><G135/><T118/><D118/><U122/><E21/><V31/><F132/><W87/><G102/><T128/><D128/><U69/><E122/><V7/><F130/><W11/><G1/><N who="1" m="10" /><E69/><V133/><F133/><W49/><G23/><T131/><D131/><U8/><E8/><N who="3" m="3146" /><G87/><T82/><D121/><U63/><E63/><V26/><F26/><N who="3" m="16727" /><G56/><T68/><D68/><U18/><E18/><V134/><F71/><W106/><G106/><T10/><D120/><U39/><E84/><V19/><F19/><W111/><G111/><T65/><D110/><U12/><E12/><V27/><F15/><W103/><G103/><T16/><D65/><U98/><E98/><V54/><F27/><W25/><G25/><T126/><D100/><U115/><E115/><V129/><F129/><W81/><G81/><T62/><D105/><U91/><AGARI ba="0,0" hai="36,38,39,88,91,96,97,99,124,125,127" m="10" machi="91" ten="50,12000,2" yaku="29,2,28,2,18,1,54,1" doraHai="24" who="1" fromWho="1" sc="250,-60,250,120,250,-30,250,-30" />
</Scene>
<Scene>
<INIT seed="1,0,0,5,4,81" ten="190,370,220,220" oya="1" hai0="105,132,127,104,12,72,113,15,41,95,60,111,35" hai1="59,79,108,94,28,52,117,131,36,87,58,63,102" hai2="56,5,97,119,22,96,66,77,26,42,10,85,46" hai3="84,69,112,47,126,123,53,70,61,33,30,0,91"/><U45/><E117/><V78/><F119/><W125/><G0/><T48/><D35/><U13/><E131/><V64/><F56/><N who="3" m="34959" /><G123/><T101/><D113/><U51/><E36/><V76/><F96/><W134/><G112/><T2/><D2/><U62/><E108/><V44/><F97/><W14/><G14/><T7/><D72/><U9/><E28/><V6/><F22/><W120/><G120/><T40/><D111/><U122/><E122/><V92/><F26/><N who="3" m="18647" /><G47/><T103/><D7/><U43/><E102/><V11/><F42/><W19/><G19/><T65/><D12/><U67/><E79/><V106/><F106/><W55/><G55/><T71/><D15/><U135/><E135/><V1/><F1/><W89/><G134/><T93/><D132/><U90/><E13/><V98/><F76/><W100/><G100/><T31/><D31/><U116/><E116/><V24/><F24/><W20/><G20/><T114/><D114/><U86/><E9/><V27/><F27/><W57/><G57/><T80/><D103/><U68/><E68/><V107/><F107/><W83/><G91/><T50/><D105/><U129/><E129/><V110/><F5/><W75/><G75/><T8/><D101/><U118/><E118/><V25/><F6/><W133/><G133/><T23/><D104/><U74/><E74/><V16/><F25/><W130/><G130/><T34/><D71/><U32/><E32/><V82/><F11/><W128/><G128/><T18/><D8/><U21/><E21/><V17/><F10/><W73/><G73/><T37/><D23/><RYUUKYOKU ba="0,0" sc="190,-15,370,15,220,-15,220,15" hai1="43,45,51,52,58,59,62,63,67,86,87,90,94" hai3="69,70,83,84,89,125,126" />
</Scene>
<Scene>
<INIT seed="1,1,0,4,0,120" ten="175,385,205,235" oya="1" hai0="10,61,30,56,52,108,65,127,23,35,27,71,32" hai1="87,38,63,94,93,113,72,45,3,67,81,91,83" hai2="6,130,33,51,11,28,135,84,29,22,43,89,96" hai3="90,92,97,114,106,123,112,129,47,73,15,39,104"/><U79/><E113/><V115/><F96/><W69/><G69/><T48/><D127/><U111/><E3/><V5/><F43/><W82/><G39/><T110/><REACH who="0" step="1"/><D10/><REACH who="0" ten="165,385,205,235" step="2"/><U17/><E111/><AGARI ba="1,1" hai="23,27,30,32,35,48,52,56,61,65,71,108,110,111" machi="111" ten="40,12000,2" yaku="1,1,2,1,14,1,52,3,54,1,53,0" doraHai="120" doraHaiUra="12" who="0" fromWho="1" sc="165,133,385,-123,205,0,235,0" />
</Scene>
<Scene>
<INIT seed="2,0,0,2,5,73" ten="298,262,205,235" oya="2" hai0="19,83,131,69,80,64,34,22,15,14,122,119,103" hai1="54,24,29,2,50,108,74,65,61,96,113,129,28" hai2="11,68,25,31,4,79,110,78,45,100,128,127,117" hai3="82,71,36,104,46,51,85,88,134,132,99,75,57"/><V133/><F117/><W43/><G71/><T70/><D122/><U115/><E74/><V107/><F68/><W23/><G23/><T16/><D34/><U130/><E2/><V44/><F107/><W114/><G114/><T52/><D119/><U40/><E40/><V12/><F100/><N who="3" m="62495" /><G57/><T53/><D103/><U30/><E108/><V47/><F110/><W60/><G60/><T93/><D93/><U90/><E24/><V33/><F128/><N who="1" m="49257" /><E90/><V95/><F133/><N who="3" m="51307" /><G75/><T5/><D131/><U120/><E96/><V124/><REACH who="2" step="1"/><F95/><REACH who="2" ten="298,262,195,235" step="2"/><W116/><G116/><T106/><D106/><U97/><E115/><V27/><F27/><W55/><G36/><T35/><D70/><N who="1" m="42287" /><E113/><V18/><F18/><W81/><G81/><T0/><D83/><U86/><E29/><V105/><F105/><W49/><G49/><T121/><D80/><U8/><E28/><V72/><F72/><W20/><G51/><T89/><D19/><U92/><E30/><V21/><F21/><W135/><G20/><T123/><D16/><U37/><E37/><V17/><F17/><W76/><G135/><T126/><D22/><U42/><E50/><V41/><F41/><W109/><G109/><T98/><D69/><U48/><E42/><V87/><F87/><W59/><G43/><T111/><D111/><U58/><E86/><V26/><F26/><W39/><G39/><T91/><D121/><U77/><E120/><V63/><F63/><N who="3" m="36351" /><G46/><T56/><D123/><U9/><E92/><V84/><F84/><W62/><G62/><N who="0" m="36111" /><D98/><U10/><E97/><V38/><F38/><W7/><G7/><RYUUKYOKU ba="0,1" sc="298,-30,262,10,195,10,235,10" hai1="8,9,10,48,54,58,77" hai2="4,11,12,25,31,33,44,45,47,78,79,124,127" hai3="76,82,85,88" />
</Scene>
<Scene>
<INIT seed="2,1,1,4,5,33" ten="268,272,205,245" oya="2" hai0="36,60,46,57,113,63,131,91,89,55,66,70,61" hai1="87,52,125,50,51,98,76,75,124,3,41,118,119" hai2="12,107,62,67,126,104,11,135,95,102,21,34,15" hai3="96,103,108,110,18,17,128,47,77,79,73,116,26"/><V115/><F34/><W78/><G116/><T64/><D113/><U85/><E50/><V114/><F135/><W94/><G128/><T56/><D131/><U5/><E41/><V133/><F133/><W28/><G47/><T90/><D46/><N who="1" m="27767" /><E98/><V40/><F40/><W132/><G73/><T16/><D36/><U45/><E45/><V97/><F126/><N who="1" m="48745" /><E75/><V112/><F21/><N who="3" m="15439" /><G132/><T20/><REACH who="0" step="1"/><D91/><REACH who="0" ten="258,272,205,245" step="2"/><U74/><E118/><V13/><REACH who="2" step="1"/><F11/><REACH who="2" ten="258,272,195,245" step="2"/><W44/><G110/><T30/><D30/><U121/><E119/><V130/><F130/><W59/><G108/><T24/><AGARI ba="1,3" hai="16,20,24,55,56,57,60,61,63,64,66,70,89,90" machi="24" ten="20,5200,0" yaku="1,1,0,1,7,1,54,1,53,0" doraHai="33" doraHaiUra="69" who="0" fromWho="0" sc="258,85,272,-14,195,-27,245,-14" />
</Scene>
<Scene>
<INIT seed="3,0,0,5,5,34" ten="343,258,168,231" oya="3" hai0="2,69,17,73,11,30,122,89,85,80,36,65,0" hai1="46,87,3,135,71,64,6,53,91,133,27,60,9" hai2="96,41,23,128,44,75,131,107,76,126,59,43,125" hai3="1,82,77,47,51,93,83,94,72,78,32,15,132"/><W117/><G32/><T18/><D122/><U26/><E46/><V63/><F23/><W102/><G117/><T67/><D36/><U74/><E53/><V14/><F14/><W84/><G132/><N who="1" m="50762" /><E74/><V29/><F29/><W58/><G1/><T127/><D30/><U61/><E61/><V38/><F96/><W8/><G58/><T100/><D100/><U66/><E66/><N who="2" m="39295" /><F76/><W28/><G28/><T19/><D73/><U112/><E112/><V79/><F75/><W134/><G134/><T111/><D111/><U45/><E45/><N who="2" m="23735" /><F79/><W50/><G50/><T118/><D118/><U98/><E98/><V103/><F103/><W119/><G102/><T33/><D33/><U5/><E5/><V31/><F107/><W10/><G119/><T55/><D11/><U24/><E24/><V129/><F31/><W124/><G8/><T37/><D37/><AGARI ba="0,0" hai="37,43,44,125,126,128,129,131" m="23735,39295" machi="37" ten="30,3900,0" yaku="19,1,34,2" doraHai="34" who="2" fromWho="0" sc="343,-39,258,0,168,39,231,0" />
</Scene>
<Scene>
<INIT seed="4,0,0,2,3,57" ten="304,258,207,231" oya="0" hai0="129,107,89,76,97,127,11,21,78,5,109,117,63" hai1="41,52,61,82,0,31,130,20,111,9,69,10,2" hai2="55,7,53,60,19,59,62,93,74,54,67,84,46" hai3="95,116,114,22,42,122,105,44,34,98,90,72,51"/><T118/><D129/><U110/><E130/><V120/><F74/><W28/><G116/><T132/><D132/><U115/><E115/><V101/><F120/><W39/><G114/><T4/><D4/><U124/><E124/><V123/><F123/><W15/><G34/><T6/><D6/><U8/><E41/><V29/><F7/><W50/><G72/><T68/><D127/><U102/><E102/><V135/><F29/><W1/><G1/><T108/><D21/><U25/><E82/><V86/><F135/><W106/><G122/><T134/><D134/><U119/><E119/><N who="0" m="45577" /><D89/><U91/><E91/><V35/><F35/><W18/><REACH who="3" step="1"/><G28/><REACH who="3" ten="304,258,207,221" step="2"/><T80/><D109/><U71/><E2/><V16/><F46/><W73/><G73/><T104/><D108/><U94/><E0/><V92/><F84/><W24/><G24/><T125/><D125/><U112/><E112/><V36/><F86/><W128/><G128/><T131/><D131/><U38/><E110/><V27/><F27/><W88/><G88/><T30/><D30/><U23/><E111/><V87/><F87/><W40/><G40/><T56/><D76/><U126/><E126/><V66/><F101/><W43/><G43/><T3/><D78/><U49/><E25/><V85/><F85/><W32/><G32/><T96/><D80/><U77/><E31/><V83/><F83/><W26/><G26/><T33/><D33/><U47/><E77/><V70/><F36/><W12/><G12/><T133/><D133/><U17/><E38/><V13/><F13/><W37/><G37/><T64/><D3/><RYUUKYOKU ba="0,1" sc="304,-15,258,-15,207,15,221,15" hai2="16,19,53,54,55,59,60,62,66,67,70,92,93" hai3="15,18,22,39,42,44,50,51,90,95,98,105,106" />
</Scene>
<Scene>
<INIT seed="5,1,1,5,5,92" ten="289,243,222,236" oya="1" hai0="126,91,1,128,99,18,6,44,86,36,40,90,114" hai1="112,66,43,48,17,62,63,22,4,97,19,94,0" hai2="127,98,54,69,95,52,38,53,27,101,11,109,84" hai3="31,125,34,77,60,76,14,123,70,13,135,79,51"/><U32/><E32/><V122/><F109/><W82/><G123/><T2/><D114/><U68/><E112/><V93/><F122/><W72/><G14/><T134/><D134/><U7/><E19/><V111/><F111/><W33/><G135/><T39/><D39/><U133/><E0/><V118/><F118/><W116/><G125/><T103/><D126/><U58/><E133/><V25/><F69/><W41/><G13/><T108/><D108/><U117/><E117/><V73/><F73/><W131/><G131/><T129/><D18/><U15/><E48/><V35/><F38/><W78/><G31/><T46/><D44/><U61/><E43/><V29/><F25/><W75/><G75/><T113/><D113/><U49/><E49/><V37/><F37/><W50/><G50/><T5/><D1/><U89/><REACH who="1" step="1"/><E61/><REACH who="1" ten="289,233,222,236" step="2"/><V42/><F42/><W119/><G119/><T45/><D2/><U132/><E132/><V110/><F110/><W57/><G116/><T81/><D45/><U87/><E87/><V28/><F28/><W24/><G41/><T71/><D46/><U88/><E88/><N who="2" m="53383" /><F127/><W16/><G34/><T20/><D40/><U21/><E21/><V3/><F3/><W10/><G33/><T80/><D20/><U55/><AGARI ba="1,2" hai="4,7,15,17,22,55,58,62,63,66,68,89,94,97" machi="55" ten="20,7800,0" yaku="1,1,0,1,7,1,52,1,53,0" doraHai="92" doraHaiUra="124" who="1" fromWho="1" sc="289,-27,233,101,222,-27,236,-27" />
</Scene>
<Scene>
<INIT seed="5,2,0,2,2,103" ten="262,334,195,209" oya="1" hai0="69,15,122,22,131,97,91,20,30,42,68,124,38" hai1="35,28,53,55,61,12,123,62,29,111,50,72,121" hai2="60,32,104,117,109,114,82,70,3,7,90,110,101" hai3="113,31,71,67,80,129,84,57,51,93,36,105,18"/><U115/><E72/><V74/><F32/><W1/><G36/><T63/><D131/><U128/><E128/><V11/><F90/><W5/><G31/><T75/><D75/><U54/><E50/><V9/><F9/><W73/><G73/><T47/><D124/><U106/><E106/><V116/><F60/><W102/><G71/><T119/><D119/><N who="2" m="45642" /><F70/><W107/><G102/><T65/><D122/><U78/><E115/><V108/><F114/><W46/><G113/><T37/><D69/><U52/><E78/><N who="2" m="44375" /><F101/><W44/><G1/><T8/><D37/><U94/><E111/><V23/><F23/><W2/><G2/><T76/><D30/><U135/><E29/><V130/><F130/><W85/><G5/><T87/><D76/><U17/><E135/><V77/><F77/><W89/><G18/><T66/><D66/><U0/><E0/><V126/><F126/><W112/><G112/><T48/><D38/><U118/><E118/><V92/><F92/><W133/><G133/><T21/><D97/><U81/><E81/><V39/><F39/><W26/><G26/><T79/><D79/><U49/><E94/><V88/><F88/><N who="3" m="51207" /><G129/><T10/><REACH who="0" step="1"/><D15/><REACH who="0" ten="252,334,195,209" step="2"/><U125/><E125/><V83/><F83/><AGARI ba="2,1" hai="8,10,20,21,22,42,47,48,63,65,68,83,87,91" machi="83" ten="40,2600,0" yaku="1,1,2,1,53,0" doraHai="103" doraHaiUra="95" who="0" fromWho="2" sc="252,42,334,0,195,-32,209,0" />
</Scene>
<Scene>
<INIT seed="6,0,0,1,1,133" ten="294,334,163,209" oya="2" hai0="37,72,62,66,17,46,94,74,130,47,55,12,19" hai1="88,119,30,108,117,110,121,25,24,68,51,132,16" hai2="113,80,61,41,89,8,28,14,111,65,75,96,56" hai3="35,40,27,67,59,7,5,114,122,87,10,71,105"/><V13/><F113/><W49/><G122/><T2/><D2/><U99/><E68/><V77/><F41/><W109/><G109/><T48/><D130/><U73/><E73/><V118/><F118/><W21/><G105/><T91/><D19/><U107/><E132/><V53/><F28/><W0/><G71/><T52/><D37/><U11/><E121/><V79/><F111/><W100/><G100/><T84/><D47/><U23/><E108/><V101/><F89/><W123/><G7/><T92/><D55/><U106/><E110/><V128/><F77/><W3/><G3/><T102/><D102/><U78/><E78/><V115/><F115/><W18/><G114/><T9/><REACH who="0" step="1"/><D94/><REACH who="0" ten="284,334,163,209" step="2"/><U34/><E107/><V54/><F128/><W42/><G18/><T33/><D33/><U57/><E106/><V126/><F101/><W44/><G35/><T95/><D95/><N who="1" m="56807" /><E119/><V32/><F32/><W6/><G0/><T50/><D50/><U39/><E39/><V83/><F96/><W29/><G123/><T86/><D86/><U81/><E117/><V131/><F131/><W93/><G87/><T26/><D26/><U134/><E134/><V97/><F97/><W120/><G120/><T64/><D64/><U69/><E34/><V58/><F65/><W104/><G104/><T31/><D31/><U135/><E30/><V103/><F103/><W127/><G67/><T43/><D43/><U82/><E135/><V20/><F54/><W129/><G40/><T38/><D38/><U124/><E25/><V22/><F53/><W125/><G129/><T116/><D116/><RYUUKYOKU ba="0,1" sc="284,30,334,-10,163,-10,209,-10" hai0="9,12,17,46,48,52,62,66,72,74,84,91,92" />
</Scene>
<Scene>
<INIT seed="7,1,1,5,0,14" ten="314,324,153,199" oya="3" hai0="5,128,46,83,77,106,64,92,13,113,71,1,96" hai1="117,66,26,91,114,108,17,127,12,24,23,124,61" hai2="126,116,48,131,81,110,121,72,59,112,49,100,79" hai3="47,44,65,135,103,82,60,52,45,25,0,134,111"/><W123/><G123/><T15/><D106/><U22/><E108/><V80/><F110/><W39/><G111/><T35/><D35/><U129/><E114/><V43/><F116/><W107/><G0/><T37/><D113/><U56/><E117/><V18/><F112/><W88/><G25/><N who="1" m="9834" /><E129/><V31/><F31/><W99/><G39/><T75/><D128/><U105/><E105/><V3/><F131/><W58/><REACH who="3" step="1"/><G65/><REACH who="3" ten="314,324,153,189" step="2"/><T89/><D64/><U57/><E124/><V118/><F3/><W2/><G2/><T76/><D1/><U90/><E127/><V115/><F126/><W21/><G21/><N who="1" m="7690" /><E61/><V29/><F115/><W94/><G94/><T70/><D92/><U133/><E66/><V68/><F121/><W19/><G19/><T42/><D37/><U78/><E133/><V55/><F18/><W54/><G54/><T67/><D67/><U34/><E34/><V4/><F55/><W132/><G132/><T84/><D70/><U40/><E40/><V101/><F43/><W10/><G10/><T69/><D69/><U102/><E17/><V97/><F68/><W33/><G33/><T95/><D71/><U32/><E32/><V122/><F122/><W50/><G50/><N who="0" m="26967" /><D5/><U27/><E27/><V38/><F4/><W74/><G74/><T16/><D16/><U41/><E41/><V51/><F72/><W62/><G62/><T53/><D53/><U93/><E12/><V85/><F38/><W6/><G6/><T125/><D125/><U9/><E9/><V130/><F118/><W20/><G20/><T109/><D109/><U30/><E93/><RYUUKYOKU ba="1,2" sc="314,15,324,-15,153,-15,189,15" hai0="13,15,75,76,77,83,84,89,95,96" hai3="44,45,47,52,58,60,82,88,99,103,107,134,135" />
</Scene>
<Scene>
<INIT seed="7,2,2,5,4,13" ten="329,309,138,204" oya="3" hai0="29,96,84,82,37,134,123,70,41,133,56,102,35" hai1="1,132,119,24,66,30,53,130,71,127,32,12,120" hai2="52,15,113,101,33,49,95,85,10,117,128,73,88" hai3="27,67,94,65,7,129,83,105,36,18,50,90,46"/><W14/><G105/><T25/><D123/><U116/><E120/><V62/><F117/><N who="1" m="45129" /><E1/><V16/><F73/><W74/><G36/><T20/><D70/><U9/><E130/><V91/><F33/><W8/><G83/><T131/><D131/><U103/><E132/><N who="0" m="50793" /><D56/><U17/><E127/><V4/><F128/><W108/><G74/><T21/><D41/><U78/><E78/><V3/><F113/><W59/><G59/><T55/><D55/><U106/><E53/><V81/><F101/><W112/><G108/><T40/><D40/><U48/><E48/><V58/><F62/><W39/><G39/><T126/><D37/><U38/><E38/><V64/><F64/><W100/><G112/><T26/><D26/><U109/><E109/><V111/><F111/><W42/><G100/><T6/><D6/><U124/><E124/><V92/><F91/><W0/><G129/><T28/><D28/><U99/><E66/><V77/><F77/><W122/><G122/><T63/><D63/><U54/><E54/><V51/><F49/><W47/><G47/><T34/><D34/><U31/><E31/><V86/><F86/><N who="3" m="52567" /><G0/><T69/><D69/><AGARI ba="2,2" hai="9,12,17,24,30,32,69,71,99,103,106" m="45129" machi="69" ten="30,2000,0" yaku="12,1,52,1" doraHai="13" who="1" fromWho="0" sc="329,-26,309,46,138,0,204,0" owari="303,10.0,355,46.0,138,-36.0,204,-20.0" />
</Scene>
</mjloggm>