<mjloggm ver="2.3"><GO type="169" lobby="0"/><UN n0="%E9%9D%92%E6%9C%A8%E8%8C%82" n1="%41%53%41%50%49%4E" n2="%E3%81%BE%E3%81%AA%E3%81%84%E3%81%9F%E3%82%88%E3%81%86%E3%81%98%E3%82%87" n3="%4E%69%65%6C" dan="16,19,17,16" rate="2110.19,2281.70,2179.09,2062.09" sx="M,M,M,M"/><TAIKYOKU oya="0"/>

<Scene>
<INIT seed="0,0,0,0,2,97" ten="250,250,250,250" oya="0" hai0="92,100,89,18,24,105,23,30,95,98,71,59,42" hai1="31,10,21,36,43,70,74,55,53,88,111,123,132" hai2="127,32,77,1,107,47,11,41,72,90,128,101,28" hai3="4,19,114,44,20,81,99,14,125,63,29,62,13"/><T51/><BYE who="3" /><D71/><U131/><E123/><V102/><F107/><W69/><G69/><T113/><D113/><U17/><E74/><V126/><F90/><W110/><G110/><T130/><D130/><U78/><E78/><V119/><F128/><W35/><G35/><T61/><D42/><U25/><E131/><V45/><F119/><W83/><G83/><T60/><D51/><U135/><E70/><V6/><F28/><W39/><G39/><T84/><D105/><U54/><E111/><V37/><F45/><W56/><G56/><T40/><D40/><U94/><E10/><V66/><F66/><W48/><G48/><T115/><D115/><U120/><E120/><V82/><REACH who="2" step="1"/><F32/><REACH who="2" ten="250,250,240,250" step="2"/><W2/><G2/><T129/><D129/><U16/><E36/><V73/><F73/><W87/><G87/><T85/><D84/><U5/><E31/><V26/><F26/><W67/><G67/><T15/><REACH who="0" step="1"/><D59/><REACH who="0" ten="240,250,240,250" step="2"/><U12/><E43/><V108/><F108/><W58/><G58/><T75/><D75/><U116/><E116/><V57/><F57/><W118/><G118/><T22/><AGARI ba="0,2" hai="15,18,22,23,24,30,60,61,85,89,92,95,98,100" machi="22" ten="20,12000,1" yaku="1,1,0,1,7,1,8,1,52,1,53,0" doraHai="97" doraHaiUra="121" who="0" fromWho="0" sc="240,140,250,-40,240,-40,250,-40" />
</Scene>
<Scene>
<INIT seed="0,1,0,4,1,2" ten="380,210,200,210" oya="0" hai0="18,119,102,126,120,49,84,107,113,135,23,6,131" hai1="78,97,112,67,75,71,55,92,106,14,100,134,27" hai2="41,51,103,59,52,114,47,72,50,3,22,133,123" hai3="39,91,21,44,85,77,115,68,82,110,81,88,95"/><T9/><D120/><U62/><E134/><V104/><F72/><W83/><G83/><T94/><D119/><U57/><E112/><V117/><F123/><W70/><G70/><T118/><D118/><U127/><E127/><V121/><F121/><W80/><G80/><T40/><D113/><U36/><E36/><V98/><F117/><W4/><G4/><T128/><D135/><U7/><E75/><V38/><F133/><W15/><G15/><T45/><D107/><U61/><E78/><V10/><F114/><W64/><G64/><T42/><D126/><U111/><E111/><V43/><F43/><W33/><G33/><T105/><D105/><U63/><E27/><V109/><F109/><W99/><G99/><T31/><D31/><U11/><REACH who="1" step="1"/><E106/><REACH who="1" ten="380,200,200,210" step="2"/><V122/><F38/><W32/><G32/><T65/><D131/><U66/><E66/><V101/><F122/><W37/><G37/><T93/><D128/><U24/><E24/><V16/><F104/><W34/><G34/><T73/><D65/><U89/><E89/><V125/><F125/><W8/><G8/><T96/><D73/><U48/><AGARI ba="1,1" hai="7,11,14,48,55,57,61,62,63,67,71,92,97,100" machi="48" ten="20,5200,0" yaku="1,1,0,1,7,1,52,1,53,0" doraHai="2" doraHaiUra="108" who="1" fromWho="1" sc="380,-27,200,65,200,-14,210,-14" />
</Scene>
<Scene>
<INIT seed="1,0,0,0,3,91" ten="353,265,186,196" oya="1" hai0="3,47,131,89,129,32,85,127,25,100,35,120,22" hai1="55,133,74,59,45,0,130,66,80,68,107,132,30" hai2="106,126,4,5,20,23,28,27,16,13,12,38,1" hai3="11,18,69,56,43,108,58,9,26,40,110,118,6"/><U117/><E117/><V53/><F106/><W52/><G52/><T34/><D100/><U54/><E107/><V63/><F38/><W102/><G102/><T134/><D3/><U7/><E30/><V65/><F53/><W50/><G50/><T31/><D120/><UN n3="%4E%69%65%6C" /><U33/><E33/><V86/><F86/><W71/><G118/><T10/><D10/><N who="1" m="2407" /><E68/><V14/><F63/><W72/><G72/><T99/><D99/><U41/><E66/><V125/><F65/><W51/><G51/><T101/><D101/><U128/><E55/><V61/><F61/><W49/><G49/><T42/><D127/><N who="2" m="48650" /><F1/><W19/><G26/><AGARI ba="0,0" hai="4,5,12,13,14,16,20,23,26,27,28" m="48650" machi="26" ten="30,7700,0" yaku="18,1,34,2,54,1" doraHai="91" who="2" fromWho="3" sc="353,0,265,0,186,77,196,-77" />
</Scene>
<Scene>
<INIT seed="2,0,0,4,4,87" ten="353,265,263,119" oya="2" hai0="8,54,59,76,127,93,67,111,130,134,121,110,119" hai1="11,100,84,70,30,69,120,36,61,60,15,5,63" hai2="1,77,47,13,7,38,29,114,98,92,95,19,125" hai3="118,33,109,32,66,65,41,113,6,83,80,89,37"/><V128/><F114/><W91/><G118/><T17/><D121/><U132/><E36/><V71/><F71/><W79/><G113/><T102/><D119/><U44/><E120/><V46/><F128/><W117/><G117/><T68/><D130/><U105/><E132/><V115/><F115/><W90/><G109/><T88/><D134/><U123/><E123/><V58/><F125/><W16/><G6/><T12/><D127/><U50/><E30/><V56/><F29/><W52/><G37/><T124/><D76/><U57/><E57/><V62/><F77/><W55/><G41/><T97/><D124/><U39/><E39/><V81/><F81/><N who="3" m="31307" /><G16/><T107/><D67/><N who="3" m="25609" /><G79/><T31/><D31/><U25/><E69/><V135/><F38/><W4/><G4/><T3/><D3/><U116/><E70/><V126/><F1/><W64/><N who="3" m="25617" /><W9/><DORA hai="18" /><G9/><T48/><REACH who="0" step="1"/><D68/><REACH who="0" ten="343,265,263,119" step="2"/><U0/><E0/><V96/><F135/><W133/><G133/><T85/><AGARI ba="0,1" hai="8,12,17,48,54,59,85,88,93,97,102,107,110,111" machi="85" ten="30,12000,2" yaku="1,1,2,1,0,1,52,1,54,1,53,2" doraHai="87,18" doraHaiUra="34,122" who="0" fromWho="0" sc="343,130,265,-30,263,-60,119,-30" />
</Scene>
<Scene>
<INIT seed="3,0,0,0,0,70" ten="473,235,203,89" oya="3" hai0="2,93,88,99,101,58,73,60,89,18,31,42,85" hai1="78,109,55,24,107,81,8,51,132,47,134,21,11" hai2="27,46,39,37,112,128,22,106,25,30,0,19,56" hai3="61,7,108,87,20,12,5,114,95,103,15,91,29"/><W1/><G114/><T75/><D2/><U90/><E109/><V135/><F112/><W77/><G1/><T113/><D42/><U102/><E90/><V43/><F106/><W45/><G108/><T9/><D31/><U23/><E102/><V54/><F0/><W48/><G103/><T53/><D89/><U64/><E64/><V100/><F100/><W41/><G77/><T126/><D126/><U65/><E65/><V28/><F128/><W133/><G133/><N who="1" m="51306" /><E107/><V111/><F111/><W123/><G123/><T129/><D129/><U36/><E36/><V127/><F127/><W13/><REACH who="3" step="1"/><G61/><REACH who="3" ten="473,235,203,79" step="2"/><T63/><D60/><U71/><E78/><V10/><F135/><W125/><G125/><T34/><D113/><U6/><E71/><V94/><F94/><W50/><G50/><T119/><D119/><U117/><E51/><V4/><F39/><W84/><G84/><T97/><D85/><U96/><E117/><V49/><F27/><AGARI ba="0,1" hai="5,7,12,13,15,20,27,29,41,45,48,87,91,95" machi="27" ten="40,3900,0" yaku="1,1,8,1,53,0" doraHai="70" doraHaiUra="14" who="3" fromWho="2" sc="473,0,235,0,203,-39,79,49" />
</Scene>
<Scene>
<INIT seed="3,1,0,1,4,28" ten="473,235,164,128" oya="3" hai0="11,119,59,131,54,104,56,96,105,8,70,84,125" hai1="49,68,10,65,91,1,37,118,18,63,22,6,112" hai2="95,83,81,19,0,25,61,35,111,129,82,45,78" hai3="100,87,94,48,101,62,93,80,38,107,46,126,92"/><W52/><G126/><T5/><D125/><U39/><E112/><V85/><F0/><W32/><G38/><T99/><D119/><U55/><E91/><V30/><F111/><W134/><G134/><T88/><D70/><U41/><E41/><V77/><F129/><W106/><G32/><T110/><D110/><U53/><E118/><V66/><F45/><W117/><G117/><T103/><D131/><U36/><REACH who="1" step="1"/><E49/><REACH who="1" ten="473,225,164,128" step="2"/><V115/><F115/><W50/><G50/><T73/><D88/><U51/><E51/><V43/><F43/><W79/><REACH who="3" step="1"/><G62/><REACH who="3" ten="473,225,164,118" step="2"/><T75/><D103/><AGARI ba="1,2" hai="46,48,52,79,80,87,92,93,94,100,101,103,106,107" machi="103" ten="40,12000,1" yaku="1,1,2,1,54,1,53,1" doraHai="28" doraHaiUra="47" who="3" fromWho="0" sc="473,-123,225,0,164,0,118,143" />
</Scene>
<Scene>
<INIT seed="3,2,0,2,4,36" ten="350,225,164,261" oya="3" hai0="122,114,15,57,32,108,93,38,130,126,129,125,120" hai1="23,66,127,59,115,19,107,134,81,18,128,116,52" hai2="39,97,72,55,62,131,87,56,28,17,133,101,77" hai3="47,91,51,99,124,34,119,78,10,4,64,41,3"/><W83/><G119/><T105/><D15/><U2/><E115/><V102/><F72/><W80/><G34/><T43/><D93/><U121/><E121/><N who="0" m="46697" /><D105/><U8/><E116/><V50/><F39/><W110/><G110/><T37/><D32/><U68/><E107/><V11/><F131/><N who="0" m="50186" /><D114/><U21/><E127/><N who="0" m="48649" /><D108/><U117/><E128/><V76/><F28/><W98/><G124/><T26/><D26/><U33/><E33/><V74/><F74/><W60/><G91/><T54/><D43/><U79/><E117/><V48/><F11/><W82/><REACH who="3" step="1"/><G78/><REACH who="3" ten="350,225,164,251" step="2"/><T70/><D70/><AGARI ba="2,1" hai="3,4,10,41,47,51,60,64,70,80,82,83,98,99" machi="70" ten="40,12000,1" yaku="1,1,2,1,52,1,53,1" doraHai="36" doraHaiUra="63" who="3" fromWho="0" sc="350,-126,225,0,164,0,251,136" />
</Scene>
<Scene>
<INIT seed="3,3,0,3,0,55" ten="224,225,164,387" oya="3" hai0="38,54,63,76,34,68,75,58,15,95,123,129,104" hai1="19,65,94,108,117,112,115,86,35,107,70,126,18" hai2="80,122,23,36,133,37,32,85,87,21,50,69,119" hai3="6,26,43,134,39,31,22,56,12,96,73,1,79"/><W92/><G1/><T97/><D123/><U28/><E107/><V53/><F32/><W67/><G39/><T120/><D120/><U24/><E108/><V106/><F122/><W132/><G43/><T99/><D129/><U103/><E126/><V0/><F106/><W81/><G6/><T25/><D38/><U130/><E130/><V14/><F69/><W78/><G79/><T93/><D104/><U20/><E117/><V88/><F0/><W135/><G12/><T7/><D68/><U71/><E18/><V57/><F133/><W116/><G116/><T10/><D76/><U3/><E3/><V91/><F119/><W124/><G124/><T29/><REACH who="0" step="1"/><D75/><REACH who="0" ten="214,225,164,387" step="2"/><U100/><E71/><V51/><F36/><W131/><G131/><T118/><D118/><U90/><E70/><V114/><F37/><W13/><G135/><T60/><D60/><U30/><E112/><V52/><F114/><W111/><G111/><T49/><D49/><U105/><E115/><V2/><F2/><W5/><G134/><T44/><D44/><U40/><E105/><V83/><F14/><W33/><G132/><T8/><D8/><U61/><E61/><V4/><F4/><W9/><G5/><T41/><D41/><U42/><E40/><V109/><F109/><W113/><G113/><T82/><D82/><U74/><E42/><V59/><AGARI ba="3,1" hai="21,23,50,51,52,53,57,59,80,83,85,87,88,91" machi="59" ten="20,16000,3" yaku="0,1,7,1,32,3,8,1,52,2,54,2" doraHai="55" who="2" fromWho="2" sc="214,-43,225,-43,164,179,387,-83" />
</Scene>
<Scene>
<INIT seed="4,0,0,0,5,122" ten="171,182,343,304" oya="0" hai0="11,109,59,97,131,32,35,37,54,132,42,63,89" hai1="18,113,70,58,80,66,100,73,108,30,39,1,49" hai2="85,15,128,60,13,46,90,95,20,75,52,65,68" hai3="92,129,74,55,21,51,43,93,135,0,130,98,106"/><T8/><D131/><N who="3" m="50185" /><G74/><T6/><D132/><U81/><E39/><V19/><F75/><W77/><G77/><T112/><D112/><U102/><E1/><V17/><F128/><W34/><G34/><T91/><D11/><U72/><E70/><V29/><F29/><W7/><G43/><T31/><D109/><U5/><E5/><V110/><F110/><W94/><G21/><T123/><D123/><U28/><E49/><V117/><F117/><W10/><G135/><T12/><D37/><U133/><E58/><V41/><F41/><W62/><G62/><T82/><D42/><U125/><E66/><V24/><F19/><W120/><G120/><T76/><D31/><U44/><E18/><V25/><REACH who="2" step="1"/><F13/><REACH who="2" ten="171,182,333,304" step="2"/><W16/><G16/><T104/><D35/><U107/><E108/><V2/><F2/><W53/><G0/><T67/><D32/><U27/><E133/><V57/><F57/><W48/><G7/><T101/><REACH who="0" step="1"/><D67/><REACH who="0" ten="161,182,333,304" step="2"/><U99/><E113/><V61/><F61/><W71/><G51/><AGARI ba="0,2" hai="15,17,20,24,25,46,51,52,60,65,68,85,90,95" machi="51" ten="40,5200,0" yaku="1,1,54,1,53,1" doraHai="122" doraHaiUra="47" who="2" fromWho="3" sc="161,0,182,0,333,72,304,-52" />
</Scene>
<Scene>
<INIT seed="5,0,0,5,4,135" ten="161,182,405,252" oya="1" hai0="89,105,120,76,22,45,75,10,66,38,63,20,134" hai1="132,49,48,97,81,109,67,54,51,7,94,4,99" hai2="46,95,57,128,121,34,113,96,118,86,102,72,90" hai3="116,58,5,8,131,127,1,84,79,2,60,61,83"/><U15/><E132/><V117/><F34/><W80/><G131/><T55/><D134/><U87/><E109/><V78/><F57/><W107/><G107/><T77/><D105/><U42/><E42/><V70/><F46/><W52/><G116/><T110/><D110/><U50/><E67/><V100/><F70/><W82/><G127/><T12/><D120/><U114/><E114/><V41/><F41/><W37/><G37/><T112/><D112/><U44/><E15/><V71/><F71/><W35/><G35/><T29/><D89/><U23/><E23/><V33/><F33/><W62/><REACH who="3" step="1"/><G1/><REACH who="3" ten="161,182,405,242" step="2"/><T73/><D38/><U43/><E43/><V0/><F0/><W39/><G39/><T56/><D75/><U31/><E31/><V27/><F72/><W125/><G125/><T47/><D73/><U124/><E124/><V28/><F128/><W65/><G65/><T74/><D74/><U91/><REACH who="1" step="1"/><E99/><REACH who="1" ten="161,172,405,242" step="2"/><N who="2" m="57847" /><F113/><W122/><G122/><T115/><D115/><U21/><E21/><V36/><F96/><W59/><G59/><N who="0" m="37247" /><D22/><U25/><E25/><V32/><F27/><W40/><G40/><T53/><D20/><U18/><E18/><V24/><F24/><W85/><G85/><T103/><D29/><U129/><E129/><V68/><F28/><W6/><G6/><T106/><D56/><U101/><AGARI ba="0,2" hai="4,7,44,48,49,50,51,54,81,87,91,94,97,101" machi="101" ten="30,6000,0" yaku="1,1,0,1,8,1,53,0" doraHai="135" doraHaiUra="9" who="1" fromWho="1" sc="161,-20,172,80,405,-20,242,-20" />
</Scene>
<Scene>
<INIT seed="5,1,0,1,2,53" ten="141,252,385,222" oya="1" hai0="32,78,69,111,62,54,88,68,101,91,89,114,126" hai1="48,77,1,121,64,123,59,116,28,86,103,95,76" hai2="34,82,75,35,81,27,3,112,107,93,127,109,110" hai3="8,25,125,74,100,21,84,65,67,57,128,7,119"/><U0/><E116/><V106/><F93/><W105/><G74/><T132/><D111/><U98/><E28/><V13/><F13/><W56/><G125/><T124/><D32/><U99/><E99/><V90/><F90/><W24/><G128/><T60/><D78/><U66/><E66/><N who="3" m="25098" /><G119/><T83/><D83/><U49/><E49/><V87/><F27/><N who="3" m="10315" /><G105/><T23/><D23/><U40/><E76/><V70/><F87/><W39/><G39/><T11/><D11/><U12/><E12/><V37/><F37/><W33/><G33/><T44/><D101/><U9/><E86/><V46/><F75/><W102/><G21/><T18/><D126/><U133/><E77/><V129/><F127/><W47/><G84/><T16/><D124/><U92/><E133/><V58/><F81/><W71/><G71/><T55/><D91/><U94/><E98/><V36/><F82/><W72/><G72/><T80/><D80/><U118/><E103/><N who="3" m="39466" /><G47/><T63/><D44/><U43/><E118/><V22/><F46/><W15/><AGARI ba="1,0" hai="7,8,15,56,57" m="39466,10315,25098" machi="15" ten="30,4000,0" yaku="8,1,52,2" doraHai="53" who="3" fromWho="3" sc="141,-11,252,-21,385,-11,222,43" />
</Scene>
<Scene>
<INIT seed="6,0,0,1,5,74" ten="130,231,374,265" oya="2" hai0="133,47,67,44,85,15,20,37,105,100,8,94,56" hai1="16,17,126,122,75,29,102,62,110,120,109,103,21" hai2="10,76,89,48,70,111,104,36,41,28,11,32,117" hai3="60,84,127,113,128,55,52,118,54,99,90,0,93"/><V6/><F117/><W9/><G118/><T130/><D130/><U88/><E126/><V77/><F36/><W80/><G128/><T98/><D133/><U81/><E62/><V92/><F104/><W115/><G127/><T27/><D37/><U97/><E29/><V86/><F70/><W73/><G73/><T112/><D112/><N who="3" m="43081" /><G9/><T31/><D85/><N who="1" m="50223" /><E75/><V63/><F63/><W65/><G0/><T68/><D68/><U1/><E1/><V18/><F111/><W34/><G34/><T108/><D105/><U25/><E17/><V96/><F32/><W101/><G65/><T123/><D123/><N who="1" m="47147" /><E103/><V66/><F28/><W38/><G38/><T72/><D72/><U57/><E57/><AGARI ba="0,0" hai="52,54,55,57,60,80,84,90,93,99,101" m="43081" machi="57" ten="30,3900,0" yaku="15,1,11,1,54,1" doraHai="74" who="3" fromWho="1" sc="130,0,231,-39,374,0,265,39" />
</Scene>
<Scene>
<INIT seed="7,0,0,3,1,32" ten="130,192,374,304" oya="3" hai0="69,72,133,97,127,8,22,114,55,107,0,104,50" hai1="85,29,101,61,35,63,19,122,81,123,74,112,70" hai2="24,115,92,87,16,90,39,4,82,118,79,7,36" hai3="88,119,117,75,109,64,47,33,6,98,38,25,129"/><W62/><G75/><T28/><D69/><U21/><E74/><V27/><F118/><W76/><G76/><T17/><D72/><U84/><E112/><V130/><F115/><W41/><G129/><T42/><D42/><U13/><E84/><V12/><F39/><W23/><G33/><T68/><D68/><U78/><E101/><V34/><F36/><W45/><G45/><T54/><D114/><U66/><REACH who="1" step="1"/><E63/><REACH who="1" ten="130,182,374,304" step="2"/><V65/><F87/><W100/><G100/><T26/><D133/><U53/><E53/><V9/><F130/><W10/><G109/><T18/><D127/><U14/><E14/><V77/><F12/><W102/><G102/><T131/><D131/><U57/><E57/><V58/><F58/><W105/><G62/><T3/><D55/><U71/><E71/><V89/><F77/><W1/><G119/><T44/><D97/><U135/><E135/><V51/><F79/><W116/><G64/><T86/><D86/><U67/><E67/><V56/><F56/><W11/><G117/><T108/><D108/><U31/><E31/><V134/><F65/><W15/><G116/><T110/><D110/><U49/><E49/><V59/><F51/><W43/><G15/><T121/><D121/><U106/><E106/><V46/><F59/><W111/><G105/><T126/><D126/><U96/><E96/><V2/><F134/><W30/><G98/><T113/><D113/><U5/><E5/><V99/><F99/><W37/><G111/><T60/><D60/><U91/><E91/><V73/><F89/><W48/><G88/><T124/><D124/><RYUUKYOKU ba="0,1" sc="130,-10,182,30,374,-10,304,-10" hai1="13,19,21,29,35,61,66,70,78,81,85,122,123" owari="120,-38.0,212,-19.0,374,48.0,294,9.0" />
</Scene>
</mjloggm>