<mjloggm ver="2.3"><GO type="169" lobby="0"/><UN n0="%E3%81%B5%E3%81%8B%E3%81%BF" n1="%E3%81%84%E3%81%97%E3%81%97%E3%82%93%49%44%E7%B4%9B%E5%A4%B1" n2="%E9%8A%80%E9%81%8A%E7%A7%81%E4%BA%BA" n3="%41%53%41%50%49%4E" dan="16,17,16,19" rate="2070.90,2152.19,2041.43,2287.95" sx="F,M,M,M"/><TAIKYOKU oya="0"/>

<Scene>
<INIT seed="0,0,0,5,3,132" ten="250,250,250,250" oya="0" hai0="125,0,131,31,10,104,36,45,38,103,48,73,121" hai1="68,129,35,74,9,57,115,111,40,78,56,91,8" hai2="19,11,65,109,99,126,51,128,83,55,116,90,34" hai3="101,24,42,75,77,29,18,2,107,37,135,44,50"/><T87/><D121/><U71/><E35/><V134/><F34/><W80/><G135/><T62/><D73/><U88/><E40/><V26/><F134/><W100/><G107/><T89/><D31/><U112/><E74/><V17/><F65/><W60/><G18/><T59/><D104/><U7/><E78/><V124/><F109/><W30/><G30/><T98/><D131/><U3/><E7/><V23/><F128/><W21/><G50/><T58/><D58/><U122/><E129/><V95/><F116/><W52/><REACH who="3" step="1"/><G2/><REACH who="3" ten="250,250,250,240" step="2"/><T127/><D36/><U97/><E3/><V41/><F17/><W5/><G5/><T120/><D38/><U133/><E133/><V102/><F19/><W54/><G54/><T33/><D0/><U119/><E119/><V106/><F55/><W76/><G76/><T117/><D117/><U84/><E111/><V123/><F51/><W14/><G14/><T105/><D120/><U47/><E122/><V70/><F106/><W114/><G114/><T1/><D1/><U63/><E115/><V94/><F123/><W108/><G108/><T32/><D48/><U13/><E112/><V20/><F41/><W66/><G66/><N who="0" m="39263" /><D10/><U46/><E9/><V92/><F11/><W49/><G49/><T27/><D27/><U93/><E46/><V96/><F26/><W39/><G39/><T110/><D45/><U67/><E47/><V12/><F12/><W82/><G82/><N who="0" m="49399" /><D110/><U15/><E8/><V61/><F83/><W85/><G85/><T81/><D81/><N who="1" m="49167" /><E15/><V25/><F25/><W72/><G72/><T4/><D4/><RYUUKYOKU ba="0,1" sc="250,15,250,-15,250,-15,240,15" hai0="32,33,98,103,105,125,127" hai3="21,24,29,37,42,44,52,60,75,77,80,100,101" />
</Scene>
<Scene>
<INIT seed="0,1,1,5,2,31" ten="265,235,235,255" oya="0" hai0="92,71,106,74,1,47,127,60,83,117,99,13,80" hai1="121,70,103,78,114,102,116,67,124,68,18,122,10" hai2="73,79,42,52,26,112,14,86,69,118,62,104,34" hai3="81,85,35,97,111,120,88,65,49,41,126,63,89"/><T98/><D117/><U36/><E116/><V6/><F118/><W17/><G111/><T128/><D1/><U5/><E36/><V7/><F73/><W108/><G108/><T44/><D106/><U21/><E78/><V8/><F112/><W45/><G126/><T135/><D74/><U57/><E124/><V0/><F104/><W59/><G120/><T64/><D127/><U133/><E114/><V77/><F42/><W54/><G35/><T32/><D32/><U95/><E70/><V22/><F86/><W110/><G110/><T76/><D135/><U12/><E68/><V43/><F43/><W115/><G115/><T24/><D99/><U3/><E133/><V30/><F69/><W2/><G2/><T82/><D76/><U61/><REACH who="1" step="1"/><E95/><REACH who="1" ten="265,225,235,255" step="2"/><V91/><F79/><W25/><G81/><T105/><D105/><U123/><AGARI ba="1,2" hai="3,5,10,12,18,21,57,61,67,102,103,121,122,123" machi="123" ten="30,4000,0" yaku="1,1,2,1,0,1,53,0" doraHai="31" doraHaiUra="129" who="1" fromWho="1" sc="265,-21,225,63,235,-11,255,-11" />
</Scene>
<Scene>
<INIT seed="1,0,0,2,0,25" ten="244,288,224,244" oya="1" hai0="41,104,55,93,82,2,12,127,81,100,78,85,110" hai1="61,14,118,109,79,30,66,68,54,56,0,26,67" hai2="39,64,74,83,102,46,73,44,123,62,53,117,89" hai3="33,92,58,23,15,45,21,60,94,76,28,88,71"/><U97/><E0/><V112/><F117/><W98/><G71/><T115/><D2/><U90/><E118/><V70/><F123/><W124/><G124/><T69/><D69/><U22/><E109/><V108/><F108/><W65/><G76/><T128/><D41/><U32/><E79/><V35/><F112/><W63/><G63/><T36/><D36/><U9/><E32/><V91/><F35/><W134/><G134/><T114/><D55/><U40/><E40/><V116/><F116/><W49/><G15/><T105/><D12/><U10/><E14/><V5/><F5/><W13/><G13/><T84/><D110/><U72/><E72/><V8/><F8/><N who="1" m="3177" /><E68/><V113/><F113/><N who="0" m="43018" /><D127/><U132/><E132/><V7/><F7/><W38/><G94/><AGARI ba="0,0" hai="22,26,30,54,56,61,66,67,90,94,97" m="3177" machi="94" ten="30,2900,0" yaku="8,1,52,1" doraHai="25" who="1" fromWho="3" sc="244,0,288,29,224,0,244,-29" />
</Scene>
<Scene>
<INIT seed="1,1,0,4,5,22" ten="244,317,224,215" oya="1" hai0="129,111,92,76,98,45,47,8,28,125,39,107,94" hai1="25,17,95,135,78,86,66,1,58,3,71,105,7" hai2="108,114,85,60,109,41,0,43,91,24,84,14,42" hai3="59,128,89,116,36,133,56,26,6,16,4,88,130"/><U81/><E105/><V123/><F0/><W10/><G36/><T64/><D107/><U34/><E71/><V97/><F123/><W15/><G133/><T112/><D112/><U31/><E135/><V83/><F114/><W115/><G115/><T113/><D113/><U122/><E122/><V13/><F97/><W100/><G100/><T120/><D120/><U118/><E118/><V38/><F38/><W54/><G116/><T87/><D39/><U61/><E7/><V50/><F60/><W126/><G126/><T132/><D132/><U65/><E65/><V62/><F62/><N who="3" m="36119" /><G59/><T127/><D64/><U29/><E29/><V2/><F2/><W96/><G96/><T124/><D111/><N who="2" m="42570" /><F50/><W19/><G6/><T69/><D69/><U48/><E48/><V119/><F119/><W35/><G4/><T53/><D98/><U52/><E66/><V103/><F103/><W121/><G121/><T73/><D125/><U21/><E95/><N who="2" m="54759" /><F24/><AGARI ba="1,0" hai="1,3,17,21,24,25,31,34,52,58,61,78,81,86" machi="24" ten="30,11600,0" yaku="7,1,52,2,54,1" doraHai="22" who="1" fromWho="2" sc="244,0,317,119,224,-119,215,0" />
</Scene>
<Scene>
<INIT seed="1,2,0,3,5,30" ten="244,436,105,215" oya="1" hai0="33,112,93,36,70,120,94,5,87,10,75,129,19" hai1="28,20,123,90,63,78,83,79,103,2,49,55,65" hai2="88,71,51,35,68,89,62,85,7,95,73,53,108" hai3="42,69,76,97,117,25,26,6,11,54,45,8,32"/><U48/><E123/><V47/><F73/><W100/><G117/><T128/><D75/><U125/><E2/><V64/><F108/><W34/><G69/><T59/><D70/><U130/><E103/><V74/><F74/><W44/><G76/><T14/><D36/><U106/><E106/><V38/><F71/><W56/><G26/><T27/><D112/><U127/><E130/><N who="0" m="50281" /><D120/><U37/><E37/><V133/><F133/><W101/><G25/><T77/><D59/><N who="1" m="37119" /><E28/><V13/><F38/><W115/><G115/><T91/><D77/><N who="1" m="29195" /><E20/><V86/><F35/><W114/><G114/><T31/><D94/><U16/><E16/><AGARI ba="2,0" hai="5,10,14,16,19,27,31,33,87,91,93" m="50281" machi="16" ten="30,3900,0" yaku="19,1,52,1,54,1" doraHai="30" who="0" fromWho="1" sc="244,45,436,-45,105,0,215,0" />
</Scene>
<Scene>
<INIT seed="2,0,0,5,1,110" ten="289,391,105,215" oya="2" hai0="26,54,13,42,99,128,115,84,16,67,25,129,65" hai1="55,134,123,89,101,92,6,86,135,20,109,79,0" hai2="74,120,121,18,114,66,132,1,118,61,35,37,33" hai3="52,3,111,47,85,23,112,125,103,82,117,122,7"/><V72/><F18/><W17/><G117/><T87/><D42/><U30/><E109/><V10/><F118/><W29/><G111/><T8/><D99/><U41/><E123/><N who="2" m="47179" /><F37/><W51/><G122/><T2/><D115/><U98/><E41/><V60/><F60/><W93/><G112/><T59/><D2/><U4/><E79/><V48/><F48/><W106/><G106/><T94/><D129/><U5/><E0/><V56/><F114/><W131/><G29/><T75/><D75/><N who="2" m="28714" /><F132/><W81/><G131/><T108/><D108/><U126/><E55/><V104/><F104/><W32/><G17/><T36/><D36/><U124/><E20/><V11/><F11/><W71/><G23/><T44/><D44/><U43/><E43/><V63/><F63/><W45/><G47/><T105/><D105/><U90/><E30/><V76/><F76/><W19/><G19/><T9/><D9/><U116/><E116/><V68/><F56/><W102/><G45/><T28/><D128/><U53/><E53/><V73/><N who="2" m="28722" /><V127/><DORA hai="113" /><F127/><N who="1" m="48681" /><E90/><V64/><F64/><N who="0" m="24650" /><D28/><U107/><AGARI ba="0,0" hai="4,5,6,86,89,92,98,101,107,134,135" m="48681" machi="107" ten="40,1500,0" yaku="18,1" doraHai="110,113" who="1" fromWho="1" sc="289,-4,391,15,105,-7,215,-4" />
</Scene>
<Scene>
<INIT seed="3,0,0,4,1,130" ten="285,406,98,211" oya="3" hai0="93,82,4,109,79,21,11,88,123,107,122,15,121" hai1="0,133,3,12,112,54,53,113,24,25,51,16,114" hai2="10,37,30,66,125,18,134,22,69,26,71,87,96" hai3="23,29,91,59,13,1,55,78,104,86,111,27,52"/><W73/><G1/><T14/><D107/><U42/><E42/><V9/><F37/><W97/><G111/><T50/><D109/><U35/><E54/><V77/><F125/><W115/><G115/><T39/><D39/><U63/><E63/><V128/><F128/><W70/><G70/><T103/><D103/><U110/><E110/><V135/><F96/><W94/><G73/><T74/><D50/><U120/><E120/><V41/><F41/><W67/><G104/><T44/><D44/><U48/><E48/><V116/><F116/><W36/><G36/><T90/><D93/><U101/><E101/><V5/><F10/><W45/><G45/><T20/><REACH who="0" step="1"/><D14/><REACH who="0" ten="275,406,98,211" step="2"/><U131/><E131/><V117/><F117/><W34/><G13/><T126/><D126/><U28/><E0/><N who="2" m="167" /><F66/><W6/><G67/><T43/><D43/><U64/><E64/><V89/><F77/><W8/><G78/><T81/><D81/><U65/><E65/><V99/><F99/><W98/><G98/><T92/><D92/><U31/><E113/><V62/><F62/><W56/><G97/><T68/><D68/><U108/><E112/><V129/><F129/><W46/><G55/><T7/><D7/><U85/><E108/><V49/><F49/><N who="3" m="28727" /><G6/><T83/><D83/><U60/><E114/><V61/><F61/><W127/><G127/><T76/><D76/><U47/><E60/><V80/><F69/><W32/><G8/><T105/><D105/><U57/><E51/><V2/><F71/><W38/><G38/><T72/><D72/><U17/><E53/><V106/><F106/><RYUUKYOKU ba="0,1" sc="275,15,406,-15,98,-15,211,15" hai0="4,11,15,20,21,74,79,82,88,90,121,122,123" hai3="23,27,29,32,34,56,59,86,91,94" />
</Scene>
<Scene>
<INIT seed="3,1,1,1,5,2" ten="290,391,83,226" oya="3" hai0="34,4,111,5,100,18,23,58,93,72,71,68,9" hai1="125,43,120,115,62,45,3,135,86,25,77,119,26" hai2="101,28,16,7,78,76,113,17,103,91,13,80,112" hai3="36,121,83,82,116,81,84,47,109,50,130,48,122"/><W63/><G116/><T66/><D72/><U46/><E120/><V54/><F28/><W30/><G130/><T75/><D75/><U53/><E115/><V55/><F113/><W0/><G36/><T15/><D34/><U95/><E3/><V61/><F112/><W99/><G109/><T126/><D111/><U74/><E74/><V41/><F41/><W44/><G84/><T51/><D126/><U6/><E6/><V67/><F91/><W70/><G0/><T22/><D71/><U35/><E62/><V131/><F131/><W134/><G134/><T133/><D68/><U38/><E53/><V1/><F1/><W65/><G30/><T32/><D32/><U102/><E46/><V127/><F127/><W129/><G129/><T118/><D133/><U114/><E135/><V73/><F78/><W39/><G39/><T52/><D66/><U79/><E125/><V97/><F7/><N who="0" m="2634" /><D118/><U106/><E35/><V85/><F73/><W11/><G11/><T59/><D59/><U57/><E57/><N who="2" m="37295" /><F17/><W27/><G121/><T8/><D8/><U69/><E69/><V40/><F40/><W124/><G122/><T33/><D33/><U14/><E119/><V88/><F76/><N who="1" m="29257" /><E114/><V89/><F55/><N who="3" m="30087" /><G124/><T87/><D87/><U37/><E37/><V49/><F97/><AGARI ba="1,1" hai="9,15,18,22,23,51,52,58,93,97,100" m="2634" machi="97" ten="30,8000,1" yaku="8,1,52,3,54,1" doraHai="2" who="0" fromWho="2" sc="290,93,391,0,83,-83,226,0" />
</Scene>
<Scene>
<INIT seed="4,0,0,5,4,36" ten="383,391,0,226" oya="0" hai0="118,130,80,94,44,4,129,84,128,39,116,97,131" hai1="112,134,53,114,34,56,25,1,24,54,43,111,41" hai2="29,95,20,48,74,0,3,106,126,73,63,50,123" hai3="67,132,14,59,96,26,61,69,85,88,92,9,86"/><T64/><D4/><U17/><E111/><V76/><F123/><W38/><G132/><T91/><D64/><U115/><E1/><V15/><F106/><W117/><G117/><T70/><D70/><U49/><E134/><V71/><F126/><W18/><G38/><T107/><D131/><U82/><E82/><V5/><F0/><W28/><G69/><T57/><D57/><N who="1" m="32943" /><E17/><V103/><F3/><W33/><AGARI ba="0,0" hai="9,14,18,26,28,33,59,61,67,85,86,88,92,96" machi="33" ten="20,2700,0" yaku="0,1,7,1,54,1" doraHai="36" who="3" fromWho="3" sc="383,-13,391,-7,0,-7,226,27" owari="370,17.0,384,49.0,-7,-51.0,253,-15.0" />
</Scene>
</mjloggm>