<mjloggm ver="2.3"><GO type="169"/><UN n0="%41%53%41%50%49%4E" n1="%50%6F%6E%74%61" n2="%E3%83%9E%E3%82%AF%E3%83%AD%E3%83%99%E3%83%BC%E3%82%BF" n3="%E3%83%B4%E3%81%81%E3%81%AB%E3%82%89%E3%81%82%E3%81%84%E3%81%99" dan="18,16,16,16" rate="2238,2092,2070,2026" sx="M,M,M,M"/><TAIKYOKU oya="0"/>

<Scene>
<INIT seed="0,0,0,0,0,10" ten="250,250,250,250" oya="0" hai0="98,3,105,134,128,52,64,12,59,80,85,1,29" hai1="96,49,40,72,30,26,99,129,27,75,91,97,67" hai2="31,57,101,89,132,22,39,93,63,65,7,62,117" hai3="113,108,55,73,95,0,32,6,18,46,45,87,66"/><T14/><D64/><U133/><E129/><V2/><F39/><W122/><G113/><T107/><D29/><U8/><E133/><V25/><F132/><W76/><G122/><T104/><D134/><U21/><E67/><V53/><F117/><W115/><G115/><T106/><D128/><U19/><E91/><V69/><F101/><W121/><G32/><T60/><D98/><U83/><E83/><V5/><REACH who="2" step="1"/><F2/><REACH who="2" ten="250,250,240,250" step="2"/><W61/><G0/><T112/><D112/><U16/><E72/><V35/><F35/><W50/><G73/><T54/><D105/><U71/><E75/><V51/><F51/><W126/><G121/><T111/><D111/><U48/><E49/><V68/><F68/><W41/><G108/><T34/><D34/><U120/><E71/><V127/><F127/><W38/><G126/><T23/><D3/><U13/><E120/><V114/><F114/><W70/><G70/><T119/><D1/><U4/><E27/><V47/><F47/><AGARI ba="0,1" hai="4,8,13,16,19,21,26,30,40,47,48,96,97,99" machi="47" ten="40,5200,0" yaku="8,1,52,1,54,1" doraHai="10" who="1" fromWho="2" sc="250,0,250,62,240,-52,250,0" />
</Scene>
<Scene>
<INIT seed="1,0,0,1,2,59" ten="250,312,188,250" oya="1" hai0="1,57,101,113,12,124,79,121,63,42,20,104,117" hai1="45,76,106,26,71,27,35,129,47,14,103,100,110" hai2="86,22,61,5,72,123,0,11,98,130,69,96,13" hai3="97,74,65,62,46,102,8,91,132,9,38,52,119"/><U99/><E129/><V51/><F123/><W56/><G74/><T24/><D113/><U84/><E103/><V77/><F130/><W134/><G119/><T30/><D1/><U92/><E110/><V105/><F72/><W29/><G91/><T133/><D117/><U114/><E114/><V58/><F105/><W125/><G125/><T90/><D121/><U95/><E95/><V111/><F111/><W44/><G29/><T81/><D124/><U93/><E93/><V49/><F69/><W6/><G38/><T87/><D133/><N who="3" m="51305" /><G65/><T66/><D42/><U127/><E127/><V4/><F22/><W53/><G53/><T126/><D126/><U40/><E71/><V60/><F0/><N who="3" m="71" /><G9/><T68/><D12/><U32/><E32/><V41/><F41/><W108/><G108/><T70/><REACH who="0" step="1"/><D90/><REACH who="0" ten="240,312,188,250" step="2"/><N who="1" m="53319" /><E14/><V94/><F13/><W18/><G18/><T50/><D50/><U10/><E40/><V3/><F3/><W19/><G19/><T55/><D55/><U107/><E27/><V109/><F109/><W25/><G25/><T116/><D116/><U85/><E26/><V37/><F5/><W17/><G17/><T82/><D82/><U73/><E100/><V88/><F4/><W118/><G118/><T2/><D2/><U23/><E99/><AGARI ba="0,1" hai="20,24,30,57,63,66,68,70,79,81,87,99,101,104" machi="99" ten="40,2600,0" yaku="1,1,52,1,53,0" doraHai="59" doraHaiUra="122" who="0" fromWho="1" sc="240,36,312,-26,188,0,250,0" />
</Scene>
<Scene>
<INIT seed="2,0,0,1,1,15" ten="276,286,188,250" oya="2" hai0="29,59,4,37,116,112,65,81,99,95,44,58,104" hai1="88,89,62,50,103,33,107,90,22,114,46,70,52" hai2="74,98,5,110,80,109,87,11,118,49,96,129,2" hai3="68,113,36,132,130,45,76,3,16,69,85,8,21"/><V35/><F118/><W43/><G132/><T47/><D112/><U54/><E33/><V101/><F35/><W34/><G130/><T13/><D104/><U97/><E114/><V20/><F129/><W31/><G113/><T78/><D116/><U122/><E122/><V18/><F74/><W63/><G34/><T75/><D29/><U82/><E22/><V56/><F56/><W42/><G42/><T91/><D37/><U128/><E128/><V12/><F49/><W51/><G51/><T131/><D131/><U100/><E100/><V14/><F2/><W121/><G121/><T93/><D58/><U92/><E82/><V124/><F124/><W71/><G31/><T19/><D4/><U0/><E0/><V83/><F83/><W111/><G111/><N who="2" m="42505" /><F101/><W67/><G3/><T9/><REACH who="0" step="1"/><D95/><REACH who="0" ten="266,286,188,250" step="2"/><U24/><E107/><V38/><F38/><W123/><G123/><T66/><D66/><U120/><E120/><V39/><F39/><W125/><G125/><T134/><D134/><U26/><E70/><V73/><F73/><W27/><G69/><T61/><AGARI ba="0,1" hai="9,13,19,44,47,59,61,65,75,78,81,91,93,99" machi="61" ten="30,7900,0" yaku="1,1,0,1,52,1,53,1" doraHai="15" doraHaiUra="57" who="0" fromWho="0" sc="266,89,286,-20,188,-39,250,-20" />
</Scene>
<Scene>
<INIT seed="3,0,0,4,5,125" ten="355,266,149,230" oya="3" hai0="75,90,107,31,45,130,12,8,132,4,72,134,71" hai1="9,109,91,59,129,60,65,84,63,135,89,113,118" hai2="121,34,28,39,16,111,133,105,57,52,82,41,81" hai3="68,70,1,97,53,24,76,110,131,112,46,94,15"/><W80/><G112/><T124/><D71/><U93/><E113/><V103/><F111/><W66/><G1/><T73/><D124/><U3/><E109/><V27/><F133/><N who="0" m="51306" /><D107/><U14/><E135/><V92/><F105/><W106/><G110/><T83/><D31/><U47/><E3/><V96/><F121/><W120/><G106/><T0/><D45/><U67/><E118/><V85/><F41/><W56/><G120/><T115/><D115/><U69/><E47/><V2/><F2/><W117/><G117/><T40/><D40/><U19/><REACH who="1" step="1"/><E91/><REACH who="1" ten="355,256,149,230" step="2"/><V11/><F39/><W51/><G46/><T38/><D0/><U48/><E48/><V30/><F30/><W54/><G51/><T101/><D38/><U17/><E17/><V35/><F35/><W10/><G76/><T95/><D90/><U126/><E126/><V116/><F116/><W20/><G68/><T78/><D4/><U98/><E98/><V6/><F16/><W29/><G70/><T127/><D127/><U49/><E49/><V62/><F6/><W18/><G97/><N who="0" m="59583" /><D78/><U13/><E13/><V74/><F34/><W32/><G32/><T26/><D12/><U100/><E100/><V5/><F5/><W36/><G15/><T33/><D33/><U87/><E87/><V119/><F85/><W77/><G36/><T58/><D72/><U50/><E50/><V99/><F74/><W128/><G77/><T86/><D73/><U61/><E61/><V123/><F103/><W102/><G18/><T55/><D75/><U25/><E25/><V7/><F119/><W23/><G102/><RYUUKYOKU ba="0,1" sc="355,-10,256,30,149,-10,230,-10" hai1="9,14,19,59,60,63,65,67,69,84,89,93,129" />
</Scene>
<Scene>
<INIT seed="4,1,1,1,1,3" ten="345,286,139,220" oya="0" hai0="46,123,110,106,85,51,129,134,18,1,30,79,48" hai1="36,82,99,67,55,37,58,133,23,38,53,0,5" hai2="112,80,72,117,127,113,104,102,6,42,126,132,66" hai3="19,47,120,32,77,88,95,124,2,103,105,122,12"/><T28/><D123/><N who="3" m="47145" /><G124/><N who="2" m="47657" /><F132/><W128/><G32/><T109/><D106/><U24/><E133/><V116/><F66/><W61/><G128/><T52/><D134/><U39/><E39/><V26/><F42/><W69/><G2/><T35/><D129/><U119/><E119/><N who="2" m="45643" /><F26/><W68/><G77/><T71/><D71/><U131/><E131/><V59/><F59/><W45/><G103/><T81/><D1/><U27/><E27/><V9/><F102/><W135/><G105/><T96/><D96/><U63/><E99/><V31/><F31/><W33/><G33/><T75/><D35/><U54/><E0/><N who="2" m="199" /><F104/><W62/><G135/><T11/><D30/><U83/><E83/><V86/><F72/><W100/><G100/><T114/><D28/><U111/><E82/><V57/><F57/><W107/><G107/><T78/><D81/><U70/><E70/><N who="3" m="27242" /><G62/><T84/><D75/><U90/><E90/><AGARI ba="1,1" hai="80,86,90,112,113" m="199,45643,47657" machi="90" ten="30,3900,0" yaku="18,1,12,1,52,1" doraHai="3" who="2" fromWho="1" sc="345,0,286,-42,139,52,220,0" />
</Scene>
<Scene>
<INIT seed="5,0,0,4,0,94" ten="345,244,191,220" oya="1" hai0="100,84,16,113,3,80,74,17,11,27,101,49,95" hai1="59,88,71,70,32,96,119,39,79,22,43,77,25" hai2="126,34,116,132,104,57,72,37,76,18,89,134,68" hai3="128,10,44,62,60,4,31,46,58,122,51,30,121"/><U38/><E119/><V40/><F116/><W86/><G128/><T110/><D110/><U28/><E59/><V41/><F68/><W0/><G121/><T114/><D74/><U45/><E39/><V8/><F34/><W83/><G122/><T19/><D27/><U131/><E131/><V106/><F126/><W133/><G133/><N who="2" m="51305" /><F76/><W52/><G46/><T97/><D100/><U112/><E112/><N who="0" m="43113" /><D49/><U29/><E77/><V117/><F72/><W61/><REACH who="3" step="1"/><G58/><REACH who="3" ten="345,244,191,210" step="2"/><T102/><D11/><U7/><E71/><V73/><F57/><W111/><G111/><T6/><D3/><U9/><E70/><V56/><F56/><W35/><G35/><T92/><D6/><U125/><E32/><V109/><F109/><W91/><AGARI ba="0,1" hai="0,4,10,30,31,44,51,52,60,61,62,83,86,91" machi="91" ten="30,4000,0" yaku="1,1,0,1,54,1,53,0" doraHai="94" doraHaiUra="93" who="3" fromWho="3" sc="345,-10,244,-20,191,-10,210,50" />
</Scene>
<Scene>
<INIT seed="6,0,0,5,3,43" ten="335,224,181,260" oya="2" hai0="104,62,129,125,41,28,86,88,80,95,67,97,124" hai1="118,96,31,103,87,115,40,59,93,60,130,54,119" hai2="15,84,106,94,57,75,14,56,16,46,20,52,73" hai3="76,90,26,99,32,85,74,89,112,12,11,109,8"/><V42/><F106/><W72/><G109/><T50/><D129/><U36/><E130/><V110/><F110/><W65/><G65/><T113/><D113/><U107/><E115/><V68/><F68/><W21/><G112/><T133/><D133/><U132/><E132/><V79/><F75/><W127/><G127/><N who="0" m="48715" /><D104/><U116/><E31/><V0/><F0/><W114/><G32/><T25/><D50/><U53/><E107/><V91/><F79/><W23/><G74/><T55/><D55/><U70/><E70/><V131/><F73/><W17/><G72/><T45/><D45/><U39/><E40/><V135/><F135/><W77/><G114/><T100/><D41/><U123/><E123/><V44/><F131/><W38/><G38/><T27/><D28/><U82/><REACH who="1" step="1"/><E54/><REACH who="1" ten="335,214,181,260" step="2"/><V4/><F42/><W37/><G37/><T120/><D120/><U24/><E24/><V66/><F66/><W58/><G26/><T51/><D51/><U30/><E30/><V105/><F105/><W69/><G69/><AGARI ba="0,1" hai="25,27,62,67,69,80,86,88,95,97,100" m="48715" machi="69" ten="30,2000,0" yaku="18,1,54,1" doraHai="43" who="0" fromWho="3" sc="335,30,214,0,181,0,260,-20" />
</Scene>
<Scene>
<INIT seed="7,0,0,0,3,49" ten="365,214,181,240" oya="3" hai0="43,78,34,55,109,40,25,36,97,46,63,122,66" hai1="84,44,125,37,22,114,116,64,12,126,61,106,107" hai2="19,72,70,16,74,92,101,13,24,67,35,83,93" hai3="62,94,119,132,17,28,81,2,123,68,47,124,76"/><W113/><G123/><T91/><D109/><U112/><E116/><V8/><F70/><W73/><G119/><T79/><D122/><U30/><E84/><V131/><F131/><W90/><G2/><T100/><D91/><U41/><E30/><V108/><F108/><W95/><G124/><N who="1" m="47722" /><E22/><V85/><F67/><W87/><G132/><T104/><D43/><U15/><E15/><V52/><F74/><W117/><G113/><N who="1" m="43626" /><E12/><N who="2" m="7175" /><F72/><W20/><G117/><T110/><D55/><U54/><E54/><V121/><F121/><W69/><G28/><N who="0" m="19727" /><D110/><U88/><E88/><N who="2" m="51263" /><F101/><W111/><G111/><T82/><D82/><U71/><AGARI ba="0,0" hai="37,41,44,61,64,71,106,107" m="43626,47722" machi="71" ten="30,4000,0" yaku="18,1,15,1,23,1" doraHai="49" who="1" fromWho="1" sc="365,-10,214,40,181,-10,240,-20" owari="355,46.0,254,5.0,171,-33.0,220,-18.0" />
</Scene>
</mjloggm>