<mjloggm ver="2.3"><GO type="169" lobby="0"/><UN n0="%63%68%61%72%68%69%6D%65" n1="%41%53%41%50%49%4E" n2="%E3%81%A4%E3%81%B0%E3%81%8D%E3%81%A1%30%33" n3="%E6%82%A0%E9%9B%85" dan="16,18,17,16" rate="2055.10,2221.56,2191.80,2072.84" sx="F,M,M,M"/><TAIKYOKU oya="0"/>

<Scene>
<INIT seed="0,0,0,0,0,81" ten="250,250,250,250" oya="0" hai0="85,14,80,77,83,111,132,20,113,100,22,35,88" hai1="106,129,124,123,47,110,3,95,50,32,7,1,55" hai2="63,11,92,6,29,107,125,48,25,53,70,56,96" hai3="66,79,2,74,34,101,118,119,18,62,87,121,64"/><T52/><D113/><U93/><E123/><V116/><F125/><W38/><G34/><T60/><D35/><U46/><E106/><V122/><F122/><W33/><G33/><T103/><D132/><U76/><E124/><V69/><F116/><W126/><G2/><T134/><D134/><U42/><E110/><V15/><F107/><W94/><G66/><T133/><D133/><U115/><E115/><V127/><F127/><W31/><G38/><T21/><D14/><U37/><E129/><V105/><F105/><W59/><G31/><T131/><D131/><U36/><E32/><V0/><F0/><W109/><G109/><T120/><D120/><U102/><E102/><V68/><F25/><W49/><G126/><T19/><D19/><U27/><E3/><V112/><F29/><W67/><G74/><T57/><REACH who="0" step="1"/><D111/><REACH who="0" ten="240,250,250,250" step="2"/><U91/><E1/><V75/><F112/><W40/><G121/><T104/><D104/><U9/><E27/><V44/><F15/><W8/><G18/><T99/><D99/><U39/><E7/><V84/><F96/><W24/><G24/><T5/><D5/><U86/><E9/><V117/><F11/><W82/><G8/><T54/><D54/><U12/><E12/><V114/><F6/><W45/><G64/><T135/><D135/><U4/><E4/><V23/><F114/><W108/><G108/><T10/><D10/><U17/><E17/><V16/><F16/><W61/><G119/><T71/><D71/><U65/><E65/><N who="2" m="39143" /><F117/><W51/><G118/><T41/><D41/><U30/><E42/><V130/><F130/><RYUUKYOKU ba="0,1" sc="240,30,250,-10,250,-10,250,-10" hai0="20,21,22,52,57,60,77,80,83,85,88,100,103" />
</Scene>
<Scene>
<INIT seed="0,1,1,1,2,73" ten="270,240,240,240" oya="0" hai0="59,38,118,32,48,91,122,39,92,28,120,129,67" hai1="99,62,20,76,87,14,23,70,22,58,117,94,19" hai2="12,37,15,0,75,111,135,69,77,5,63,79,116" hai3="133,112,64,115,95,10,1,60,65,44,78,124,16"/><T43/><D118/><U108/><E117/><V134/><F116/><W126/><G65/><T8/><D129/><U86/><E70/><V109/><F75/><W123/><G133/><N who="2" m="50697" /><F37/><W24/><G123/><T119/><D119/><U82/><E87/><V121/><F121/><W35/><G44/><T4/><D122/><U56/><E108/><N who="2" m="41547" /><F0/><W68/><G95/><T17/><D39/><U11/><REACH who="1" step="1"/><E62/><REACH who="1" ten="270,230,240,240" step="2"/><V6/><F63/><W125/><G115/><T7/><D120/><U36/><E36/><V45/><F69/><W103/><G112/><T47/><D38/><U101/><AGARI ba="1,2" hai="11,14,19,20,22,23,56,58,76,82,86,94,99,101" machi="101" ten="30,8000,1" yaku="1,1,0,1,8,1,52,1,53,1" doraHai="73" doraHaiUra="13" who="1" fromWho="1" sc="270,-41,230,103,240,-21,240,-21" />
</Scene>
<Scene>
<INIT seed="1,0,0,3,2,74" ten="229,333,219,219" oya="1" hai0="117,25,34,118,93,115,23,53,50,26,72,21,49" hai1="55,86,2,88,29,44,126,97,38,90,52,81,31" hai2="96,5,39,4,110,71,56,109,63,83,9,11,102" hai3="127,42,22,54,36,87,95,64,130,89,106,7,41"/><U14/><E2/><V131/><F39/><W30/><G106/><T12/><D115/><U125/><E38/><V98/><F71/><W100/><G100/><T65/><D65/><U51/><E55/><V119/><F83/><W84/><G64/><T60/><D34/><U45/><E45/><V19/><F19/><W47/><G42/><T27/><D12/><U13/><E13/><V99/><F102/><W132/><G7/><N who="2" m="2633" /><F119/><W62/><G127/><N who="1" m="48650" /><E14/><V123/><F123/><W79/><G62/><T76/><D118/><U105/><E105/><V129/><F56/><W124/><G124/><T108/><D117/><U46/><E46/><V78/><F78/><W116/><G116/><T3/><D3/><U75/><E75/><V40/><F40/><W37/><G37/><T48/><D72/><U92/><AGARI ba="0,0" hai="29,31,44,51,52,81,86,88,90,92,97" m="48650" machi="92" ten="30,6000,0" yaku="18,1,54,2" doraHai="74" who="1" fromWho="1" sc="229,-20,333,60,219,-20,219,-20" />
</Scene>
<Scene>
<INIT seed="1,1,0,4,3,17" ten="209,393,199,199" oya="1" hai0="20,69,53,87,76,60,22,47,0,82,121,126,52" hai1="103,62,19,48,45,56,67,51,50,38,7,13,75" hai2="123,11,66,116,12,113,3,18,94,120,134,128,95" hai3="9,68,61,42,70,5,84,16,127,135,105,91,33"/><U58/><E75/><V78/><F116/><W23/><G33/><T28/><D0/><U114/><E114/><V97/><F128/><W98/><G135/><T79/><D126/><U86/><E7/><V100/><F134/><W43/><G127/><T109/><D109/><U122/><E122/><V26/><F3/><W119/><G119/><T64/><D121/><U117/><E117/><V39/><F39/><W34/><G34/><T90/><D28/><U106/><E106/><V80/><F66/><W32/><G32/><T10/><D10/><U55/><E103/><V104/><F113/><W124/><G124/><T83/><D90/><U44/><E38/><V111/><F111/><W88/><G91/><T72/><D53/><U118/><E118/><V96/><F104/><W14/><G70/><T65/><REACH who="0" step="1"/><D64/><REACH who="0" ten="199,393,199,199" step="2"/><U108/><E108/><V101/><REACH who="2" step="1"/><F26/><REACH who="2" ten="199,393,189,199" step="2"/><W132/><G132/><T30/><D30/><U130/><E130/><V125/><F125/><W59/><G43/><T31/><D31/><U35/><E67/><V6/><F6/><W71/><G42/><T24/><D24/><U74/><E55/><V99/><F99/><W8/><G98/><T25/><D25/><U131/><E131/><V49/><F49/><AGARI ba="1,2" hai="20,22,47,49,52,60,65,69,72,76,79,82,83,87" machi="49" ten="40,8000,1" yaku="1,1,52,2,54,1,53,0" doraHai="17" doraHaiUra="27" who="0" fromWho="2" sc="199,103,393,0,189,-83,199,0" />
</Scene>
<Scene>
<INIT seed="2,0,0,3,5,126" ten="302,393,106,199" oya="2" hai0="54,87,68,92,113,16,38,69,85,89,131,2,79" hai1="36,88,9,8,67,22,105,109,18,61,64,125,20" hai2="99,63,19,103,98,102,27,115,59,135,120,96,48" hai3="97,49,128,81,17,78,62,53,25,82,130,37,94"/><V14/><F120/><W43/><G37/><T11/><D113/><U34/><E34/><V28/><F115/><W75/><G43/><T111/><D38/><U56/><E105/><V83/><F135/><W31/><G62/><T76/><D111/><U127/><E36/><V119/><F119/><W47/><G17/><T100/><D100/><U23/><E109/><V30/><F83/><W84/><G81/><T10/><D2/><U110/><E110/><V122/><F48/><W13/><G13/><T106/><D106/><U57/><E18/><V42/><F42/><W95/><G75/><T70/><D54/><U91/><E22/><N who="2" m="15479" /><F30/><W72/><G72/><T108/><D108/><U15/><E15/><V0/><F122/><W118/><G118/><T117/><D117/><U4/><REACH who="1" step="1"/><E61/><REACH who="1" ten="302,383,106,199" step="2"/><V39/><F39/><W74/><G74/><T40/><D16/><U77/><E77/><V52/><F0/><W51/><G51/><T104/><D104/><U93/><E93/><V112/><F112/><W44/><G44/><T66/><D76/><U124/><E124/><V65/><F65/><W3/><G3/><T73/><D92/><U41/><E41/><V29/><F29/><W12/><G12/><T50/><D79/><U129/><E129/><N who="3" m="49770" /><G97/><T133/><D131/><U121/><E121/><V101/><F98/><W60/><G60/><T1/><D1/><U5/><AGARI ba="0,1" hai="4,5,8,9,20,23,56,57,64,67,88,91,125,127" machi="5" ten="25,8000,1" yaku="1,1,0,1,22,2,54,1,53,0" doraHai="126" doraHaiUra="123" who="1" fromWho="1" sc="302,-20,383,90,106,-40,199,-20" />
</Scene>
<Scene>
<INIT seed="3,0,0,0,0,117" ten="282,473,66,179" oya="3" hai0="10,134,8,51,129,68,18,37,26,28,122,34,49" hai1="57,102,113,111,62,132,43,5,20,55,135,103,41" hai2="84,90,1,88,58,44,91,66,14,19,3,81,64" hai3="92,76,7,23,22,105,124,36,29,54,47,119,30"/><W118/><G105/><T27/><D37/><U125/><E113/><V79/><F44/><W85/><G124/><T78/><D68/><U69/><E125/><V109/><F109/><W98/><G119/><T13/><D78/><U40/><E111/><V108/><F108/><W25/><G118/><T127/><D127/><U11/><E20/><V4/><F4/><W46/><G7/><T74/><D74/><U0/><REACH who="1" step="1"/><E69/><REACH who="1" ten="282,463,66,179" step="2"/><V107/><F107/><W128/><G22/><T96/><D34/><U65/><E65/><V45/><F45/><W77/><G47/><T52/><D8/><U120/><E120/><V106/><F106/><W100/><G36/><T32/><D122/><U17/><E17/><V83/><F83/><W21/><G128/><T60/><D129/><U110/><E110/><V33/><F33/><W93/><G21/><T130/><D130/><U75/><E75/><V12/><F66/><W72/><G72/><T15/><D32/><U104/><E104/><V89/><N who="2" m="22528" /><DORA hai="114" /><V9/><REACH who="2" step="1"/><F14/><REACH who="2" ten="282,463,56,179" step="2"/><W42/><G46/><T95/><D15/><U94/><E94/><V115/><F115/><W67/><G67/><T63/><D13/><U71/><E71/><V133/><F133/><AGARI ba="0,2" hai="0,5,11,40,41,43,55,57,62,102,103,132,133,135" machi="133" ten="40,5200,0" yaku="1,1,20,1,53,1" doraHai="117,114" doraHaiUra="50,86" who="1" fromWho="2" sc="282,0,463,72,56,-52,179,0" />
</Scene>
<Scene>
<INIT seed="4,0,0,5,3,86" ten="282,535,4,179" oya="0" hai0="119,107,23,66,77,135,91,69,130,67,83,116,90" hai1="93,84,123,38,102,97,104,3,134,14,48,80,74" hai2="99,6,27,101,75,15,110,95,44,126,37,5,20" hai3="21,81,29,65,61,49,35,117,68,87,64,132,118"/><T92/><D107/><U47/><E123/><V59/><F126/><W12/><G132/><T25/><D135/><U111/><E3/><V40/><F110/><W122/><G122/><T53/><D130/><U112/><E134/><V98/><F75/><W33/><G64/><T109/><D109/><U129/><E111/><V85/><F85/><W55/><G33/><T121/><D121/><U70/><E70/><V32/><F32/><W22/><G22/><T128/><D128/><U58/><E129/><V133/><F133/><W17/><G29/><T4/><D4/><U51/><E112/><V10/><F59/><W45/><G35/><T57/><D116/><U115/><E115/><V54/><F54/><W31/><REACH who="3" step="1"/><G31/><REACH who="3" ten="282,535,4,169" step="2"/><N who="0" m="17855" /><D119/><U41/><E74/><V96/><F6/><W9/><G9/><T7/><D67/><U88/><E14/><V26/><F26/><W76/><AGARI ba="0,1" hai="12,17,21,45,49,55,61,65,68,76,81,87,117,118" machi="76" ten="20,2700,0" yaku="1,1,0,1,7,1,53,0" doraHai="86" doraHaiUra="1" who="3" fromWho="3" sc="282,-13,535,-7,4,-7,169,37" owari="269,7.0,528,62.0,-3,-50.0,206,-19.0" />
</Scene>
</mjloggm>