<mjloggm ver="2.3"><GO type="169"/><UN n0="%23%37%34%E5%A4%A7%E6%B2%BB%E9%83%8E" n1="%E6%B3%95%E5%BE%8B%E5%8B%89%E5%BC%B7%E4%B8%AD" n2="%E3%83%97%E3%83%AD%E3%82%B8%E3%83%A3%E3%83%B3%E6%B0%8F" n3="%41%53%41%50%49%4E" dan="16,18,18,18" rate="2138,2196,2225,2250" sx="M,M,M,M"/><TAIKYOKU oya="0"/>

<Scene>
<INIT seed="0,0,0,5,4,53" ten="250,250,250,250" oya="0" hai0="22,13,85,43,11,55,44,106,8,108,23,54,41" hai1="127,110,25,50,64,18,76,86,97,111,126,12,3" hai2="36,7,10,117,103,24,89,5,20,128,38,124,125" hai3="30,37,131,72,32,92,81,33,19,74,0,109,96"/><T58/><D106/><U122/><E122/><V119/><F128/><W98/><G37/><N who="2" m="14441" /><F103/><W21/><G0/><T48/><D108/><N who="1" m="41515" /><E97/><V9/><F89/><W73/><G131/><T4/><D85/><U112/><E50/><V46/><F46/><W80/><G109/><T132/><D132/><U135/><E64/><V51/><F51/><W102/><G30/><T16/><D11/><N who="2" m="4106" /><F20/><N who="0" m="7722" /><D4/><N who="2" m="1610" /><F24/><W75/><G96/><T121/><D121/><U123/><E25/><V71/><F71/><W45/><G45/><T28/><D28/><U29/><E29/><V94/><F94/><W47/><G47/><T60/><AGARI ba="0,0" hai="8,13,16,41,43,44,48,54,55,58,60" m="7722" machi="60" ten="30,6000,0" yaku="8,1,52,1,54,1" doraHai="53" who="0" fromWho="0" sc="250,60,250,-20,250,-20,250,-20" />
</Scene>
<Scene>
<INIT seed="0,1,0,2,2,130" ten="310,230,230,230" oya="0" hai0="10,132,17,32,128,14,124,69,122,41,68,127,57" hai1="96,48,107,66,13,126,33,9,123,28,15,78,53" hai2="79,84,75,12,56,82,24,25,63,90,3,39,100" hai3="83,59,135,45,50,95,0,111,55,133,2,37,91"/><T67/><D32/><U26/><E123/><V73/><F39/><W35/><G35/><T114/><D122/><U18/><E126/><N who="0" m="48169" /><D114/><U115/><E115/><V19/><F3/><W21/><G111/><T116/><D116/><U108/><E108/><V102/><F75/><W65/><G83/><T97/><D128/><U119/><E119/><V43/><F43/><W62/><G37/><T71/><D41/><U64/><E78/><V89/><F73/><W113/><G21/><T20/><D97/><U117/><E117/><V74/><F74/><W105/><G105/><T54/><D10/><U93/><E15/><V76/><F90/><W72/><G72/><T4/><D4/><U30/><E30/><V131/><F131/><W86/><G113/><T85/><D85/><U60/><E60/><V125/><F125/><W42/><G42/><T81/><D81/><U31/><E31/><V109/><F109/><W52/><G65/><T88/><D88/><U70/><E107/><V27/><F79/><W29/><G29/><T40/><D40/><U101/><REACH who="1" step="1"/><E70/><REACH who="1" ten="310,220,230,230" step="2"/><V6/><F76/><W36/><REACH who="3" step="1"/><G36/><REACH who="3" ten="310,220,230,220" step="2"/><T46/><D71/><U121/><E121/><V23/><REACH who="2" step="1"/><F6/><REACH who="2" ten="310,220,220,220" step="2"/><W98/><G98/><T134/><D69/><U94/><E94/><V118/><F118/><W129/><G129/><T11/><D68/><U120/><E120/><V7/><F7/><W61/><G61/><N who="0" m="38319" /><D11/><U16/><E16/><V112/><F112/><W110/><G110/><T106/><D106/><U80/><E80/><V51/><F51/><AGARI ba="1,3" hai="14,17,20,46,51,54,132,134" m="38319,48169" machi="51" ten="30,5800,0" yaku="18,1,52,2" doraHai="130" who="0" fromWho="2" sc="310,91,220,0,220,-61,220,0" />
</Scene>
<Scene>
<INIT seed="0,2,0,5,2,116" ten="401,220,159,220" oya="0" hai0="135,78,66,96,89,93,0,41,51,84,81,48,95" hai1="38,1,58,85,22,114,31,104,16,54,86,76,60" hai2="117,10,40,23,69,24,53,35,111,118,70,107,19" hai3="126,77,4,106,50,129,26,79,123,108,30,133,130"/><T105/><D0/><U9/><E104/><V49/><F111/><W132/><G106/><T98/><D66/><U43/><E114/><V32/><F107/><W62/><G62/><T18/><D18/><U27/><E38/><V103/><F103/><W64/><G64/><T63/><D63/><U80/><E43/><V20/><F40/><W7/><G50/><T74/><D41/><U115/><E115/><V57/><F10/><W100/><G100/><N who="0" m="62615" /><D51/><U92/><E1/><V127/><F127/><W112/><G108/><T14/><D14/><U94/><E86/><V131/><F131/><N who="3" m="50187" /><G112/><T44/><D44/><U91/><E76/><N who="3" m="29258" /><G123/><T37/><D48/><U87/><E87/><V59/><F59/><W8/><G126/><T61/><D61/><U46/><E46/><V68/><REACH who="2" step="1"/><F20/><REACH who="2" ten="401,220,149,220" step="2"/><N who="3" m="15687" /><G8/><T125/><D125/><U45/><E45/><V2/><F2/><W6/><AGARI ba="2,1" hai="4,6,7,132,133" m="15687,29258,50187" machi="6" ten="40,1500,0" yaku="19,1" doraHai="116" who="3" fromWho="3" sc="401,-9,220,-6,149,-6,220,31" />
</Scene>
<Scene>
<INIT seed="1,0,0,2,1,82" ten="392,214,143,251" oya="1" hai0="32,116,39,49,135,87,128,8,64,29,127,121,88" hai1="130,92,118,79,30,24,19,132,85,20,75,119,114" hai2="100,2,93,44,122,66,42,111,51,58,71,36,113" hai3="69,46,13,96,97,11,54,15,56,16,57,94,83"/><U27/><E114/><V63/><F2/><W55/><G69/><T33/><D116/><U81/><E130/><V45/><F93/><W31/><G31/><T133/><D39/><U28/><E132/><N who="0" m="50761" /><D128/><U9/><E30/><V90/><F90/><W108/><G108/><T18/><D127/><U1/><E1/><V25/><F25/><W26/><G46/><N who="2" m="18025" /><F100/><W120/><G120/><T50/><D64/><U101/><E9/><V12/><F12/><N who="3" m="7199" /><G26/><N who="0" m="18487" /><D33/><U78/><E78/><V84/><F84/><W73/><G73/><T105/><D105/><U99/><REACH who="1" step="1"/><E75/><REACH who="1" ten="392,204,143,251" step="2"/><V3/><F3/><W52/><G96/><T61/><D121/><U131/><E131/><V104/><F113/><W5/><G97/><T59/><D8/><U103/><E103/><V62/><F122/><W74/><G74/><T77/><D77/><U95/><E95/><V86/><F111/><W124/><G94/><T123/><D123/><U41/><E41/><V115/><F104/><W35/><G124/><T34/><D34/><AGARI ba="0,1" hai="19,20,24,27,28,34,79,81,85,92,99,101,118,119" machi="34" ten="30,12000,1" yaku="1,1,7,1,52,1,53,2" doraHai="82" doraHaiUra="112" who="1" fromWho="0" sc="392,-120,204,130,143,0,251,0" />
</Scene>
<Scene>
<INIT seed="1,1,0,3,3,31" ten="272,334,143,251" oya="1" hai0="114,20,33,59,53,54,99,49,10,38,100,94,58" hai1="63,98,87,96,92,19,70,62,120,47,112,111,113" hai2="122,4,77,128,24,110,109,46,134,34,60,106,115" hai3="102,68,119,129,50,40,64,1,61,101,57,116,80"/><U36/><E120/><V3/><F106/><W88/><G1/><T12/><D33/><U81/><E111/><N who="2" m="42507" /><F60/><W73/><G129/><T22/><D38/><U103/><E113/><V2/><F77/><N who="3" m="44079" /><G88/><T35/><D35/><U104/><E112/><V65/><F65/><W29/><G29/><T82/><D82/><U71/><E63/><V90/><F90/><W56/><G40/><T15/><D114/><U107/><E62/><V95/><F95/><W126/><G126/><T133/><D133/><U125/><E125/><V9/><F46/><W17/><G17/><T86/><D86/><U48/><E19/><V13/><F115/><W52/><G68/><T91/><D91/><U55/><E36/><V23/><F134/><W11/><G11/><T121/><D121/><U67/><E67/><V132/><F132/><W127/><G127/><T14/><REACH who="0" step="1"/><D10/><REACH who="0" ten="262,334,143,251" step="2"/><U79/><REACH who="1" step="1"/><E107/><REACH who="1" ten="262,324,143,251" step="2"/><V37/><F122/><W75/><G64/><T39/><D39/><U85/><E85/><V45/><F37/><W69/><G75/><T97/><D97/><U43/><E43/><V44/><F128/><W18/><G69/><T5/><D5/><U30/><E30/><N who="2" m="19783" /><F2/><W76/><G52/><T21/><D21/><U28/><E28/><V117/><F117/><W26/><G119/><T6/><D6/><U41/><E41/><V130/><F130/><W123/><G116/><T27/><D27/><U124/><E124/><V74/><F74/><W78/><G26/><T108/><D108/><U32/><E32/><V7/><F7/><W16/><G123/><T131/><D131/><U51/><E51/><AGARI ba="1,2" hai="12,14,15,20,22,49,51,53,54,58,59,94,99,100" machi="51" ten="40,8000,1" yaku="1,1,6,1,9,1,8,1,53,0" doraHai="31" doraHaiUra="42" who="0" fromWho="1" sc="262,103,324,-83,143,0,251,0" />
</Scene>
<Scene>
<INIT seed="2,0,0,1,5,29" ten="365,241,143,251" oya="2" hai0="127,76,92,32,9,72,12,18,126,0,37,110,48" hai1="6,88,10,80,73,47,21,41,106,128,43,40,85" hai2="107,121,34,50,45,87,8,75,60,59,30,13,134" hai3="108,132,63,112,100,51,7,123,77,99,105,26,82"/><V42/><F75/><W84/><G108/><T56/><D37/><U67/><E128/><V57/><F107/><W120/><G132/><T91/><D110/><U62/><E106/><V135/><F121/><W96/><G112/><T33/><D0/><U27/><E73/><V58/><F60/><W20/><G7/><T68/><D68/><U22/><E47/><V113/><F113/><W5/><G99/><T90/><D90/><U130/><E130/><V133/><F87/><W71/><G5/><T129/><D129/><U23/><E27/><N who="2" m="18783" /><F58/><W89/><G51/><T118/><D118/><U86/><E86/><V97/><F97/><W53/><G89/><T38/><D38/><U131/><E131/><V2/><F2/><W111/><G111/><T11/><D11/><U17/><E17/><AGARI ba="0,0" hai="8,13,17,42,45,50,57,59,133,134,135" m="18783" machi="17" ten="30,2900,0" yaku="20,1,52,1" doraHai="29" who="2" fromWho="1" sc="365,0,241,-29,143,29,251,0" />
</Scene>
<Scene>
<INIT seed="2,1,0,4,3,67" ten="365,212,172,251" oya="2" hai0="27,52,129,21,106,6,15,46,93,94,22,113,42" hai1="72,122,110,109,51,45,44,12,134,58,18,32,28" hai2="128,89,95,126,17,96,4,135,121,10,104,112,125" hai3="50,65,88,13,90,33,5,81,117,114,38,48,53"/><V111/><F17/><W57/><G117/><T14/><D106/><U97/><E72/><V16/><F121/><W75/><G38/><T82/><D113/><U86/><E134/><V29/><F29/><W101/><G33/><T99/><D129/><U54/><E122/><V35/><F35/><W34/><G34/><T87/><D6/><U20/><E97/><V61/><F112/><W120/><G120/><T11/><D11/><U59/><E59/><V68/><F135/><W0/><G114/><T19/><D99/><U23/><E32/><V100/><F128/><W92/><G0/><T103/><D103/><U79/><E109/><V41/><F41/><W36/><G36/><T24/><D42/><U1/><E1/><V9/><F111/><W40/><G65/><T118/><D118/><U124/><E124/><N who="2" m="47723" /><F16/><W66/><G75/><T107/><D107/><U108/><E108/><V31/><F31/><W69/><G81/><T123/><D123/><U115/><E115/><V78/><F78/><W43/><G69/><T119/><D119/><U84/><E110/><V130/><F130/><W127/><G66/><T8/><D8/><N who="2" m="3178" /><F4/><W70/><G127/><T85/><D19/><U25/><REACH who="1" step="1"/><E79/><REACH who="1" ten="365,202,172,251" step="2"/><V56/><F56/><W7/><G57/><T30/><D46/><AGARI ba="1,1" hai="12,18,20,23,25,28,44,45,46,51,54,58,84,86" machi="46" ten="40,5200,0" yaku="1,1,2,1,8,1,53,0" doraHai="67" doraHaiUra="133" who="1" fromWho="0" sc="365,-55,202,65,172,0,251,0" />
</Scene>
<Scene>
<INIT seed="3,0,0,5,1,128" ten="310,267,172,251" oya="3" hai0="8,94,134,23,120,98,114,80,48,130,25,109,72" hai1="121,63,100,131,37,57,16,21,3,17,82,105,42" hai2="86,122,129,83,106,11,51,52,31,62,54,124,116" hai3="123,24,66,34,67,22,117,127,36,32,53,76,135"/><W61/><G117/><T99/><D120/><U46/><E121/><V13/><F122/><W58/><G123/><T14/><D109/><U93/><E3/><V43/><F116/><W7/><G36/><T50/><D130/><U84/><E131/><V104/><F124/><W89/><G127/><T88/><D114/><U103/><E105/><V111/><F111/><W113/><G113/><T133/><D99/><U35/><E35/><V60/><F129/><W87/><G76/><T4/><D72/><U44/><E44/><V27/><F43/><W56/><G7/><T41/><D80/><U65/><E93/><V126/><F126/><W132/><G34/><T97/><D97/><U12/><REACH who="1" step="1"/><E17/><REACH who="1" ten="310,257,172,251" step="2"/><V49/><F106/><W59/><G32/><T15/><D41/><U19/><E19/><V71/><F104/><W91/><G53/><T9/><D134/><N who="3" m="51241" /><G67/><T28/><D133/><U10/><E10/><V26/><F11/><W119/><G119/><T115/><REACH who="0" step="1"/><D115/><REACH who="0" ten="300,257,172,251" step="2"/><U69/><E69/><V92/><F71/><N who="3" m="42447" /><G87/><T20/><D20/><U64/><E64/><V107/><F86/><W95/><G95/><T102/><D102/><U90/><AGARI ba="0,2" hai="12,16,21,37,42,46,57,63,65,82,84,90,100,103" machi="90" ten="20,5200,0" yaku="1,1,0,1,7,1,54,1,53,0" doraHai="128" doraHaiUra="33" who="1" fromWho="1" sc="300,-13,257,72,172,-13,251,-26" />
</Scene>
<Scene>
<INIT seed="4,0,0,0,1,74" ten="287,329,159,225" oya="0" hai0="126,57,114,113,8,124,88,56,20,112,73,70,25" hai1="89,14,35,122,44,40,64,93,9,59,79,127,27" hai2="1,6,71,84,32,99,17,82,134,125,58,36,83" hai3="72,49,54,42,50,120,2,118,95,123,109,117,107"/><T7/><D70/><U91/><E122/><N who="3" m="46634" /><G107/><T75/><D88/><N who="1" m="33867" /><E35/><V116/><F71/><W102/><G2/><N who="0" m="119" /><D56/><U97/><E127/><N who="0" m="48681" /><D57/><U80/><E27/><V100/><F58/><N who="3" m="33103" /><G109/><T90/><D90/><N who="1" m="55479" /><E44/><V69/><F125/><W76/><G95/><T131/><D131/><U103/><E103/><V41/><F100/><W0/><G0/><T128/><D128/><U87/><E40/><V11/><F41/><W5/><G5/><T129/><D129/><U37/><E37/><V30/><F36/><W111/><G111/><T3/><D3/><U98/><E98/><V48/><F99/><W119/><G102/><T135/><D135/><U133/><E133/><V81/><F134/><W13/><G42/><T66/><D66/><U45/><E45/><V33/><F1/><W55/><G50/><T22/><D22/><U101/><E101/><V24/><F48/><W132/><G132/><T86/><D86/><U67/><E59/><V94/><F69/><W38/><G38/><T21/><D21/><U96/><E96/><V52/><F33/><W130/><G130/><T63/><D63/><U85/><E85/><V61/><F84/><W31/><G55/><T4/><D4/><AGARI ba="0,0" hai="4,9,14,64,67,79,80,87" m="55479,33867" machi="4" ten="30,3900,0" yaku="8,1,52,1,54,1" doraHai="74" who="1" fromWho="0" sc="287,-39,329,39,159,0,225,0" />
</Scene>
<Scene>
<INIT seed="5,0,0,2,2,88" ten="248,368,159,225" oya="1" hai0="40,130,101,28,108,72,71,26,47,8,114,3,134" hai1="46,86,102,22,128,13,10,24,11,80,23,70,31" hai2="96,125,100,97,78,87,25,57,43,129,60,112,21" hai3="32,12,5,53,116,117,51,110,92,104,4,65,20"/><U2/><E128/><V68/><F68/><W39/><G104/><T98/><D72/><U18/><E70/><V6/><F125/><W58/><G110/><T37/><D108/><U52/><E2/><V77/><F129/><W103/><G32/><N who="0" m="20503" /><D130/><U119/><E102/><V62/><F112/><W30/><G39/><T42/><D42/><U95/><E119/><N who="3" m="45642" /><G65/><T121/><D114/><U59/><E46/><V38/><F6/><W82/><G82/><T133/><D71/><U75/><E75/><V7/><F7/><W17/><G30/><T127/><D127/><U50/><REACH who="1" step="1"/><E95/><REACH who="1" ten="248,358,159,225" step="2"/><V64/><F100/><W66/><G103/><T56/><D56/><U115/><E115/><V118/><F57/><N who="3" m="32959" /><G92/><T69/><D69/><U1/><E1/><V0/><F0/><W74/><G74/><T35/><D3/><U123/><E123/><V111/><F118/><W91/><G58/><T14/><D121/><U41/><E41/><V131/><F43/><W44/><G44/><T9/><D47/><U84/><E84/><V132/><F87/><W109/><G109/><T27/><D40/><U135/><E135/><V122/><F132/><W83/><G66/><T94/><D37/><U106/><E106/><V48/><F111/><W81/><G81/><T15/><D134/><U107/><E107/><V19/><F122/><W49/><G83/><T90/><D133/><U85/><E85/><V120/><F120/><W63/><G91/><AGARI ba="0,1" hai="10,11,13,18,22,23,24,31,50,52,59,80,86,91" machi="91" ten="30,11600,0" yaku="1,1,7,1,8,1,54,1,53,0" doraHai="88" doraHaiUra="34" who="1" fromWho="3" sc="248,0,358,126,159,0,225,-116" />
</Scene>
<Scene>
<INIT seed="5,1,0,1,4,118" ten="248,484,159,109" oya="1" hai0="11,99,109,15,123,70,8,48,71,27,57,42,17" hai1="49,120,58,66,127,82,80,133,132,2,75,122,111" hai2="96,73,76,44,30,113,108,92,67,25,125,20,50" hai3="61,21,107,114,68,74,4,121,94,34,104,7,53"/><U129/><E2/><V116/><F108/><W128/><G74/><T112/><D109/><U1/><E1/><V16/><F116/><W6/><G34/><T14/><D112/><U88/><E111/><V59/><F125/><W19/><G114/><T31/><D99/><U32/><E32/><V134/><F134/><N who="1" m="51817" /><E127/><V62/><F113/><W37/><G37/><T54/><D42/><U100/><E100/><V93/><F73/><W106/><G128/><T35/><REACH who="0" step="1"/><D123/><REACH who="0" ten="238,484,159,109" step="2"/><U110/><E110/><V40/><F96/><W115/><G115/><T10/><D10/><U102/><E122/><V89/><F40/><W63/><G121/><T95/><D95/><U98/><E98/><V55/><F93/><W85/><G68/><T97/><D97/><U126/><E120/><V77/><F92/><W39/><G39/><T0/><D0/><U65/><E126/><V13/><REACH who="2" step="1"/><F89/><REACH who="2" ten="238,484,149,109" step="2"/><W72/><G94/><T26/><D26/><U38/><E88/><V33/><AGARI ba="1,2" hai="13,16,20,25,30,33,44,50,55,59,62,67,76,77" machi="33" ten="20,8000,1" yaku="1,1,2,1,0,1,7,1,54,1,53,0" doraHai="118" doraHaiUra="131" who="2" fromWho="2" sc="238,-21,484,-41,149,103,109,-21" />
</Scene>
<Scene>
<INIT seed="6,0,0,4,2,55" ten="217,443,252,88" oya="2" hai0="91,46,116,109,117,19,8,17,39,94,45,67,106" hai1="93,10,123,69,80,38,77,70,12,7,61,5,124" hai2="48,119,130,37,85,30,62,56,25,133,122,76,65" hai3="114,11,20,50,87,71,2,47,6,127,132,110,27"/><V115/><F37/><W78/><G110/><T86/><D109/><U126/><E38/><V98/><F122/><W14/><G71/><T40/><D106/><U52/><E123/><V72/><F72/><W53/><G132/><T73/><D73/><N who="1" m="43055" /><E7/><V18/><F119/><N who="0" m="45642" /><D8/><U15/><E15/><V104/><F133/><W43/><G127/><N who="1" m="48682" /><E93/><V102/><F130/><W131/><G131/><T97/><D46/><U112/><E112/><V51/><F115/><W128/><G128/><T36/><D36/><U63/><E52/><V81/><REACH who="2" step="1"/><F18/><REACH who="2" ten="217,443,242,88" step="2"/><W103/><G114/><T49/><D39/><U134/><E134/><V1/><F1/><W68/><G2/><T23/><D19/><U108/><E108/><V9/><F9/><W105/><G11/><T29/><D29/><U129/><E129/><V79/><F79/><W82/><G78/><T84/><D67/><U95/><E10/><V120/><F120/><W21/><G6/><T26/><AGARI ba="0,1" hai="17,23,26,40,45,49,84,86,91,94,97" m="45642" machi="26" ten="30,1100,0" yaku="12,1" doraHai="55" who="0" fromWho="0" sc="217,21,443,-3,242,-5,88,-3" />
</Scene>
<Scene>
<INIT seed="7,0,0,3,5,68" ten="238,440,237,85" oya="3" hai0="132,11,87,134,34,97,131,109,106,16,42,135,2" hai1="49,115,54,26,82,57,20,14,70,31,118,63,128" hai2="33,127,83,105,22,92,71,75,84,91,50,119,73" hai3="8,41,43,125,102,0,37,44,93,88,52,108,113"/><W114/><G102/><N who="0" m="62799" /><D34/><U60/><E115/><N who="3" m="44042" /><G125/><T5/><D109/><U51/><E128/><V81/><F33/><W85/><G108/><T25/><D131/><U67/><E118/><V65/><F71/><W94/><G43/><T29/><D87/><U30/><E30/><V98/><F65/><W48/><G8/><T36/><D16/><U122/><E122/><V10/><F10/><W117/><G0/><T62/><D62/><U21/><E82/><N who="2" m="31243" /><F22/><W95/><G117/><T76/><D76/><U47/><E47/><V112/><F50/><W103/><G103/><T3/><D3/><U45/><E45/><AGARI ba="0,0" hai="37,41,44,45,48,52,85,88,93,94,95" m="44042" machi="45" ten="30,11600,0" yaku="15,1,52,1,54,2" doraHai="68" who="3" fromWho="1" sc="238,0,440,-116,237,0,85,116" />
</Scene>
<Scene>
<INIT seed="7,1,0,2,4,30" ten="238,324,237,201" oya="3" hai0="16,114,47,45,76,5,17,24,22,94,121,93,113" hai1="131,3,117,104,70,135,9,18,87,33,7,82,91" hai2="44,27,97,103,129,119,38,57,99,98,37,116,71" hai3="106,105,122,109,90,68,62,108,128,69,123,28,48"/><W2/><G2/><T92/><D121/><N who="3" m="46089" /><G48/><T31/><D76/><U64/><E70/><N who="3" m="27242" /><G62/><T125/><D5/><U83/><E64/><V96/><F71/><W41/><G90/><T118/><D118/><U75/><E117/><V79/><F79/><W101/><G28/><T74/><D74/><U11/><E75/><V66/><F119/><W10/><G10/><T77/><D77/><U29/><E29/><V67/><F116/><W13/><G13/><N who="0" m="9487" /><D17/><U86/><E11/><V89/><F89/><W81/><G81/><T34/><D125/><U84/><E9/><V36/><F36/><W21/><G21/><T124/><D124/><U133/><E18/><V55/><F38/><W60/><G60/><T40/><D40/><U39/><E83/><V80/><F80/><W42/><G101/><T85/><D85/><U26/><E86/><V35/><F103/><W61/><G61/><T15/><D15/><U95/><E87/><V59/><F37/><W65/><G65/><T54/><D54/><U111/><E84/><V78/><F67/><W100/><G100/><T19/><D19/><U49/><E82/><V32/><F66/><W127/><G127/><T120/><D120/><U56/><E39/><V14/><F78/><W53/><G53/><T12/><D12/><U132/><E132/><V112/><F14/><W73/><G73/><T46/><D46/><U110/><E135/><V58/><F44/><W0/><G0/><T63/><D63/><U1/><E1/><V134/><F134/><W51/><G128/><T102/><D102/><U8/><E133/><V88/><F129/><RYUUKYOKU ba="1,0" sc="238,30,324,-10,237,-10,201,-10" hai0="24,31,34,45,47,92,93,94,113,114" owari="268,7.0,314,41.0,227,-17.0,191,-31.0" />
</Scene>
</mjloggm>