<mjloggm ver="2.3"><GO type="169" lobby="0"/><UN n0="%E3%81%98%E3%81%9A%E3%83%BC" n1="%48%75%6E%74%65%72%5F%44" n2="%E3%83%97%E3%83%AD%E3%82%B8%E3%83%A3%E3%83%B3%E6%B0%8F" n3="%41%53%41%50%49%4E" dan="16,16,16,19" rate="2101.25,2100.40,2166.19,2283.36" sx="M,M,M,M"/><TAIKYOKU oya="0"/>

<Scene>
<INIT seed="0,0,0,1,1,90" ten="250,250,250,250" oya="0" hai0="125,72,103,51,99,16,41,7,98,39,47,57,62" hai1="1,116,101,11,4,22,121,96,102,68,65,76,32" hai2="45,89,18,71,113,92,5,105,12,130,94,75,115" hai3="67,61,84,56,58,38,104,53,132,85,64,66,79"/><T55/><D72/><U78/><E121/><V129/><F105/><W120/><G104/><T14/><D7/><U134/><E116/><V52/><F71/><W48/><G120/><T118/><D118/><U0/><E32/><V13/><F75/><W34/><G34/><T10/><D125/><U81/><E1/><V114/><F5/><W74/><G38/><T123/><D123/><U21/><E134/><V117/><F117/><W31/><G31/><T108/><D108/><U20/><E96/><V24/><F24/><W109/><G109/><T50/><REACH who="0" step="1"/><D98/><REACH who="0" ten="240,250,250,250" step="2"/><U69/><E4/><V126/><F126/><W43/><G74/><T44/><D44/><U40/><E0/><V25/><F45/><N who="3" m="25663" /><G132/><T23/><D23/><U97/><E20/><V9/><F114/><W106/><G84/><T93/><AGARI ba="0,1" hai="10,14,16,39,41,47,50,51,55,57,62,93,99,103" machi="93" ten="20,12000,1" yaku="1,1,0,1,7,1,52,1,54,1,53,0" doraHai="90" doraHaiUra="100" who="0" fromWho="0" sc="240,130,250,-40,250,-40,250,-40" />
</Scene>
<Scene>
<INIT seed="0,1,0,1,5,93" ten="370,210,210,210" oya="0" hai0="76,41,64,68,88,131,19,27,123,52,36,11,53" hai1="107,82,98,33,85,15,134,100,29,130,119,87,124" hai2="112,44,102,91,45,129,12,26,95,97,105,135,106" hai3="83,8,126,23,49,47,125,34,0,114,121,7,56"/><T108/><D123/><U62/><E119/><V9/><F129/><W96/><G114/><T46/><D131/><U17/><E130/><V59/><F135/><W24/><G121/><T132/><D76/><U90/><E134/><V109/><F109/><W86/><G56/><T94/><D132/><U113/><E113/><V65/><F112/><W69/><G69/><T3/><D108/><U13/><E124/><V4/><F106/><W116/><G34/><T14/><D3/><U6/><E62/><V74/><F74/><W63/><G63/><T37/><D64/><U58/><E58/><V55/><F65/><W21/><G116/><T60/><D68/><U70/><E70/><V80/><F26/><W71/><G71/><T35/><D37/><U61/><E61/><N who="2" m="36095" /><F105/><W22/><G24/><T66/><D60/><U111/><E111/><V118/><F118/><W57/><G57/><T43/><D43/><U127/><E127/><V89/><F80/><W18/><G18/><T28/><REACH who="0" step="1"/><D66/><REACH who="0" ten="360,210,210,210" step="2"/><U31/><E33/><V67/><F67/><W99/><G126/><T50/><D50/><U5/><E31/><V42/><F42/><W110/><G125/><T81/><D81/><U117/><E29/><V51/><F51/><W25/><G110/><T133/><D133/><U1/><E1/><V32/><F32/><W122/><G122/><T128/><D128/><U92/><E117/><V2/><F2/><W115/><G115/><T16/><D16/><U73/><E17/><V84/><F84/><AGARI ba="1,1" hai="11,14,19,27,28,35,36,41,46,52,53,84,88,94" machi="84" ten="30,11600,0" yaku="1,1,7,1,54,2,53,0" doraHai="93" doraHaiUra="72" who="0" fromWho="2" sc="360,129,210,0,210,-119,210,0" />
</Scene>
<Scene>
<INIT seed="0,2,0,2,2,21" ten="489,210,91,210" oya="0" hai0="94,109,25,28,38,14,134,81,91,8,55,113,23" hai1="121,24,130,114,1,87,135,75,98,54,59,99,127" hai2="39,20,107,112,92,63,96,77,128,133,90,76,43" hai3="79,120,47,15,111,80,70,34,131,106,16,36,17"/><T19/><D38/><U124/><E1/><V3/><F3/><W86/><G111/><T126/><D113/><U101/><E75/><V32/><F32/><W103/><G70/><T123/><D123/><U125/><E114/><V5/><F112/><W115/><G115/><T9/><D109/><U108/><E121/><V11/><F128/><W100/><G34/><T0/><D134/><U110/><E130/><V78/><F133/><W69/><G69/><T48/><D126/><U93/><E135/><V89/><F107/><W62/><G131/><T42/><D42/><U22/><E87/><V12/><F39/><W118/><G118/><T67/><D67/><U33/><E99/><V119/><F43/><W132/><G132/><T85/><D0/><U68/><E68/><V102/><F119/><W2/><G2/><T116/><D116/><U64/><E64/><V29/><REACH who="2" step="1"/><F63/><REACH who="2" ten="489,210,81,210" step="2"/><W97/><G62/><T37/><D37/><U122/><E33/><V51/><F51/><W4/><G36/><T6/><D6/><U72/><E122/><V66/><F66/><W45/><G120/><T7/><D7/><U117/><E117/><V10/><F10/><N who="3" m="4551" /><G106/><T46/><D8/><U50/><REACH who="1" step="1"/><E72/><REACH who="1" ten="489,200,81,210" step="2"/><V82/><F82/><AGARI ba="2,2" hai="9,14,19,23,25,28,46,48,55,81,82,85,91,94" machi="82" ten="40,3900,0" yaku="8,1,52,1" doraHai="21" who="0" fromWho="2" sc="489,65,200,0,81,-45,210,0" />
</Scene>
<Scene>
<INIT seed="0,3,0,0,2,131" ten="554,200,36,210" oya="0" hai0="16,130,13,84,12,8,109,98,135,18,41,79,5" hai1="99,75,68,78,19,115,62,105,17,92,24,101,64" hai2="114,120,31,1,63,53,124,23,77,56,11,117,36" hai3="30,113,4,106,85,25,54,28,133,112,80,38,60"/><T21/><D135/><U26/><E115/><V74/><F114/><W91/><G133/><T87/><D130/><U6/><E6/><V134/><F124/><W122/><G106/><T9/><D109/><U44/><E44/><V39/><F134/><W61/><G38/><T71/><D71/><U55/><E55/><V29/><F120/><W3/><G122/><T46/><D79/><U15/><E19/><V89/><F117/><W86/><G30/><T2/><REACH who="0" step="1"/><D98/><REACH who="0" ten="544,200,36,210" step="2"/><U37/><E99/><V93/><F89/><W129/><G91/><T96/><D96/><U123/><E78/><V72/><F93/><W94/><G94/><T95/><D95/><U104/><E92/><V81/><F72/><W128/><G129/><T97/><D97/><U107/><E104/><V40/><F40/><W126/><G128/><T83/><D83/><U108/><E105/><V27/><REACH who="2" step="1"/><F29/><REACH who="2" ten="544,200,26,210" step="2"/><W32/><G28/><T100/><D100/><U47/><E101/><V20/><F20/><W76/><G113/><T132/><D132/><U10/><E107/><V70/><F70/><W45/><G112/><T34/><D34/><U119/><E68/><V33/><F33/><W110/><G32/><T90/><D90/><U22/><E75/><V59/><F59/><W35/><G35/><T125/><D125/><U51/><E119/><V50/><F50/><AGARI ba="3,2" hai="2,5,8,9,12,13,16,18,21,41,46,50,84,87" machi="50" ten="30,5800,0" yaku="1,1,7,1,54,1,53,0" doraHai="131" doraHaiUra="48" who="0" fromWho="2" sc="544,87,200,0,26,-67,210,0" owari="631,73.0,200,-20.0,-41,-54.0,210,1.0" />
</Scene>
</mjloggm>