<mjloggm ver="2.3"><GO type="169" lobby="0"/><UN n0="%E2%99%AA%E3%83%A2%E3%83%8E%E3%82%AF%E3%83%AD" n1="%41%53%41%50%49%4E" n2="%E3%82%82%E3%81%A3%E3%81%97%E3%83%BC" n3="%E6%A1%9C%E4%BA%95%E3%82%A2%E3%82%BD%E3%82%B3" dan="18,18,16,16" rate="2231.43,2259.04,2083.29,2114.51" sx="F,M,M,M"/><TAIKYOKU oya="0"/>

<Scene>
<INIT seed="0,0,0,2,3,134" ten="250,250,250,250" oya="0" hai0="106,46,105,67,2,74,7,69,36,132,87,90,33" hai1="16,3,126,59,76,72,94,122,123,133,130,22,18" hai2="73,40,21,54,131,24,68,27,85,120,112,91,49" hai3="52,20,88,23,75,98,102,128,15,84,71,26,37"/><T50/><D74/><U6/><E133/><V28/><F73/><W97/><G75/><T95/><D33/><U35/><E35/><V19/><F68/><W65/><G37/><T47/><D132/><U108/><E108/><V116/><F120/><W4/><G128/><T58/><D69/><U14/><E130/><V80/><F131/><W39/><G39/><T43/><D2/><U64/><E126/><V1/><F1/><W103/><G65/><T31/><D31/><U81/><E3/><V109/><F109/><W5/><G71/><T100/><D7/><U53/><E64/><V60/><F116/><W101/><G52/><T92/><D100/><U9/><E94/><V110/><F110/><W89/><G15/><T77/><D77/><U38/><E38/><V114/><F60/><W113/><G113/><T41/><REACH who="0" step="1"/><D95/><REACH who="0" ten="240,250,250,250" step="2"/><U79/><E79/><V44/><F114/><W13/><G103/><T66/><D66/><U86/><E72/><V10/><F112/><W111/><G111/><T48/><D48/><U117/><E117/><V56/><F28/><W118/><G118/><T135/><D135/><U99/><E6/><V125/><F49/><W25/><G13/><T8/><D8/><U17/><E123/><V93/><F10/><W12/><G12/><T11/><D11/><U104/><E122/><V30/><F30/><W78/><G78/><T57/><D57/><U0/><E0/><V96/><F56/><W55/><G55/><T62/><AGARI ba="0,1" hai="36,41,43,46,47,50,58,62,67,87,90,92,105,106" machi="62" ten="30,3000,0" yaku="1,1,0,1,53,0" doraHai="134" doraHaiUra="115" who="0" fromWho="0" sc="240,40,250,-10,250,-10,250,-10" />
</Scene>
<Scene>
<INIT seed="0,1,0,4,3,87" ten="280,240,240,240" oya="0" hai0="121,130,17,37,109,127,95,99,47,125,108,53,84" hai1="54,77,94,106,60,59,118,45,124,48,42,33,102" hai2="110,26,14,116,107,4,68,36,105,28,16,122,74" hai3="115,25,61,119,126,31,117,22,29,98,30,11,133"/><T8/><D121/><U112/><E118/><V129/><F122/><W7/><G98/><T134/><D134/><U73/><E33/><V66/><F74/><W27/><G61/><T3/><D84/><U32/><E32/><V58/><F36/><W46/><G46/><T51/><D37/><U20/><E124/><N who="0" m="47689" /><D130/><U67/><E112/><V57/><F110/><N who="0" m="42602" /><D3/><U35/><E35/><V128/><F116/><N who="3" m="44619" /><G126/><T70/><D70/><U90/><E77/><V9/><F68/><W97/><G97/><T64/><D64/><U65/><E73/><V81/><F66/><W85/><G85/><T5/><D5/><U6/><E6/><V19/><F129/><W93/><G115/><T44/><D8/><U55/><E65/><V80/><F128/><W23/><G133/><T62/><D17/><U71/><E71/><V13/><F4/><W63/><G11/><T120/><D120/><U92/><E67/><V131/><F131/><W123/><G7/><T76/><D62/><U12/><E60/><V86/><F86/><W43/><G63/><T135/><D135/><U104/><E48/><V78/><F9/><W114/><G123/><T100/><D76/><U72/><E72/><V75/><F75/><W113/><G113/><T24/><D24/><U15/><E15/><V101/><F78/><W41/><G114/><T89/><D100/><U40/><E102/><V39/><F101/><W79/><G79/><T1/><D1/><U0/><E0/><V103/><F103/><W111/><G111/><T38/><D38/><U91/><E12/><V2/><F2/><W96/><G30/><RYUUKYOKU ba="1,0" sc="280,15,240,-15,240,-15,240,15" hai0="44,47,51,53,89,95,99" hai3="22,23,25,27,29,31,41,43,93,96" />
</Scene>
<Scene>
<INIT seed="0,2,0,4,0,35" ten="295,225,225,255" oya="0" hai0="46,15,133,76,2,134,18,24,65,72,102,115,75" hai1="91,40,73,64,71,105,47,114,31,111,28,66,10" hai2="103,9,112,89,42,83,11,58,106,62,127,68,1" hai3="99,34,82,52,13,126,96,32,6,20,104,67,90"/><T43/><D115/><U12/><E73/><V60/><F112/><W94/><G126/><T78/><D102/><U122/><E114/><V3/><F127/><W88/><G67/><T44/><D24/><U70/><E122/><V120/><F120/><W129/><G129/><T74/><D65/><U79/><E79/><N who="0" m="30249" /><D43/><U4/><E105/><V81/><F42/><W36/><G36/><T29/><D29/><U98/><E111/><V7/><F68/><W55/><G104/><T45/><D2/><U51/><E66/><V116/><F116/><W30/><G30/><T59/><D59/><U85/><E98/><V77/><F77/><W25/><G34/><T50/><D50/><U53/><E40/><V54/><F103/><W84/><G32/><T123/><D123/><U39/><E39/><V113/><F113/><W8/><REACH who="3" step="1"/><G99/><REACH who="3" ten="295,225,225,245" step="2"/><T49/><D74/><U130/><E130/><V23/><F106/><W124/><G124/><T33/><D33/><U93/><E70/><V117/><F117/><W125/><G125/><T19/><D75/><U27/><E71/><V56/><F54/><W80/><G80/><T119/><D72/><U110/><E64/><V21/><F7/><W5/><G5/><T61/><D119/><U37/><E37/><V132/><F132/><W86/><G86/><T41/><D133/><U17/><E110/><V100/><F100/><W128/><G128/><T121/><D134/><U22/><AGARI ba="2,1" hai="4,10,12,17,22,27,28,31,47,51,53,85,91,93" machi="22" ten="30,2000,0" yaku="0,1,8,1" doraHai="35" who="1" fromWho="1" sc="295,-12,225,36,225,-7,245,-7" />
</Scene>
<Scene>
<INIT seed="1,0,0,3,1,53" ten="283,261,218,238" oya="1" hai0="56,34,5,124,96,71,26,8,77,27,122,1,39" hai1="110,94,117,80,101,62,50,103,15,17,120,116,76" hai2="72,46,133,63,32,49,48,86,91,65,107,21,58" hai3="18,100,11,54,81,14,121,105,109,67,125,74,135"/><U108/><E120/><V69/><F32/><W43/><G121/><T130/><D71/><U114/><E114/><V113/><F72/><W127/><G67/><T79/><D122/><U29/><E29/><V36/><F107/><W6/><G135/><T134/><D39/><U106/><E106/><V22/><F133/><W92/><G105/><T3/><D134/><U38/><E38/><V66/><F113/><W115/><G43/><T37/><D37/><U13/><E50/><V2/><F2/><W78/><G115/><T60/><D124/><U47/><E47/><V131/><F131/><W132/><G132/><T45/><D45/><U97/><E101/><V10/><F36/><W118/><G118/><T89/><D1/><U31/><E31/><V83/><F10/><W84/><G109/><N who="1" m="42090" /><E62/><V82/><F49/><W112/><G112/><T111/><D111/><U28/><E28/><V9/><F9/><W75/><G100/><T64/><D130/><U93/><E93/><V33/><F33/><W24/><G92/><T95/><D34/><U99/><E99/><V98/><F98/><W7/><G125/><T70/><D70/><U41/><E41/><V44/><F44/><W68/><G68/><T4/><D4/><U16/><E15/><V23/><F69/><W51/><G127/><T123/><D123/><U119/><E13/><V73/><F73/><AGARI ba="0,0" hai="16,17,73,76,80,94,97,103,116,117,119" m="42090" machi="73" ten="40,7700,0" yaku="14,1,10,1,54,1" doraHai="53" who="1" fromWho="2" sc="283,0,261,77,218,-77,238,0" />
</Scene>
<Scene>
<INIT seed="1,1,0,4,4,126" ten="283,338,141,238" oya="1" hai0="70,121,17,56,67,78,72,68,3,45,6,63,73" hai1="27,49,119,24,90,95,14,108,7,48,23,104,101" hai2="103,19,75,20,0,10,92,125,109,77,41,28,64" hai3="59,54,36,85,53,55,37,76,115,8,51,105,9"/><U61/><E119/><V100/><F125/><W106/><G115/><T128/><D121/><U111/><E101/><V18/><F109/><N who="1" m="42057" /><E104/><V66/><F28/><W1/><G1/><T60/><D78/><U2/><E2/><V127/><F127/><W50/><G76/><T25/><D45/><U112/><E112/><V47/><F19/><W43/><G85/><T124/><D124/><U35/><E35/><V93/><F93/><W134/><G134/><T89/><D3/><U15/><E61/><V46/><F46/><W118/><G118/><T32/><D60/><U102/><E102/><V40/><F40/><W38/><G43/><T132/><D132/><U5/><E15/><V26/><F103/><W88/><G88/><T52/><D32/><U130/><E130/><V31/><F100/><W80/><G80/><T113/><D113/><U86/><E24/><V107/><F107/><W129/><G129/><T79/><D128/><U87/><E86/><V62/><F62/><W131/><G131/><T117/><D117/><U57/><E57/><V22/><F0/><W98/><G105/><T84/><D84/><U96/><E87/><V110/><F110/><W114/><G114/><T97/><D89/><U58/><E58/><V30/><F77/><W11/><G106/><T116/><D79/><U33/><E33/><V65/><F26/><W99/><G59/><T29/><D116/><U44/><E44/><V13/><F47/><W4/><G4/><N who="1" m="1610" /><E14/><V74/><F13/><W120/><G120/><T81/><D56/><U82/><E82/><V12/><F12/><W21/><G21/><RYUUKYOKU ba="1,0" sc="283,-15,338,15,141,-15,238,15" hai1="23,27,48,49,90,95,96" hai3="8,9,11,36,37,38,50,51,53,54,55,98,99" />
</Scene>
<Scene>
<INIT seed="1,2,0,4,3,120" ten="268,353,126,253" oya="1" hai0="132,124,15,23,20,134,14,54,72,24,49,100,133" hai1="7,13,77,56,98,83,26,85,96,119,117,70,97" hai2="79,48,3,19,36,90,113,111,47,21,5,58,94" hai3="68,4,33,75,76,126,103,53,87,62,106,45,30"/><U65/><E70/><V95/><F113/><W121/><G121/><T66/><D124/><U109/><E109/><V51/><F79/><W89/><G126/><T29/><D72/><U86/><E26/><V92/><F111/><W42/><G4/><T128/><D128/><U38/><E38/><V2/><F36/><W114/><G114/><T0/><D0/><U28/><E28/><V1/><F58/><W107/><G76/><T131/><D131/><U101/><E85/><V74/><F74/><W37/><G75/><T104/><D66/><U64/><E101/><V10/><F90/><W115/><G103/><T110/><D110/><U129/><E129/><V118/><F118/><W27/><G115/><T78/><D78/><U34/><E34/><V82/><F82/><W99/><G99/><N who="0" m="61471" /><D23/><U8/><REACH who="1" step="1"/><E64/><REACH who="1" ten="268,343,126,253" step="2"/><V61/><F47/><AGARI ba="2,1" hai="14,15,20,24,29,47,49,54,132,133,134" m="61471" machi="47" ten="30,1000,0" yaku="20,1" doraHai="120" who="0" fromWho="2" sc="268,26,343,0,126,-16,253,0" />
</Scene>
<Scene>
<INIT seed="2,0,0,5,5,80" ten="294,343,110,253" oya="2" hai0="104,56,91,123,4,126,133,100,50,85,19,22,101" hai1="67,43,116,6,112,52,131,5,61,59,71,89,113" hai2="110,29,95,127,94,97,90,27,18,125,47,119,55" hai3="64,40,128,109,130,53,135,49,20,60,79,9,114"/><V132/><F119/><W102/><G102/><T84/><D123/><U51/><E116/><V103/><F132/><W117/><G117/><T76/><D104/><U74/><E74/><V39/><F18/><W115/><G9/><T33/><D33/><U77/><E77/><V25/><F110/><W38/><G20/><T11/><D126/><N who="2" m="48138" /><F29/><W120/><G79/><T118/><D133/><U108/><E108/><V41/><F55/><W70/><G135/><T62/><D50/><U129/><E5/><V31/><F31/><W78/><G78/><T13/><D118/><U73/><E73/><V12/><F12/><W3/><G3/><T8/><D76/><U16/><E6/><V87/><AGARI ba="0,0" hai="25,27,39,41,47,87,90,94,95,97,103" m="48138" machi="87" ten="30,3000,0" yaku="18,1,52,1" doraHai="80" who="2" fromWho="2" sc="294,-10,343,-10,110,30,253,-10" />
</Scene>
<Scene>
<INIT seed="2,1,0,1,2,79" ten="284,333,140,243" oya="2" hai0="70,96,12,33,112,107,52,30,28,86,127,15,29" hai1="73,49,116,17,42,38,120,121,25,118,100,124,63" hai2="2,78,6,98,45,125,95,67,40,103,22,3,80" hai3="108,135,129,115,37,92,27,66,18,48,68,35,36"/><V117/><F117/><W0/><G0/><T74/><D74/><U75/><E38/><V99/><F125/><W89/><G108/><T76/><D33/><U58/><E124/><V132/><F132/><W60/><G135/><T77/><D112/><U55/><E100/><V54/><F67/><W91/><G115/><T101/><D70/><U46/><E75/><V134/><F134/><W105/><G105/><T81/><D127/><U8/><E73/><V20/><F54/><W14/><G129/><T62/><REACH who="0" step="1"/><D77/><REACH who="0" ten="274,333,140,243" step="2"/><U69/><E69/><V122/><F122/><W5/><G35/><T19/><D19/><U109/><E118/><V128/><F128/><W88/><G18/><T111/><D111/><U65/><E116/><V57/><F6/><W47/><G5/><T7/><D7/><U110/><E109/><V119/><F119/><W84/><G68/><T123/><D123/><U59/><E110/><V93/><F3/><W126/><G126/><T26/><D26/><U44/><E121/><V85/><F2/><W102/><G27/><T1/><D1/><U24/><E120/><V16/><F16/><W31/><G14/><T82/><D82/><U133/><E133/><V131/><F131/><W114/><G114/><T39/><D39/><N who="1" m="21599" /><E17/><V94/><F103/><W43/><G102/><T9/><D9/><U53/><E8/><V51/><REACH who="2" step="1"/><F57/><AGARI ba="1,1" hai="12,15,28,29,30,52,57,62,76,81,86,96,101,107" machi="57" ten="40,5200,0" yaku="1,1,52,1,54,1,53,0" doraHai="79" doraHaiUra="113" who="0" fromWho="2" sc="274,65,333,0,140,-55,243,0" />
</Scene>
<Scene>
<INIT seed="3,0,0,5,4,130" ten="339,333,85,243" oya="3" hai0="129,3,66,23,111,20,80,29,17,2,77,36,54" hai1="6,42,9,21,125,79,84,82,15,95,134,98,70" hai2="74,76,73,27,55,22,69,97,44,40,114,93,71" hai3="117,100,38,49,47,116,39,0,104,72,5,124,33"/><W10/><G33/><T63/><D36/><U78/><E70/><V14/><F114/><W58/><G124/><T50/><D111/><U18/><E125/><V121/><F121/><W108/><G108/><T96/><D29/><U60/><E134/><V87/><F14/><W37/><G58/><T119/><D119/><U43/><E60/><V132/><F132/><W109/><G109/><T101/><D129/><U32/><E79/><V133/><F133/><W131/><G131/><T13/><D23/><U11/><E32/><V105/><F105/><W31/><G31/><T52/><D50/><U16/><E18/><V88/><F55/><W92/><G72/><T25/><D13/><U81/><E81/><V46/><F46/><W113/><G104/><T57/><D3/><U106/><E106/><V110/><F110/><W19/><G19/><T68/><D68/><U85/><E85/><V90/><F76/><W64/><G64/><T107/><REACH who="0" step="1"/><D2/><REACH who="0" ten="329,333,85,243" step="2"/><U26/><REACH who="1" step="1"/><E11/><REACH who="1" ten="329,323,85,243" step="2"/><V41/><F71/><W59/><G116/><T48/><D48/><U115/><E115/><V118/><F69/><W123/><G117/><T35/><D35/><U102/><AGARI ba="0,2" hai="6,9,15,16,21,26,42,43,78,82,84,95,98,102" machi="102" ten="20,8000,1" yaku="1,1,0,1,7,1,8,1,54,1,53,0" doraHai="130" doraHaiUra="135" who="1" fromWho="1" sc="329,-20,323,100,85,-20,243,-40" />
</Scene>
<Scene>
<INIT seed="4,0,0,5,0,118" ten="309,423,65,203" oya="0" hai0="129,71,56,49,60,105,23,100,66,24,86,81,7" hai1="125,14,68,48,96,21,1,30,88,59,43,8,19" hai2="87,83,40,11,12,50,25,61,39,51,74,65,110" hai3="78,6,31,35,47,82,79,36,126,131,132,134,121"/><T33/><D129/><U75/><E68/><V32/><F110/><W16/><G131/><T84/><D33/><U91/><E75/><V113/><F74/><W70/><G70/><T2/><D7/><U10/><E125/><V45/><F113/><W115/><G126/><T112/><D2/><U73/><E73/><V117/><F117/><W34/><G115/><T27/><D112/><U42/><E1/><V29/><F61/><W108/><G6/><T52/><D86/><U93/><E91/><V99/><F99/><W28/><G82/><T67/><D67/><U109/><E109/><V128/><F65/><W58/><G108/><T107/><D100/><U72/><E72/><V18/><REACH who="2" step="1"/><F128/><REACH who="2" ten="309,423,55,203" step="2"/><W0/><G132/><T106/><REACH who="0" step="1"/><D23/><REACH who="0" ten="299,423,55,203" step="2"/><N who="1" m="11767" /><E96/><V95/><F95/><W62/><G35/><T89/><AGARI ba="0,2" hai="24,27,49,52,56,60,66,71,81,84,89,105,106,107" machi="89" ten="30,18000,2" yaku="1,1,0,1,54,1,53,3" doraHai="118" doraHaiUra="102" who="0" fromWho="0" sc="299,200,423,-60,55,-60,203,-60" owari="499,61.0,363,16.0,-5,-51.0,143,-26.0" />
</Scene>
</mjloggm>