<mjloggm ver="2.3"><GO type="169" lobby="0"/><UN n0="%E3%81%BD%E3%81%A8%E3%81%97" n1="%E4%B8%83%E3%83%84%E7%9B%AE%E7%8E%89" n2="%E3%81%98%E3%82%87%E3%83%BC%E3%81%99%E3%81%9F%E3%83%BC%E2%98%85" n3="%41%53%41%50%49%4E" dan="16,18,16,19" rate="2075.07,2231.53,2026.34,2278.83" sx="F,M,F,M"/><TAIKYOKU oya="0"/>

<Scene>
<INIT seed="0,0,0,4,4,18" ten="250,250,250,250" oya="0" hai0="0,1,21,114,89,129,101,131,49,99,93,53,8" hai1="22,116,14,67,59,92,76,83,51,39,81,133,97" hai2="84,79,54,66,34,16,10,103,15,100,38,107,118" hai3="55,95,86,75,98,123,61,127,117,26,4,48,40"/><T30/><D114/><U64/><E39/><V3/><F118/><W60/><G75/><T35/><D35/><U88/><E116/><V108/><F66/><N who="1" m="25129" /><E133/><V13/><F3/><W5/><G117/><T41/><D41/><U71/><E71/><V113/><F38/><W82/><G127/><T25/><D101/><U122/><E122/><V24/><F108/><W7/><G40/><T2/><REACH who="0" step="1"/><D8/><REACH who="0" ten="240,250,250,250" step="2"/><U11/><E11/><V132/><F113/><W87/><G123/><T111/><D111/><U112/><E112/><V124/><F103/><W23/><G5/><T29/><D29/><U94/><E76/><V105/><F79/><W72/><G7/><T28/><D28/><U74/><E88/><V44/><F100/><W130/><G4/><T57/><AGARI ba="0,1" hai="0,1,2,21,25,30,49,53,57,89,93,99,129,131" machi="57" ten="40,7800,0" yaku="1,1,0,1,52,1,53,0" doraHai="18" doraHaiUra="106" who="0" fromWho="0" sc="240,88,250,-26,250,-26,250,-26" />
</Scene>
<Scene>
<INIT seed="0,1,0,3,0,92" ten="328,224,224,224" oya="0" hai0="116,63,114,4,71,6,28,42,23,118,80,62,97" hai1="129,100,127,22,49,60,120,1,44,95,16,126,81" hai2="102,21,106,90,48,73,51,0,30,26,115,103,135" hai3="65,53,112,31,99,93,9,88,8,98,101,47,50"/><T57/><D114/><U78/><E120/><V76/><F115/><W43/><G112/><T55/><D42/><U7/><E129/><V40/><F0/><W110/><G110/><T18/><D28/><U33/><E33/><V27/><F135/><W125/><G125/><N who="1" m="47626" /><E60/><V117/><F117/><W39/><G31/><T34/><D34/><U111/><E111/><V119/><F119/><W94/><G65/><T36/><D36/><U86/><E7/><V123/><F123/><W72/><G72/><T84/><D118/><U37/><E37/><V32/><F90/><W130/><G130/><T10/><D116/><U104/><E104/><V108/><F108/><W134/><G134/><T128/><D128/><U82/><E1/><V45/><F51/><W3/><G3/><T77/><D71/><U19/><E22/><V91/><F91/><W85/><G85/><T109/><D109/><U54/><E82/><V133/><F133/><W11/><G11/><T12/><D63/><U131/><E131/><V25/><F106/><W75/><G75/><T124/><D124/><U113/><E113/><V96/><F32/><W74/><G74/><T67/><D67/><U41/><E41/><V29/><F21/><W122/><G122/><T13/><D4/><U59/><E44/><AGARI ba="1,0" hai="8,9,39,43,44,47,50,53,88,93,94,98,99,101" machi="44" ten="30,7700,0" yaku="7,1,52,2,54,1" doraHai="92" who="3" fromWho="1" sc="328,0,224,-80,224,0,224,80" />
</Scene>
<Scene>
<INIT seed="1,0,0,4,2,120" ten="328,144,224,304" oya="1" hai0="29,103,26,96,68,58,118,127,34,41,40,7,89" hai1="35,30,8,92,133,107,65,23,132,24,112,87,60" hai2="115,14,119,91,51,19,83,77,122,67,12,74,100" hai3="46,110,81,126,117,57,32,114,54,37,62,116,90"/><U49/><E112/><V15/><F115/><W53/><G114/><T16/><D118/><N who="3" m="45673" /><G32/><T121/><D127/><U28/><E107/><V94/><F119/><W33/><G33/><T111/><D121/><U50/><E8/><V9/><F122/><W27/><G27/><T125/><D68/><U78/><E30/><V98/><F67/><W85/><G126/><T3/><D125/><U2/><E2/><V108/><F108/><W10/><G10/><T64/><D111/><U71/><E35/><V69/><F69/><W36/><G110/><T61/><D89/><N who="1" m="53311" /><E78/><V105/><REACH who="2" step="1"/><F51/><AGARI ba="0,0" hai="36,37,46,51,53,54,57,62,81,85,90" m="45673" machi="51" ten="30,1000,0" yaku="12,1" doraHai="120" who="3" fromWho="2" sc="328,0,144,0,224,-10,304,10" />
</Scene>
<Scene>
<INIT seed="2,0,0,0,4,100" ten="328,144,214,314" oya="2" hai0="25,31,102,68,43,44,123,34,126,46,58,76,35" hai1="88,73,92,49,47,63,71,91,8,103,79,90,121" hai2="64,52,55,30,128,87,67,84,59,117,120,109,105" hai3="41,86,12,114,39,127,13,111,135,101,38,6,96"/><V61/><F120/><W107/><G111/><T116/><D123/><U36/><E121/><V9/><F109/><W110/><G110/><T72/><D68/><U83/><E36/><V40/><F117/><W62/><G135/><T4/><D126/><U28/><E28/><V26/><F128/><W78/><G127/><T119/><D35/><U15/><E71/><V115/><F115/><W132/><G132/><T118/><D4/><U20/><E63/><V14/><F40/><W106/><G114/><T29/><D29/><U104/><E20/><N who="2" m="15687" /><F105/><W99/><G41/><T129/><D129/><U93/><E104/><V24/><F24/><W32/><G32/><T130/><D130/><U77/><E77/><V1/><F1/><W80/><G62/><T16/><D43/><U65/><E65/><N who="2" m="25163" /><F55/><W81/><G6/><AGARI ba="0,0" hai="6,9,14,52,59,61,84,87" m="25163,15687" machi="6" ten="30,2900,0" yaku="8,1,54,1" doraHai="100" who="2" fromWho="3" sc="328,0,144,0,214,29,314,-29" />
</Scene>
<Scene>
<INIT seed="2,1,0,5,0,25" ten="328,144,243,285" oya="2" hai0="111,87,52,124,54,39,101,49,83,115,3,74,24" hai1="113,82,4,77,94,64,105,38,130,28,57,109,11" hai2="48,128,60,13,121,18,17,22,108,100,32,33,23" hai3="43,53,78,119,26,44,97,98,107,112,72,92,125"/><V34/><F100/><W104/><G119/><T50/><D115/><U35/><E105/><V65/><F121/><W135/><G112/><T123/><D123/><U88/><E38/><V63/><F128/><W7/><G135/><T95/><D39/><U76/><E113/><V27/><F108/><W85/><G125/><T116/><D3/><U12/><E109/><V110/><F110/><W61/><G7/><T67/><D111/><U21/><E35/><V55/><REACH who="2" step="1"/><F65/><REACH who="2" ten="328,144,233,285" step="2"/><W96/><G107/><T19/><D67/><U41/><E130/><V79/><F79/><W102/><G78/><T84/><D101/><U46/><E77/><V129/><F129/><W6/><G102/><T69/><D116/><U106/><E76/><V15/><F15/><W2/><G104/><T71/><D124/><U91/><E106/><V122/><F122/><W120/><G120/><T47/><D74/><U40/><E64/><V31/><F31/><W90/><G72/><T14/><D14/><U29/><E12/><V86/><F86/><W66/><G66/><T59/><D87/><U70/><E28/><V58/><AGARI ba="1,1" hai="13,17,18,22,23,27,32,33,34,48,55,58,60,63" machi="58" ten="30,3000,0" yaku="1,1,0,1,53,0" doraHai="25" doraHaiUra="75" who="2" fromWho="2" sc="328,-11,144,-11,233,43,285,-11" />
</Scene>
<Scene>
<INIT seed="2,2,0,5,1,68" ten="317,133,276,274" oya="2" hai0="57,23,28,111,7,45,3,103,38,112,44,62,9" hai1="60,37,99,84,11,13,94,34,131,29,98,134,133" hai2="126,65,14,89,5,32,43,91,116,56,127,118,39" hai3="49,130,66,78,67,135,21,88,17,69,70,80,119"/><V92/><F32/><W24/><G119/><T74/><D112/><U46/><E131/><V31/><F31/><W129/><G135/><N who="1" m="51722" /><E60/><N who="2" m="38023" /><F5/><W41/><G69/><T106/><D111/><U4/><E29/><V87/><F14/><W125/><G125/><N who="2" m="47625" /><F91/><W36/><G49/><T97/><D74/><U64/><E34/><V77/><F77/><W22/><G22/><T10/><D10/><U79/><E64/><V109/><F109/><W59/><G70/><T58/><D28/><U35/><E35/><V95/><F92/><W18/><G67/><T8/><D8/><U124/><E124/><V71/><F71/><W108/><G108/><T2/><D2/><U26/><E26/><V33/><F33/><W86/><G78/><T52/><D23/><U120/><E94/><V63/><F63/><W25/><G25/><T76/><D76/><U42/><E120/><V90/><F90/><W123/><G123/><T15/><D3/><U55/><E84/><V107/><F107/><W81/><G24/><T53/><D9/><U75/><E79/><V83/><F83/><W101/><G81/><T61/><D7/><U96/><E75/><V6/><F6/><W115/><G80/><T27/><D27/><U51/><E98/><V16/><F16/><W100/><G17/><T85/><D15/><U105/><E105/><V12/><F12/><W54/><G18/><T114/><D114/><U20/><E20/><V122/><F122/><W117/><G21/><T110/><D110/><U93/><E93/><V30/><F30/><W40/><G115/><T48/><D106/><U0/><E13/><RYUUKYOKU ba="2,0" sc="317,-15,133,15,276,15,274,-15" hai1="0,4,11,37,42,46,51,55,96,99" hai2="39,43,87,89,95,116,118" />
</Scene>
<Scene>
<INIT seed="2,3,0,4,4,95" ten="302,148,291,259" oya="2" hai0="4,124,29,35,42,11,32,30,25,84,122,28,72" hai1="86,103,53,39,38,7,68,41,8,87,31,58,40" hai2="56,110,61,81,60,65,98,104,69,24,126,91,130" hai3="115,46,74,13,93,83,14,22,112,114,100,117,120"/><V10/><F130/><W133/><G117/><T18/><D72/><U97/><E68/><V23/><F126/><W132/><G120/><T79/><D42/><U90/><E31/><N who="0" m="11849" /><D84/><U76/><E76/><V55/><F110/><W45/><G83/><T49/><D49/><U123/><E41/><V44/><F44/><N who="3" m="17003" /><G74/><T26/><D79/><U21/><E21/><V37/><F10/><W63/><G63/><T127/><D122/><U82/><E87/><V134/><F37/><W75/><G75/><T88/><D88/><U71/><E71/><V47/><F47/><W89/><G100/><T67/><D67/><U101/><E123/><V52/><F61/><W80/><G80/><T70/><D70/><U99/><E40/><V107/><F81/><W34/><G34/><N who="0" m="12843" /><D18/><U125/><E125/><N who="0" m="48201" /><D30/><U66/><E66/><V129/><F65/><W109/><G89/><T131/><D131/><U116/><E39/><V5/><F129/><W94/><G112/><T102/><D102/><N who="1" m="38923" /><E38/><V2/><F69/><W77/><G77/><T17/><D17/><U105/><E105/><V16/><F104/><W108/><G114/><T111/><D111/><U62/><E116/><V59/><F107/><W43/><G115/><T15/><AGARI ba="3,0" hai="4,11,15,25,26" m="48201,12843,11849" machi="15" ten="40,5200,0" yaku="18,1,34,2" doraHai="95" who="0" fromWho="0" sc="302,61,148,-16,291,-29,259,-16" />
</Scene>
<Scene>
<INIT seed="3,0,0,2,3,14" ten="363,132,262,243" oya="3" hai0="133,120,56,127,33,70,116,93,10,59,84,7,55" hai1="82,101,95,71,75,103,41,90,0,12,134,40,112" hai2="6,113,32,48,2,92,34,111,88,78,81,109,60" hai3="86,67,118,37,22,121,114,58,85,5,51,94,47"/><W124/><G114/><T29/><D120/><U54/><E0/><V30/><F113/><W35/><G121/><T18/><D70/><U104/><E112/><V50/><F60/><W64/><G35/><T106/><D116/><U63/><E134/><V99/><F2/><W97/><G118/><T3/><D106/><U8/><E104/><V57/><F6/><W125/><G37/><T49/><D133/><U100/><E82/><V128/><F128/><W115/><G115/><T89/><D127/><N who="3" m="48713" /><G5/><T76/><D76/><U65/><E54/><N who="2" m="31943" /><F50/><W25/><G58/><T122/><D122/><U44/><E75/><V105/><F30/><N who="3" m="17719" /><G67/><T43/><D59/><U21/><E44/><V42/><F32/><W53/><G64/><T68/><D68/><U27/><E12/><V117/><F34/><W135/><G135/><T1/><D29/><U91/><E8/><V102/><F117/><W98/><G98/><T38/><D33/><U17/><REACH who="1" step="1"/><E91/><AGARI ba="0,0" hai="47,51,53,85,86,91,94,97" m="17719,48713" machi="91" ten="30,1500,0" yaku="18,1" doraHai="14" who="3" fromWho="1" sc="363,0,132,-15,262,0,243,15" />
</Scene>
<Scene>
<INIT seed="3,1,0,4,2,67" ten="363,117,262,258" oya="3" hai0="36,70,40,29,24,34,96,43,76,80,118,78,91" hai1="108,69,38,134,10,94,79,41,81,12,89,99,20" hai2="71,47,51,104,64,44,8,87,63,105,123,46,49" hai3="37,13,111,33,125,25,1,121,9,62,31,14,56"/><W95/><G121/><T116/><D78/><U82/><E108/><V5/><F123/><W129/><G37/><T133/><D133/><U88/><E134/><V54/><F87/><W74/><G74/><T85/><D70/><U61/><E20/><V50/><REACH who="2" step="1"/><F54/><REACH who="2" ten="363,117,252,258" step="2"/><W39/><G111/><T117/><D117/><U55/><E55/><V16/><F16/><W103/><G31/><T45/><D118/><U65/><E79/><V52/><F52/><W115/><G115/><T90/><D116/><U106/><E106/><V28/><F28/><W101/><G129/><T3/><D29/><U114/><E114/><V109/><F109/><W73/><G73/><T112/><D85/><U68/><E41/><V98/><F98/><W18/><G18/><T57/><D43/><U110/><E110/><V130/><F130/><W66/><G125/><T100/><D40/><U97/><E38/><V42/><F42/><W83/><G39/><T75/><D36/><U21/><E97/><V92/><F92/><W86/><G95/><T15/><D96/><U119/><E119/><V58/><F58/><W93/><G93/><T84/><D57/><U26/><E69/><V27/><F27/><W120/><G25/><T23/><D24/><U72/><E72/><V17/><F17/><W135/><G120/><T128/><D84/><U30/><REACH who="1" step="1"/><E89/><REACH who="1" ten="363,107,252,258" step="2"/><V113/><F113/><W4/><G135/><T7/><D91/><U11/><E11/><V131/><F131/><W102/><REACH who="3" step="1"/><G33/><REACH who="3" ten="363,107,252,248" step="2"/><T132/><D34/><U2/><E2/><AGARI ba="1,3" hai="2,5,8,44,46,47,49,50,51,63,64,71,104,105" machi="2" ten="40,5200,0" yaku="1,1,52,1,53,1" doraHai="67" doraHaiUra="32" who="2" fromWho="1" sc="363,0,107,-55,252,85,248,0" />
</Scene>
<Scene>
<INIT seed="4,0,0,3,2,127" ten="363,52,337,248" oya="0" hai0="26,71,61,48,10,37,88,57,135,62,2,87,124" hai1="6,60,59,20,7,83,121,35,86,119,107,44,130" hai2="38,101,50,129,111,113,17,18,103,78,30,25,105" hai3="58,122,21,1,45,29,128,39,99,55,64,74,117"/><T93/><D37/><U51/><E35/><V133/><F38/><W8/><G117/><T43/><D124/><U108/><E119/><V11/><F111/><W75/><G122/><T5/><D135/><U109/><E121/><V73/><F113/><W94/><G64/><T106/><D106/><U52/><E107/><V46/><F133/><W56/><G56/><T116/><D116/><U15/><E109/><V72/><F105/><W33/><G33/><T67/><D26/><U102/><E102/><V41/><F78/><W89/><G29/><T24/><D24/><U104/><E104/><V80/><F80/><W114/><G114/><T110/><D110/><U91/><E108/><V22/><F11/><W3/><G21/><T49/><REACH who="0" step="1"/><D43/><REACH who="0" ten="353,52,337,248" step="2"/><U47/><E130/><V125/><F125/><W36/><G36/><T85/><D85/><U118/><E118/><V32/><F25/><W4/><G128/><T134/><D134/><U69/><E69/><V100/><F129/><W81/><G39/><T19/><D19/><N who="1" m="10367" /><E44/><V68/><F68/><W13/><G45/><T23/><D23/><U126/><E126/><V53/><F32/><W98/><G75/><T16/><D16/><N who="2" m="6250" /><F72/><W132/><G132/><T120/><D120/><U92/><E83/><V28/><F73/><W77/><G99/><T95/><D95/><U84/><E86/><V40/><F22/><W66/><G74/><T42/><D42/><AGARI ba="0,1" hai="6,7,42,47,51,52,59,60,84,91,92" m="10367" machi="42" ten="30,2000,0" yaku="8,1,54,1" doraHai="127" who="1" fromWho="0" sc="353,-20,52,30,337,0,248,0" /><AGARI ba="0,0" hai="28,30,40,41,42,46,50,53,100,101,103" m="6250" machi="42" ten="30,2000,0" yaku="8,1,54,1" doraHai="127" who="2" fromWho="0" sc="333,-20,82,0,337,20,248,0" />
</Scene>
<Scene>
<INIT seed="5,0,0,5,4,51" ten="313,82,357,248" oya="1" hai0="63,24,2,47,114,85,60,58,46,55,115,127,79" hai1="80,54,15,104,36,70,30,6,27,134,11,133,87" hai2="50,35,119,10,29,28,118,129,62,44,106,124,48" hai3="64,42,75,72,83,81,56,39,116,121,86,9,105"/><U8/><E104/><V92/><F106/><W71/><G121/><T37/><D2/><U111/><E36/><V57/><F129/><W3/><G105/><T93/><D127/><U45/><E70/><V34/><F124/><W94/><G71/><T126/><D126/><U5/><E111/><V59/><F92/><W4/><G116/><T33/><D37/><U0/><E45/><V16/><F10/><W43/><G94/><T135/><D135/><U73/><E73/><V90/><F90/><W117/><G117/><T40/><D40/><U49/><E27/><V125/><F125/><W23/><G81/><N who="0" m="47295" /><D93/><U38/><E38/><V82/><F62/><W91/><G39/><T77/><D63/><U66/><E66/><V17/><F82/><W18/><G43/><T52/><D55/><U68/><E30/><V101/><F44/><W100/><G42/><T67/><D67/><U1/><E68/><V99/><F99/><W109/><G109/><T122/><D77/><U110/><E110/><V112/><F101/><W89/><G100/><T65/><D65/><U14/><E133/><V76/><F76/><W88/><G56/><T20/><D33/><U61/><E61/><V113/><AGARI ba="0,0" hai="16,17,28,29,34,35,48,50,57,59,112,113,118,119" machi="113" ten="25,6400,0" yaku="0,1,22,2,54,1" doraHai="51" who="2" fromWho="2" sc="313,-16,82,-32,357,64,248,-16" />
</Scene>
<Scene>
<INIT seed="6,0,0,5,1,87" ten="297,50,421,232" oya="2" hai0="130,131,17,58,120,54,47,48,14,86,24,88,22" hai1="124,101,110,23,52,6,91,26,33,0,66,65,57" hai2="64,98,80,3,62,61,82,71,126,114,49,25,27" hai3="77,112,68,43,12,111,63,56,10,69,76,72,20"/><V85/><F3/><W5/><G111/><T127/><D120/><U107/><E110/><V129/><F129/><W37/><G112/><T99/><D99/><U96/><E124/><V104/><F126/><W115/><G115/><T46/><D127/><U18/><E33/><V4/><F4/><W121/><G121/><T89/><D24/><U135/><E135/><V109/><F109/><W53/><G72/><T113/><D113/><U84/><E6/><V32/><F114/><W19/><G37/><T93/><D89/><U29/><E29/><V94/><F80/><W2/><REACH who="3" step="1"/><G43/><REACH who="3" ten="297,50,421,222" step="2"/><T95/><D95/><U97/><E0/><V51/><F94/><W21/><G21/><T81/><D81/><U28/><E28/><V11/><F82/><W92/><G92/><T39/><D39/><U67/><E97/><V38/><F98/><W31/><G31/><T103/><D103/><U36/><E36/><V79/><F38/><W41/><G41/><T15/><D15/><U60/><REACH who="1" step="1"/><E84/><REACH who="1" ten="297,40,421,222" step="2"/><V13/><F85/><W102/><G102/><T16/><D17/><U42/><E42/><V73/><F73/><W7/><G7/><T44/><AGARI ba="0,2" hai="14,16,22,44,46,47,48,54,58,86,88,93,130,131" machi="44" ten="30,12000,2" yaku="0,1,25,2,52,1,54,2" doraHai="87" who="0" fromWho="0" sc="297,140,40,-30,421,-60,222,-30" />
</Scene>
<Scene>
<INIT seed="7,0,0,0,0,118" ten="437,10,361,192" oya="3" hai0="43,113,97,79,102,135,32,4,55,115,129,104,73" hai1="40,38,121,93,107,30,74,67,13,37,123,18,66" hai2="15,28,87,26,110,95,54,52,82,88,101,77,98" hai3="130,68,49,75,111,100,92,58,35,44,108,103,14"/><W27/><G68/><T78/><D32/><U126/><E107/><V83/><F110/><W25/><G75/><T72/><D43/><U128/><E74/><N who="0" m="28777" /><D55/><U2/><E40/><V71/><F71/><W31/><G130/><T50/><D50/><U109/><E128/><V69/><F69/><W1/><G1/><T61/><D61/><U84/><E2/><V19/><F28/><W53/><G14/><T47/><D47/><U41/><E41/><V134/><F26/><W114/><G114/><N who="0" m="43531" /><D4/><U3/><E3/><V85/><F134/><W51/><G27/><T39/><D39/><U105/><E105/><V62/><F62/><W57/><G92/><T33/><D33/><U99/><E93/><V6/><F6/><W119/><G119/><T65/><D65/><U64/><E64/><V10/><AGARI ba="0,0" hai="10,15,19,52,54,77,82,83,85,87,88,95,98,101" machi="10" ten="20,8000,1" yaku="0,1,7,1,8,1,54,2" doraHai="118" who="2" fromWho="2" sc="437,-20,10,-20,361,80,192,-40" owari="417,22.0,-10,-51.0,441,54.0,152,-25.0" />
</Scene>
</mjloggm>