<mjloggm ver="2.3"><GO type="169" lobby="0"/><UN n0="%41%53%41%50%49%4E" n1="%E3%80%93%E6%9D%BE%E4%BA%95%EF%BC%A3%EF%BC%B3%E3%80%93" n2="%E3%83%9A%E3%83%81%E3%83%A7%E3%83%BC%E3%83%AA%E3%83%B3" n3="%E6%B0%97%E6%A5%BD%E3%81%AB%E6%89%93%E3%81%A4" dan="18,17,17,16" rate="2265.91,2161.27,2174.48,2134.10" sx="M,M,M,M"/><TAIKYOKU oya="0"/>

<Scene>
<INIT seed="0,0,0,3,3,59" ten="250,250,250,250" oya="0" hai0="43,23,3,58,18,74,31,125,12,27,42,122,72" hai1="36,79,53,124,98,90,89,115,116,82,101,120,66" hai2="22,119,63,81,94,67,37,51,132,52,100,55,19" hai3="45,117,99,114,32,40,62,56,68,102,133,127,135"/><T57/><D122/><U13/><E120/><V96/><F37/><N who="3" m="21647" /><G114/><T1/><D125/><U61/><E124/><V107/><F132/><N who="3" m="50763" /><G127/><T6/><D57/><U5/><E115/><V35/><F35/><W17/><G117/><T103/><D103/><U134/><E134/><V70/><F119/><W112/><G112/><T10/><D1/><U30/><E36/><V48/><F81/><W28/><G32/><T9/><D43/><U113/><E113/><V77/><F77/><W93/><G28/><T87/><D42/><U64/><E30/><V110/><F110/><W4/><G4/><T34/><D10/><U20/><E116/><V106/><F51/><W38/><G38/><T85/><D85/><N who="1" m="48351" /><E53/><V129/><F129/><W16/><G68/><T75/><D75/><U104/><E104/><V78/><F55/><AGARI ba="0,0" hai="16,17,55,56,62,93,99,102" m="50763,21647" machi="55" ten="30,3900,0" yaku="20,1,52,1,54,1" doraHai="59" who="3" fromWho="2" sc="250,0,250,0,250,-39,250,39" />
</Scene>
<Scene>
<INIT seed="1,0,0,0,5,123" ten="250,250,211,289" oya="1" hai0="120,17,111,14,97,133,83,110,19,12,117,11,108" hai1="104,75,89,77,3,28,125,92,1,54,91,103,31" hai2="84,0,101,40,32,9,23,39,43,135,4,85,69" hai3="42,119,13,29,53,49,76,46,127,18,115,16,74"/><U99/><E125/><V66/><F32/><W106/><G115/><T27/><D120/><U72/><E54/><V52/><F135/><W59/><G127/><T78/><D133/><U93/><E104/><V109/><F109/><W67/><G119/><T129/><D117/><U10/><E103/><V8/><F101/><W126/><G126/><T64/><D129/><U37/><E37/><V100/><F100/><W107/><G67/><T61/><D97/><U41/><E41/><V128/><F128/><W57/><G29/><T96/><D96/><U71/><E99/><V62/><F9/><W6/><G6/><N who="0" m="3191" /><D27/><U94/><E10/><V2/><F2/><N who="1" m="521" /><E77/><V5/><F5/><W15/><G76/><T95/><D14/><U80/><E80/><V51/><F23/><W38/><G74/><N who="1" m="28202" /><E71/><V56/><F43/><W48/><G42/><T81/><D95/><U82/><E82/><N who="0" m="31241" /><D78/><U55/><E55/><V33/><REACH who="2" step="1"/><F33/><REACH who="2" ten="250,250,201,289" step="2"/><W47/><REACH who="3" step="1"/><G53/><REACH who="3" ten="250,250,201,279" step="2"/><T118/><D118/><U34/><E34/><V113/><F113/><W58/><G58/><AGARI ba="0,2" hai="17,19,58,61,64,108,110,111" m="31241,3191" machi="58" ten="30,7700,0" yaku="14,1,52,3" doraHai="123" who="0" fromWho="3" sc="250,97,250,0,201,0,279,-77" />
</Scene>
<Scene>
<INIT seed="2,0,0,0,3,104" ten="347,250,201,202" oya="2" hai0="126,89,134,135,78,11,57,108,36,107,42,62,56" hai1="22,15,58,33,19,99,86,91,105,7,82,76,35" hai2="113,55,95,133,24,21,77,90,81,16,34,114,98" hai3="18,100,59,17,71,44,92,28,30,70,60,123,127"/><V38/><F38/><W14/><G123/><T20/><D107/><U68/><E68/><V106/><F133/><W80/><G127/><T121/><D121/><U25/><E58/><V96/><F34/><W73/><G44/><T75/><D126/><U46/><E46/><V79/><F79/><W9/><G18/><T45/><D108/><U41/><E41/><V53/><F106/><W54/><G70/><T29/><D57/><U115/><E115/><V101/><F98/><W32/><G71/><T26/><D89/><U131/><E131/><V64/><F64/><W84/><G32/><T93/><D93/><U6/><E6/><V116/><F101/><W10/><G10/><T49/><D11/><U51/><E51/><V3/><F3/><W85/><G73/><T47/><D78/><U128/><E128/><V118/><F114/><W50/><G60/><T103/><D103/><U31/><E7/><V97/><F97/><N who="3" m="59431" /><G85/><T4/><D4/><U132/><E132/><V69/><F69/><W52/><G54/><T87/><D87/><U1/><E1/><V112/><F112/><W124/><G124/><T27/><D75/><U119/><E119/><V13/><F113/><W110/><G110/><T72/><D72/><U0/><E0/><V67/><F67/><W74/><G74/><T2/><D2/><U94/><E105/><V40/><F40/><W5/><G5/><T66/><REACH who="0" step="1"/><D27/><REACH who="0" ten="337,250,201,202" step="2"/><U43/><E43/><AGARI ba="0,1" hai="20,26,29,36,42,43,45,47,49,56,62,66,134,135" machi="43" ten="40,2600,0" yaku="1,1,2,1,53,0" doraHai="104" doraHaiUra="65" who="0" fromWho="1" sc="337,36,250,-26,201,0,202,0" />
</Scene>
<Scene>
<INIT seed="3,0,0,3,4,70" ten="373,224,201,202" oya="3" hai0="120,73,72,62,65,71,102,61,75,90,49,116,18" hai1="40,69,20,13,9,110,47,29,80,84,30,43,7" hai2="8,1,105,0,39,135,100,35,112,122,10,87,33" hai3="79,37,5,129,12,11,25,56,106,104,132,127,23"/><W97/><G127/><T42/><D116/><U91/><E110/><V130/><F87/><W115/><G115/><T103/><D120/><U128/><E128/><V48/><F48/><W50/><G129/><T27/><D62/><U28/><E69/><V55/><F55/><W74/><G132/><T51/><D90/><U36/><REACH who="1" step="1"/><E43/><REACH who="1" ten="373,214,201,202" step="2"/><V54/><F130/><W19/><G37/><T99/><D71/><U81/><E81/><V44/><F112/><W63/><G50/><T32/><D42/><U119/><E119/><V133/><F122/><W121/><G121/><T22/><D49/><U82/><E82/><V117/><F117/><W6/><G74/><T88/><D51/><U98/><E98/><V46/><F135/><W86/><G97/><T111/><D111/><U16/><E16/><V126/><F133/><W92/><G106/><T21/><D73/><U17/><E17/><V131/><F131/><W108/><G104/><T85/><D18/><U77/><E77/><V3/><F105/><W58/><G108/><T68/><D75/><U107/><E107/><V53/><F126/><W94/><G79/><T123/><D72/><U31/><E31/><V78/><F78/><W109/><G109/><T83/><D99/><U26/><AGARI ba="0,1" hai="7,9,13,20,26,28,29,30,36,40,47,80,84,91" machi="26" ten="30,4000,0" yaku="1,1,0,1,52,1,53,0" doraHai="70" doraHaiUra="125" who="1" fromWho="1" sc="373,-10,214,50,201,-10,202,-20" />
</Scene>
<Scene>
<INIT seed="4,0,0,4,5,92" ten="363,264,191,182" oya="0" hai0="103,53,20,7,76,29,101,18,48,31,112,43,89" hai1="106,113,96,33,134,32,91,66,14,71,49,59,131" hai2="127,25,65,128,50,37,3,115,12,61,133,111,114" hai3="99,87,42,108,40,45,95,97,121,77,41,58,102"/><T39/><D112/><U11/><E113/><V94/><F37/><W4/><G108/><T90/><D76/><U74/><E74/><V120/><F3/><W85/><G121/><T9/><D43/><U117/><E117/><V36/><F36/><W24/><G4/><T130/><D39/><U110/><E110/><V13/><F120/><W38/><G24/><T21/><D130/><U124/><E124/><V132/><F111/><W70/><G70/><T57/><D29/><U28/><E134/><N who="2" m="51819" /><F25/><W105/><G58/><T26/><D21/><U46/><E71/><N who="2" m="42415" /><F127/><W118/><G118/><T86/><D31/><U109/><E109/><V79/><F79/><W125/><G125/><T135/><D135/><U2/><E2/><V19/><F128/><W80/><REACH who="3" step="1"/><G87/><REACH who="3" ten="363,264,191,172" step="2"/><T5/><D5/><U67/><E131/><V75/><F75/><W69/><G69/><T83/><D7/><U68/><E68/><V60/><F115/><W122/><G122/><T15/><D86/><U116/><E116/><V82/><F114/><W51/><G51/><T98/><D57/><U27/><E59/><V34/><F50/><W84/><G84/><T52/><D48/><U56/><E56/><V64/><F60/><W119/><G119/><T47/><D26/><U72/><E72/><V100/><F13/><W81/><G81/><T1/><D83/><U17/><E33/><V0/><F82/><W88/><AGARI ba="0,1" hai="38,40,41,42,45,77,80,85,88,95,97,99,102,105" machi="88" ten="20,16000,3" yaku="1,1,0,1,7,1,52,2,54,1,53,2" doraHai="92" doraHaiUra="93" who="3" fromWho="3" sc="363,-80,264,-40,191,-40,172,170" />
</Scene>
<Scene>
<INIT seed="5,0,0,0,3,105" ten="283,224,151,342" oya="1" hai0="98,45,128,75,121,23,97,56,28,111,58,42,96" hai1="84,69,50,119,74,101,62,54,37,31,89,15,51" hai2="129,49,72,64,134,135,35,40,13,7,83,59,132" hai3="93,26,76,130,17,103,8,99,44,102,41,48,36"/><U9/><E37/><V27/><F129/><W29/><G130/><T115/><D111/><U107/><E119/><V124/><F124/><W18/><G76/><T33/><D128/><U95/><E31/><V0/><F0/><W19/><G36/><T71/><D33/><U6/><E74/><V125/><F125/><W126/><G126/><T16/><D28/><U131/><E131/><V67/><F35/><W86/><G86/><T114/><D71/><U30/><E30/><V43/><F27/><W52/><G41/><N who="2" m="15945" /><F49/><W66/><G66/><N who="2" m="25129" /><F59/><W133/><G133/><N who="2" m="34049" /><V108/><DORA hai="4" /><F108/><W68/><G68/><T85/><D58/><N who="1" m="35159" /><E107/><V21/><F21/><N who="3" m="15567" /><G103/><T24/><D23/><U1/><E1/><V11/><F83/><W100/><G102/><T63/><D56/><U46/><E69/><V116/><F116/><W12/><AGARI ba="0,0" hai="8,12,17,18,19,44,48,52,93,99,100" m="15567" machi="12" ten="30,4000,0" yaku="8,1,52,1,54,1" doraHai="105,4" who="3" fromWho="3" sc="283,-10,224,-20,151,-10,342,40" />
</Scene>
<Scene>
<INIT seed="6,0,0,2,1,61" ten="273,204,141,382" oya="2" hai0="41,88,131,14,1,114,87,127,48,77,113,102,32" hai1="110,11,4,82,90,2,73,80,21,40,98,50,26" hai2="19,79,49,83,55,122,36,45,93,59,116,47,71" hai3="68,37,9,24,52,119,56,89,28,123,22,33,132"/><V34/><F116/><W53/><G119/><T20/><D1/><U101/><E110/><V72/><F122/><W27/><G123/><T0/><D0/><U46/><E90/><V64/><F34/><W66/><G132/><T92/><D32/><U35/><E35/><V105/><F105/><W65/><G37/><T117/><D117/><U44/><E44/><V7/><F7/><W18/><G68/><T60/><D131/><U25/><E73/><V135/><F135/><W129/><G129/><T69/><D127/><U103/><E103/><V75/><F75/><W39/><G39/><T111/><D111/><U43/><E43/><V6/><F6/><W16/><G89/><T125/><D125/><U17/><REACH who="1" step="1"/><E25/><REACH who="1" ten="273,194,141,382" step="2"/><V99/><F36/><W84/><G33/><T86/><D41/><U81/><E81/><V115/><F115/><W128/><G27/><T78/><D102/><U133/><E133/><V121/><F121/><W13/><G128/><T70/><D88/><U94/><AGARI ba="0,1" hai="2,4,11,17,21,26,40,46,50,80,82,94,98,101" machi="94" ten="20,2700,0" yaku="1,1,0,1,7,1,53,0" doraHai="61" doraHaiUra="30" who="1" fromWho="1" sc="273,-7,194,37,141,-13,382,-7" />
</Scene>
<Scene>
<INIT seed="7,0,0,4,4,52" ten="266,231,128,375" oya="3" hai0="133,49,118,129,112,114,121,53,36,51,22,63,100" hai1="113,10,130,23,85,30,4,76,110,79,46,16,12" hai2="70,123,131,95,117,104,39,124,29,99,37,111,60" hai3="17,14,6,80,67,120,58,126,119,42,54,19,26"/><W45/><G120/><T69/><D100/><U68/><E110/><V40/><F29/><W109/><G119/><T11/><D118/><U108/><E108/><V20/><F20/><W0/><G109/><T72/><D72/><U75/><E75/><V115/><F95/><W48/><G126/><T35/><D35/><U25/><E113/><N who="0" m="43625" /><D121/><U93/><E130/><V103/><F99/><W77/><G67/><N who="0" m="41215" /><D129/><U9/><E68/><V21/><F21/><W41/><G0/><T59/><D11/><U55/><E93/><V24/><F103/><W2/><G2/><T116/><D116/><U135/><E135/><V87/><F24/><W74/><G26/><T90/><D22/><U73/><E73/><V78/><F87/><N who="3" m="48527" /><G14/><T33/><D33/><U127/><E127/><V106/><F78/><W62/><G74/><T88/><D36/><U128/><E128/><V43/><F43/><N who="3" m="24639" /><G6/><T132/><D51/><U89/><E89/><AGARI ba="0,0" hai="49,53,59,88,89,90,132,133" m="41215,43625" machi="89" ten="30,7700,0" yaku="15,1,11,1,52,1,54,1" doraHai="52" who="0" fromWho="1" sc="266,77,231,-77,128,0,375,0" owari="343,14.0,154,-25.0,128,-37.0,375,48.0" />
</Scene>
</mjloggm>