<mjloggm ver="2.3"><GO type="169"/><UN n0="%E4%B9%9D%E5%B0%BE%E7%99%BD%E7%8B%90" n1="%E5%89%A3%E5%9F%8E" n2="%41%53%41%50%49%4E" n3="%E2%98%85%E3%82%86%E3%83%BC%E2%98%86" dan="16,16,18,17" rate="2100,2024,2242,2192" sx="M,M,M,M"/><TAIKYOKU oya="0"/>

<Scene>
<INIT seed="0,0,0,5,5,14" ten="250,250,250,250" oya="0" hai0="9,25,23,1,31,88,66,106,34,74,24,57,6" hai1="46,135,68,82,78,125,21,41,101,104,90,108,48" hai2="100,65,128,76,44,35,86,123,120,118,84,28,39" hai3="109,3,122,63,75,79,126,36,51,20,80,105,0"/><T131/><D74/><U18/><E68/><V43/><F128/><W117/><G51/><T58/><D106/><U71/><E71/><V61/><F118/><W55/><G63/><T119/><D119/><U62/><E62/><V50/><F100/><W64/><G55/><T11/><D66/><U91/><E108/><V33/><F39/><W83/><G20/><T72/><D72/><U69/><E69/><V113/><F113/><W112/><G79/><T77/><D77/><U59/><E59/><V53/><F43/><W22/><G22/><T8/><D58/><U56/><E56/><V81/><F84/><W2/><G83/><T129/><D57/><U54/><E41/><V67/><F28/><W114/><G80/><T110/><D88/><U97/><E125/><V15/><F65/><W93/><G93/><T17/><D110/><U132/><E78/><V19/><F61/><W32/><G3/><T7/><D11/><U94/><E82/><V116/><F116/><W92/><G92/><T89/><D89/><U42/><E42/><V70/><F70/><W98/><G64/><T47/><D47/><U27/><REACH who="1" step="1"/><E90/><REACH who="1" ten="250,240,250,250" step="2"/><V124/><F124/><W85/><G126/><T87/><D87/><AGARI ba="0,1" hai="18,21,27,46,48,54,87,91,94,97,101,104,132,135" machi="87" ten="40,5200,0" yaku="1,1,2,1,52,1,53,0" doraHai="14" doraHaiUra="29" who="1" fromWho="0" sc="250,-52,240,62,250,0,250,0" />
</Scene>
<Scene>
<INIT seed="1,0,0,5,4,44" ten="198,302,250,250" oya="1" hai0="25,114,54,43,112,103,55,90,126,15,62,28,80" hai1="131,22,92,100,46,27,64,87,65,5,102,94,127" hai2="85,133,88,93,84,97,2,48,47,86,70,123,76" hai3="109,79,10,72,63,77,17,34,45,38,60,135,73"/><U61/><E127/><V95/><F123/><W30/><G34/><T134/><D126/><U104/><E104/><V125/><F125/><W11/><G30/><T89/><D103/><U81/><E131/><V20/><F2/><W32/><G32/><T68/><D43/><U75/><E5/><V29/><F70/><W105/><G45/><T121/><D121/><U8/><E75/><V110/><F133/><W106/><G17/><T107/><D107/><U50/><E8/><V71/><F71/><W122/><G122/><T1/><D1/><U18/><E100/><V3/><F3/><W24/><G24/><T23/><D15/><U52/><E102/><V119/><F110/><W91/><G91/><T35/><D35/><U12/><E27/><N who="2" m="16615" /><F119/><W26/><G26/><T132/><D68/><U41/><E41/><N who="2" m="24687" /><F95/><N who="1" m="36393" /><E61/><V101/><F101/><W74/><G74/><T42/><D62/><U53/><E53/><V120/><F120/><W124/><G124/><T58/><D58/><U98/><E98/><V56/><F56/><W57/><G57/><T78/><D114/><U117/><E117/><V111/><F111/><W115/><G109/><T51/><D112/><U31/><E31/><V14/><F14/><W33/><G33/><T0/><D0/><U130/><E130/><V59/><F59/><W118/><G118/><T66/><D134/><U39/><E39/><V40/><F40/><W49/><G135/><T6/><D132/><U113/><E113/><V128/><F128/><W67/><G115/><T21/><D42/><U69/><E69/><V96/><F96/><W83/><G38/><RYUUKYOKU ba="0,0" sc="198,-15,302,15,250,15,250,-15" hai1="12,18,22,46,50,52,64,65,81,87" hai2="76,84,85,86,88,93,97" />
</Scene>
<Scene>
<INIT seed="1,1,0,0,1,131" ten="183,317,265,235" oya="1" hai0="22,95,72,128,126,5,49,26,67,77,8,90,64" hai1="56,9,110,58,97,133,17,47,99,101,91,34,3" hai2="54,4,1,102,132,113,32,6,16,106,79,27,130" hai3="104,108,74,123,93,15,87,62,2,66,124,94,39"/><U117/><E34/><V84/><F130/><W40/><G2/><T134/><D126/><U23/><E117/><V11/><F32/><W76/><G104/><T105/><D105/><U30/><E30/><V63/><F113/><W121/><G74/><T59/><D72/><U31/><E31/><V35/><F35/><W92/><G15/><N who="0" m="5519" /><D77/><U24/><E99/><V73/><F132/><W52/><G108/><T82/><D82/><U112/><E112/><V83/><F6/><W107/><G107/><T18/><D134/><U25/><E133/><V69/><F73/><W28/><G28/><T71/><D71/><U42/><E25/><V96/><F54/><W0/><G66/><T115/><D128/><U129/><E129/><V109/><F109/><W111/><G0/><T122/><D122/><U37/><E110/><V60/><REACH who="2" step="1"/><F69/><REACH who="2" ten="183,317,255,235" step="2"/><W70/><G70/><T78/><D115/><U41/><E41/><V21/><AGARI ba="1,1" hai="1,4,11,16,21,27,60,63,79,83,84,96,102,106" machi="21" ten="30,7900,0" yaku="1,1,2,1,0,1,54,1,53,0" doraHai="131" doraHaiUra="61" who="2" fromWho="2" sc="183,-21,317,-40,255,92,235,-21" />
</Scene>
<Scene>
<INIT seed="2,0,0,2,5,123" ten="162,277,347,214" oya="2" hai0="125,49,5,25,22,94,113,92,77,11,104,124,32" hai1="91,79,90,46,15,89,131,36,111,83,81,3,100" hai2="67,57,114,134,48,34,117,122,59,20,35,78,54" hai3="9,86,84,99,108,19,110,98,121,135,10,64,4"/><V75/><F122/><W51/><G121/><T39/><D39/><U37/><E3/><V129/><F114/><W43/><G64/><T71/><D71/><U65/><E65/><V69/><F117/><W115/><G115/><T27/><D104/><U63/><E63/><V13/><F69/><W45/><G135/><T72/><D49/><U97/><E36/><V80/><F134/><W52/><G43/><T6/><D77/><U88/><E131/><V12/><F129/><W116/><G116/><T29/><D72/><N who="1" m="43239" /><E15/><V7/><F13/><N who="3" m="7607" /><G98/><T106/><D106/><N who="1" m="63759" /><E46/><V61/><REACH who="2" step="1"/><F20/><REACH who="2" ten="162,277,337,214" step="2"/><W119/><G119/><T8/><D113/><U120/><E120/><V1/><F1/><N who="3" m="143" /><G99/><T42/><D22/><U68/><E68/><V87/><F87/><W23/><G23/><T126/><D32/><U56/><E37/><V103/><F103/><W74/><G74/><T96/><D96/><U38/><E38/><V105/><F105/><W28/><G86/><T66/><D125/><U41/><E41/><V70/><F70/><W93/><G84/><T85/><D42/><U60/><E83/><V18/><F18/><W16/><G16/><T31/><D124/><U44/><E44/><V107/><F107/><W14/><G28/><T40/><D40/><U53/><E56/><V132/><F132/><W26/><G14/><T58/><D126/><U33/><E33/><V62/><F62/><W2/><G2/><T50/><D58/><U127/><E60/><V21/><F21/><W118/><G118/><T133/><D133/><U17/><E127/><V101/><F101/><W82/><G45/><RYUUKYOKU ba="0,1" sc="162,-10,277,-10,337,30,214,-10" hai2="7,12,34,35,48,54,57,59,61,67,75,78,80" />
</Scene>
<Scene>
<INIT seed="2,1,1,2,4,9" ten="152,267,367,204" oya="2" hai0="16,6,101,126,52,32,26,133,34,13,40,107,132" hai1="73,69,43,117,8,88,118,100,129,124,12,108,127" hai2="64,62,63,96,80,113,7,86,1,30,14,123,66" hai3="48,115,29,102,56,55,51,131,33,94,97,120,116"/><V134/><F113/><W87/><G120/><T70/><D70/><U105/><E69/><V83/><F123/><W25/><G116/><T84/><D40/><U54/><E73/><V74/><F1/><W99/><G131/><T71/><D71/><U2/><E2/><V114/><F114/><W3/><G3/><T76/><D6/><U15/><E43/><V19/><F7/><W50/><G115/><T0/><D26/><U41/><E41/><V112/><F112/><W38/><G38/><T17/><D17/><U75/><E75/><V128/><F128/><W119/><G119/><N who="1" m="45578" /><E8/><V20/><F134/><N who="0" m="51818" /><D0/><U59/><E129/><V130/><F130/><W60/><G87/><T11/><D101/><U36/><E36/><V35/><F96/><W22/><REACH who="3" step="1"/><G99/><REACH who="3" ten="152,267,367,194" step="2"/><T57/><D126/><U72/><E124/><V122/><F122/><W121/><G121/><T45/><D107/><U37/><E127/><V49/><F74/><W89/><G89/><T135/><D135/><U93/><E88/><V39/><F39/><W18/><G18/><T82/><D45/><U24/><E72/><V23/><F86/><W27/><G27/><T65/><D65/><U44/><E24/><N who="2" m="16671" /><F64/><W53/><G53/><T31/><D31/><U91/><E54/><V90/><F66/><W79/><G79/><T67/><D67/><U81/><E105/><V46/><F90/><W58/><G58/><T68/><D68/><U78/><E91/><V106/><F106/><W85/><G85/><T125/><D125/><U77/><E77/><V21/><F46/><W28/><G28/><T111/><D111/><RYUUKYOKU ba="1,2" sc="152,15,267,-15,367,-15,194,15" hai0="11,13,16,32,34,52,57,76,82,84" hai3="22,25,29,33,48,50,51,55,56,60,94,97,102" />
</Scene>
<Scene>
<INIT seed="3,2,2,1,2,128" ten="167,252,352,209" oya="3" hai0="38,86,52,80,39,100,29,16,129,24,15,27,108" hai1="102,69,109,56,49,110,47,36,65,74,8,5,91" hai2="70,99,119,135,1,33,125,78,68,13,118,61,130" hai3="9,60,14,44,111,7,88,114,113,63,55,131,75"/><W20/><G75/><T58/><D100/><U66/><E74/><V90/><F1/><W85/><G131/><T31/><D108/><N who="1" m="41579" /><E69/><V120/><F33/><W126/><G111/><T6/><D6/><U132/><E102/><V76/><F130/><W117/><G117/><T79/><D38/><U46/><E91/><V53/><F120/><W2/><G126/><T40/><D40/><N who="1" m="22919" /><E56/><V72/><F125/><W30/><G114/><T105/><D39/><U97/><E97/><V92/><F72/><W0/><G113/><T103/><D105/><U101/><E101/><V32/><F70/><W18/><G2/><T57/><D103/><U50/><E132/><V19/><F135/><W127/><G30/><N who="0" m="11275" /><D58/><U10/><E10/><V34/><F68/><W26/><G0/><T71/><D71/><U73/><E73/><V17/><F119/><W96/><G96/><T41/><D41/><N who="1" m="24783" /><E50/><V21/><F118/><W81/><G127/><T107/><D107/><U48/><E48/><AGARI ba="2,2" hai="7,9,14,18,20,26,44,48,55,60,63,81,85,88" machi="48" ten="40,3900,0" yaku="8,1,54,1" doraHai="128" who="3" fromWho="1" sc="167,0,252,-45,352,0,209,65" />
</Scene>
<Scene>
<INIT seed="3,3,0,4,4,48" ten="167,207,352,274" oya="3" hai0="131,70,117,124,60,8,87,120,134,9,41,71,81" hai1="0,110,76,44,98,127,66,92,26,89,103,1,116" hai2="3,45,132,46,38,13,85,99,7,18,100,17,57" hai3="83,68,20,102,43,34,28,62,96,19,59,49,108"/><W2/><G2/><T35/><D117/><U82/><E116/><V37/><F132/><W15/><G83/><T54/><D124/><U95/><E127/><V106/><F18/><W21/><G34/><T42/><D131/><U11/><E110/><V122/><F122/><W86/><G86/><T91/><D35/><U58/><E44/><V56/><F46/><N who="3" m="25823" /><G68/><T93/><D120/><U10/><E10/><N who="0" m="4201" /><D70/><U75/><E26/><V23/><F7/><W107/><G107/><T40/><D71/><U27/><E27/><V80/><F3/><W16/><G28/><T33/><D33/><U30/><E30/><V74/><F74/><W128/><G128/><T12/><D134/><U53/><E66/><V63/><F45/><W78/><G108/><T61/><D12/><U119/><E11/><V55/><REACH who="2" step="1"/><F57/><REACH who="2" ten="167,207,342,274" step="2"/><W88/><G59/><T47/><D81/><U64/><E119/><V101/><F101/><W73/><G102/><T69/><D69/><U115/><E0/><V121/><F121/><W29/><G73/><T6/><D6/><U31/><E1/><V32/><F32/><W90/><G29/><T123/><D123/><U22/><E31/><V14/><F14/><W125/><G15/><T51/><AGARI ba="3,1" hai="40,41,42,47,51,54,60,61,87,91,93" m="4201" machi="51" ten="30,2000,0" yaku="8,1,52,1" doraHai="48" who="0" fromWho="0" sc="167,39,207,-8,342,-8,274,-13" />
</Scene>
<Scene>
<INIT seed="4,0,0,2,1,134" ten="206,199,334,261" oya="0" hai0="57,119,24,87,118,45,97,131,39,30,12,20,63" hai1="44,95,15,110,64,50,135,85,121,32,52,96,66" hai2="48,40,73,5,98,77,37,25,88,62,106,2,56" hai3="72,13,116,18,1,91,102,21,75,26,125,126,78"/><T33/><D131/><U31/><E110/><V46/><F106/><W9/><G116/><T104/><D87/><U3/><E3/><V65/><F25/><W101/><G1/><T49/><D39/><U0/><E0/><V14/><F14/><W111/><G111/><T6/><D97/><U16/><E121/><V132/><F132/><W8/><G91/><T51/><D51/><U115/><E135/><V19/><F19/><W69/><G69/><T94/><D94/><U36/><E36/><V128/><F128/><W81/><G75/><T7/><D104/><U89/><E115/><V38/><F98/><W4/><REACH who="3" step="1"/><G9/><REACH who="3" ten="206,199,334,251" step="2"/><T76/><D76/><U67/><E32/><V27/><F88/><W41/><G41/><T103/><D119/><U60/><E31/><V107/><F2/><W122/><G122/><T109/><D118/><U108/><E108/><V90/><F90/><W54/><G54/><T114/><D114/><U123/><E123/><V124/><F77/><W117/><G117/><T29/><D109/><U100/><E60/><V120/><F73/><W34/><G34/><T47/><D30/><U43/><E43/><V84/><F40/><W99/><G99/><T130/><D130/><U17/><REACH who="1" step="1"/><E15/><REACH who="1" ten="206,189,334,251" step="2"/><V59/><F62/><W113/><G113/><T112/><D33/><U68/><E68/><V105/><F120/><W93/><G93/><AGARI ba="0,2" hai="16,17,44,50,52,64,66,67,85,89,93,95,96,100" machi="93" ten="40,8000,1" yaku="1,1,8,1,54,2,53,0" doraHai="134" doraHaiUra="129" who="1" fromWho="3" sc="206,0,189,100,334,0,251,-80" />
</Scene>
<Scene>
<INIT seed="5,0,0,1,1,86" ten="206,289,334,171" oya="1" hai0="134,19,113,87,57,128,48,71,34,95,51,11,121" hai1="125,75,30,80,36,39,112,29,52,49,0,74,55" hai2="13,27,115,83,40,132,108,12,14,114,72,127,1" hai3="18,130,94,43,79,66,25,109,15,111,22,101,7"/><U69/><E0/><V5/><F108/><W28/><G130/><T62/><D34/><U38/><E69/><V53/><F40/><W20/><G43/><T84/><D113/><N who="2" m="43018" /><F53/><W90/><G101/><T119/><D71/><U123/><E112/><V118/><F83/><W104/><G104/><T3/><D128/><U82/><E123/><V85/><F85/><W64/><G79/><T10/><D134/><U131/><E131/><V126/><F72/><W16/><G7/><T47/><D119/><U77/><E125/><N who="2" m="47627" /><F27/><W76/><G76/><T26/><D121/><U105/><E55/><V135/><F118/><W60/><G28/><T107/><D84/><U97/><E97/><V54/><F54/><W89/><G66/><T96/><D87/><U73/><E82/><V59/><F59/><W45/><G45/><T93/><D47/><U63/><E75/><V42/><F42/><W2/><G2/><T103/><D3/><U8/><E74/><V88/><F88/><W50/><G50/><T129/><D129/><U17/><E73/><V100/><F100/><W23/><G111/><T24/><D24/><U122/><E77/><V116/><F116/><W9/><G109/><T92/><D26/><U117/><E80/><V133/><F1/><W4/><G25/><T65/><D51/><U78/><E78/><V67/><F67/><W68/><G90/><T110/><D48/><U46/><E117/><V6/><AGARI ba="0,0" hai="5,6,12,13,14,132,133,135" m="47627,43018" machi="6" ten="50,16000,3" yaku="28,2,20,1,15,1,11,1,18,1,34,2" doraHai="86" who="2" fromWho="2" sc="206,-40,289,-80,334,160,171,-40" />
</Scene>
<Scene>
<INIT seed="6,0,0,4,5,43" ten="166,209,494,131" oya="2" hai0="46,10,45,105,75,88,18,116,73,135,132,29,68" hai1="131,84,117,133,60,24,53,34,28,94,89,95,50" hai2="104,16,54,77,27,33,118,78,13,17,26,110,115" hai3="1,71,0,23,36,93,8,114,3,134,113,121,14"/><V126/><F118/><W74/><G74/><T57/><D68/><U48/><E117/><V12/><F104/><W102/><G71/><T11/><D105/><U99/><E133/><N who="0" m="51273" /><D29/><U31/><E131/><V125/><F54/><W101/><G134/><T92/><D57/><N who="1" m="34863" /><E34/><V128/><F128/><W61/><G121/><T91/><D18/><N who="2" m="7274" /><F115/><N who="3" m="44043" /><G23/><T52/><D52/><U98/><E84/><V4/><F110/><W119/><G119/><T62/><D62/><U122/><E122/><V49/><F33/><W63/><G36/><T85/><D91/><N who="1" m="55647" /><E24/><V81/><F26/><W19/><G102/><T90/><D90/><U7/><E7/><V86/><F27/><W112/><N who="3" m="44051" /><W5/><DORA hai="39" /><G5/><T37/><D37/><U22/><E22/><V127/><F4/><W130/><G130/><T103/><D103/><U79/><E31/><V120/><F120/><W40/><G40/><T41/><D41/><U82/><E28/><V69/><F69/><W20/><G20/><T76/><D116/><U38/><E38/><V64/><F126/><W15/><G15/><T56/><D56/><U109/><E109/><V55/><F12/><W44/><G44/><N who="0" m="17003" /><D73/><U107/><E107/><V87/><F125/><W129/><G129/><T124/><D124/><U42/><E42/><V35/><F127/><W6/><G19/><T100/><D100/><U97/><E97/><AGARI ba="0,0" hai="0,1,3,6,8,14,61,63,93,97,101" m="44051" machi="97" ten="50,3200,0" yaku="15,1,11,1" doraHai="43,39" who="3" fromWho="1" sc="166,0,209,-32,494,0,131,32" />
</Scene>
<Scene>
<INIT seed="7,0,0,0,2,51" ten="166,177,494,163" oya="3" hai0="68,73,15,20,4,28,80,5,64,74,50,83,22" hai1="23,82,25,57,79,113,129,52,95,71,18,90,118" hai2="128,36,121,108,112,100,85,32,62,134,93,70,45" hai3="111,14,34,56,115,131,102,66,97,98,75,44,39"/><W40/><G75/><T9/><D68/><U37/><E71/><V35/><F108/><W48/><G34/><T103/><D64/><U38/><E113/><V124/><F112/><W8/><G115/><T6/><D103/><U117/><E129/><V84/><F128/><W10/><G131/><T0/><D0/><U53/><E53/><V12/><F124/><W7/><G111/><T119/><D119/><N who="1" m="45579" /><E95/><V132/><F93/><W2/><G102/><T26/><D22/><U55/><E55/><V61/><F70/><W41/><G41/><T24/><D24/><U65/><E65/><V63/><F100/><W42/><G42/><T89/><D73/><N who="1" m="43375" /><E90/><V86/><F121/><W21/><G21/><T91/><D50/><AGARI ba="0,0" hai="18,23,25,37,38,50,52,57" m="43375,45579" machi="50" ten="30,3900,0" yaku="12,1,52,1,54,1" doraHai="51" who="1" fromWho="0" sc="166,-39,177,39,494,0,163,0" owari="127,-37.0,216,2.0,494,59.0,163,-24.0" />
</Scene>
</mjloggm>