<mjloggm ver="2.3"><GO type="169" lobby="0"/><UN n0="%E3%83%9F%E3%83%A9%E3%82%AF%E3%83%AB%E3%81%8A%E3%81%98%E3%81%95%E3%82%93" n1="%E5%A4%A9%E7%A9%BA%E3%81%AE%E7%99%BD%E3%82%82%E3%82%93%E3%81%9F" n2="%41%53%41%50%49%4E" n3="%68%69%67%68%31%35%31%35" dan="17,16,19,16" rate="2178.70,2118.15,2261.58,2101.54" sx="M,F,M,M"/><TAIKYOKU oya="0"/>

<Scene>
<INIT seed="0,0,0,5,0,68" ten="250,250,250,250" oya="0" hai0="17,56,58,110,18,135,132,92,78,38,96,83,74" hai1="67,134,1,8,23,98,84,90,97,31,20,72,107" hai2="119,62,39,66,7,80,34,13,6,127,30,5,109" hai3="52,60,86,57,73,25,124,71,36,129,91,45,117"/><T22/><D110/><U131/><E72/><V82/><F109/><W9/><G117/><T64/><D38/><U116/><E116/><V49/><F119/><W48/><G73/><T99/><D64/><U81/><E134/><N who="0" m="51241" /><D99/><U42/><E131/><V21/><F127/><W94/><G124/><T133/><N who="0" m="51249" /><T114/><DORA hai="87" /><D114/><U14/><E1/><V53/><F34/><W50/><G129/><T28/><D28/><U46/><E67/><V89/><F39/><W105/><G105/><T16/><D22/><N who="1" m="8235" /><E31/><V128/><F128/><W63/><G71/><T11/><D11/><U101/><E101/><AGARI ba="0,0" hai="16,17,18,56,58,74,78,83,92,96,101" m="51249" machi="101" ten="40,3900,0" yaku="20,1,54,1" doraHai="68,87" who="0" fromWho="1" sc="250,39,250,-39,250,0,250,0" />
</Scene>
<Scene>
<INIT seed="0,1,0,3,0,51" ten="289,211,250,250" oya="0" hai0="16,96,120,90,67,81,93,11,74,4,130,121,27" hai1="58,48,65,115,39,84,109,107,83,13,29,9,2" hai2="5,89,50,94,40,85,123,113,128,54,62,77,24" hai3="75,135,17,3,47,68,112,0,7,55,122,60,35"/><T38/><D38/><U42/><E107/><V34/><F113/><W56/><G112/><T95/><D130/><U86/><E109/><V110/><F128/><W116/><G116/><T132/><D132/><U106/><E106/><V20/><F110/><W105/><G135/><T97/><D67/><U28/><E2/><V59/><F123/><W80/><G122/><T98/><D74/><U46/><E115/><V73/><F34/><W43/><G105/><T101/><D81/><U76/><E86/><V26/><F5/><W25/><G68/><T57/><D97/><U117/><E117/><V69/><F73/><W64/><G64/><T66/><D66/><U118/><E118/><V52/><F69/><W49/><G7/><T103/><D90/><U8/><E8/><V45/><F77/><W133/><G133/><T53/><D27/><N who="2" m="10282" /><F20/><W100/><G100/><T102/><D102/><U91/><E91/><V114/><F114/><W71/><G71/><T87/><D87/><U82/><E82/><V78/><F78/><W63/><G63/><T18/><D121/><U23/><E23/><V125/><F125/><W129/><G129/><T19/><D120/><U124/><E124/><V36/><F36/><W22/><REACH who="3" step="1"/><G35/><REACH who="3" ten="289,211,250,240" step="2"/><T31/><D31/><U21/><E65/><AGARI ba="1,1" hai="40,45,50,52,54,59,62,65,85,89,94" m="10282" machi="65" ten="30,7700,0" yaku="8,1,52,2,54,1" doraHai="51" who="2" fromWho="1" sc="289,0,211,-80,250,90,240,0" />
</Scene>
<Scene>
<INIT seed="1,0,0,3,1,10" ten="289,131,340,240" oya="1" hai0="118,93,53,123,72,63,35,25,86,103,101,33,133" hai1="11,54,8,115,1,49,89,28,80,55,56,23,41" hai2="75,52,78,15,74,110,88,102,13,106,90,62,39" hai3="128,113,91,34,119,67,30,20,124,126,26,107,17"/><U4/><E115/><V98/><F39/><W18/><G107/><T48/><D72/><U24/><E8/><V117/><F117/><W21/><G67/><T36/><D118/><U94/><E80/><V60/><F110/><W81/><G119/><T22/><D36/><U7/><E4/><V76/><F74/><W82/><G113/><T50/><D133/><U14/><E55/><V114/><F114/><W3/><G128/><T73/><D53/><U65/><E65/><V120/><F120/><W46/><G46/><T0/><D123/><U6/><E41/><V16/><F13/><N who="3" m="9263" /><G91/><T61/><D103/><U97/><E6/><V112/><F112/><W27/><G3/><T104/><D101/><U44/><REACH who="1" step="1"/><E1/><REACH who="1" ten="289,121,340,240" step="2"/><V108/><F52/><W84/><G81/><T105/><D0/><U131/><E131/><V87/><F108/><W45/><G82/><T70/><D61/><U125/><E125/><V64/><F60/><W77/><G124/><T68/><D63/><U32/><E32/><V2/><F2/><W71/><G34/><T85/><D33/><U99/><E99/><V96/><F96/><W5/><G5/><T57/><D35/><U47/><AGARI ba="0,1" hai="7,11,14,23,24,28,44,47,49,54,56,89,94,97" machi="47" ten="30,11700,0" yaku="1,1,0,1,8,1,52,1,53,0" doraHai="10" doraHaiUra="111" who="1" fromWho="1" sc="289,-39,121,127,340,-39,240,-39" />
</Scene>
<Scene>
<INIT seed="1,1,0,5,1,2" ten="250,248,301,201" oya="1" hai0="45,52,43,78,87,1,131,40,126,38,39,10,124" hai1="100,62,80,113,48,6,57,63,107,5,105,51,28" hai2="49,20,4,9,114,13,58,77,134,132,102,26,88" hai3="17,16,133,69,99,34,68,122,81,93,73,59,3"/><U72/><E113/><V117/><F117/><W127/><G122/><T104/><D104/><U119/><E119/><V96/><F77/><W47/><G34/><T12/><D1/><U44/><E28/><V64/><F114/><W22/><G133/><N who="2" m="51305" /><F102/><W91/><G127/><T130/><D52/><U27/><E27/><V70/><F70/><W23/><G3/><T116/><D116/><U76/><E63/><V24/><F20/><W115/><G115/><T0/><D0/><U103/><E100/><V61/><F49/><W31/><G31/><T106/><D39/><U98/><E51/><V92/><AGARI ba="1,0" hai="4,9,13,24,26,58,61,64,88,92,96" m="51305" machi="92" ten="30,4000,0" yaku="20,1,52,1,54,1" doraHai="2" who="2" fromWho="2" sc="250,-11,248,-21,301,43,201,-11" />
</Scene>
<Scene>
<INIT seed="2,0,0,4,0,19" ten="239,227,344,190" oya="2" hai0="104,37,18,23,49,112,110,10,94,27,106,13,123" hai1="114,133,31,61,50,102,73,132,121,107,86,3,128" hai2="87,32,69,74,122,125,90,44,48,85,108,82,115" hai3="52,8,131,77,117,15,17,83,113,72,54,109,28"/><V55/><F115/><W118/><G113/><T58/><D37/><U16/><E3/><V43/><F122/><W1/><G109/><T20/><D112/><U78/><E73/><V71/><F32/><W95/><G131/><T14/><D123/><U33/><E114/><V57/><F74/><W42/><G1/><T35/><D35/><U2/><E2/><V116/><F116/><W6/><G28/><T67/><D110/><U66/><E50/><V80/><F125/><W88/><G42/><T21/><D104/><U45/><E45/><V100/><F100/><W129/><G129/><T0/><D106/><U63/><E61/><V120/><F120/><W51/><G6/><N who="0" m="3287" /><D0/><U59/><E128/><V81/><F108/><W126/><G126/><T101/><D27/><U29/><E33/><V93/><REACH who="2" step="1"/><F85/><REACH who="2" ten="239,227,334,190" step="2"/><W26/><G72/><T68/><D68/><U127/><E127/><V62/><AGARI ba="0,1" hai="43,44,48,55,57,62,69,71,80,81,82,87,90,93" machi="62" ten="30,11700,0" yaku="1,1,2,1,0,1,53,1" doraHai="19" doraHaiUra="84" who="2" fromWho="2" sc="239,-39,227,-39,334,127,190,-39" />
</Scene>
<Scene>
<INIT seed="2,1,0,4,4,133" ten="200,188,461,151" oya="2" hai0="129,73,104,17,27,92,0,72,109,39,53,45,68" hai1="80,88,96,106,97,119,110,78,26,15,19,79,124" hai2="87,81,98,111,48,46,52,67,36,90,89,108,95" hai3="76,107,34,20,127,131,84,101,43,77,135,8,40"/><V115/><F115/><W49/><G34/><T102/><D104/><U21/><E119/><V61/><REACH who="2" step="1"/><F36/><REACH who="2" ten="200,188,451,151" step="2"/><W18/><G135/><T85/><D39/><U86/><E110/><V113/><F113/><W38/><G38/><T134/><D109/><U103/><E124/><V11/><F11/><W132/><G127/><T116/><D116/><U93/><REACH who="1" step="1"/><E15/><REACH who="1" ten="200,178,451,151" step="2"/><V9/><F9/><W58/><G8/><T91/><D0/><U10/><E10/><V32/><F32/><W29/><G132/><T126/><D134/><U128/><E128/><V71/><AGARI ba="1,2" hai="46,48,52,61,67,71,81,87,89,90,95,98,108,111" machi="71" ten="30,11700,0" yaku="1,1,0,1,54,1,53,1" doraHai="133" doraHaiUra="63" who="2" fromWho="2" sc="200,-40,178,-40,451,140,151,-40" />
</Scene>
<Scene>
<INIT seed="2,2,0,1,3,103" ten="160,138,591,111" oya="2" hai0="53,14,109,113,27,21,31,42,59,61,125,46,83" hai1="64,41,34,55,36,0,3,57,116,33,108,26,11" hai2="56,58,132,43,32,119,81,2,22,25,101,90,134" hai3="106,38,96,52,71,130,84,39,4,45,115,23,54"/><V95/><F119/><W66/><G130/><T68/><D113/><U124/><E116/><V105/><F2/><W122/><G122/><T91/><D109/><U128/><E108/><V111/><F111/><W80/><G115/><T6/><D125/><U62/><E124/><V63/><F32/><W47/><G4/><T82/><D68/><U118/><E118/><V20/><F43/><W16/><G47/><T117/><D117/><U49/><E128/><V104/><F81/><W133/><G133/><N who="2" m="51305" /><F101/><W24/><G66/><T135/><D135/><U44/><E26/><V74/><F74/><W10/><G71/><T69/><D69/><N who="1" m="42135" /><E11/><V13/><F13/><W28/><G106/><N who="2" m="41065" /><F63/><W19/><G80/><T17/><D61/><U65/><E65/><V89/><F89/><W7/><G24/><T75/><D27/><U126/><E126/><V76/><F76/><W100/><G100/><T70/><D91/><U98/><E3/><V1/><F1/><W102/><G102/><T87/><D14/><U127/><E127/><V120/><F120/><W94/><G10/><T12/><D12/><U78/><E0/><V60/><F60/><W114/><G114/><T93/><D75/><U37/><E78/><V9/><F9/><W72/><G72/><T123/><D123/><U86/><E34/><V29/><F20/><W85/><G23/><T92/><D21/><U30/><E33/><V15/><F15/><W67/><G67/><T48/><D83/><U107/><E41/><V5/><F5/><W112/><G7/><T8/><D6/><U77/><E77/><V51/><F51/><RYUUKYOKU ba="2,0" sc="160,-10,138,-10,591,30,111,-10" hai2="22,25,29,56,58,90,95" />
</Scene>
<Scene>
<INIT seed="2,3,0,0,0,72" ten="150,128,621,101" oya="2" hai0="105,119,83,76,101,58,128,13,57,99,9,110,2" hai1="35,15,98,109,21,60,79,135,103,8,96,7,78" hai2="133,69,20,32,4,30,6,114,39,59,23,112,134" hai3="126,127,74,97,91,0,81,86,104,14,17,108,12"/><V3/><F69/><W107/><G0/><T75/><D2/><U100/><E35/><V11/><F39/><W63/><G108/><T18/><D110/><U61/><E109/><V26/><F4/><W37/><G37/><T117/><REACH who="0" step="1"/><D128/><REACH who="0" ten="140,128,621,101" step="2"/><U19/><E135/><N who="2" m="51723" /><F59/><AGARI ba="3,1" hai="9,13,18,57,58,59,75,76,83,99,101,105,117,119" machi="59" ten="40,2600,0" yaku="1,1,52,1,53,0" doraHai="72" doraHaiUra="24" who="0" fromWho="2" sc="140,45,128,0,621,-35,101,0" />
</Scene>
<Scene>
<INIT seed="3,0,0,2,3,59" ten="185,128,586,101" oya="3" hai0="22,34,85,46,32,25,122,101,73,123,77,23,83" hai1="99,16,88,4,62,27,14,116,100,67,1,121,71" hai2="109,33,40,107,38,114,24,9,103,93,74,63,131" hai3="81,64,10,134,78,90,53,19,3,31,0,12,128"/><W15/><G128/><T108/><D108/><U112/><E112/><V80/><F114/><W72/><G134/><T118/><D118/><U133/><E121/><V135/><F135/><W79/><G31/><T104/><D23/><U68/><E133/><V47/><F109/><W94/><G79/><T57/><D73/><U36/><E36/><V98/><F131/><W18/><G53/><T95/><D104/><U60/><E116/><V49/><F33/><W106/><G106/><T41/><D57/><U39/><E39/><V54/><F24/><W8/><REACH who="3" step="1"/><G64/><REACH who="3" ten="185,128,586,91" step="2"/><T2/><D77/><U111/><E111/><V96/><F54/><W35/><G35/><T26/><D32/><U82/><E67/><V30/><F107/><W29/><G29/><T91/><D34/><U55/><E55/><V70/><F30/><W132/><G132/><T52/><D52/><U56/><E71/><V48/><F70/><W75/><G75/><T87/><D122/><U105/><E68/><V119/><F74/><W130/><G130/><T20/><D123/><U50/><E105/><V21/><F119/><W66/><G66/><T43/><D41/><U86/><E27/><V76/><F40/><W117/><G117/><T51/><D43/><U42/><E42/><V102/><F76/><W5/><G5/><T84/><D25/><U28/><E28/><V97/><F38/><W7/><G7/><T11/><D26/><U65/><E4/><V6/><F6/><W58/><G58/><T89/><D2/><U45/><E1/><V120/><F120/><W92/><G92/><T37/><D95/><RYUUKYOKU ba="0,1" sc="185,-10,128,-10,586,-10,91,30" hai3="0,3,8,10,12,15,18,19,72,78,81,90,94" />
</Scene>
<Scene>
<INIT seed="3,1,1,0,0,11" ten="175,118,576,121" oya="3" hai0="22,37,80,67,58,28,1,20,46,25,86,0,29" hai1="76,85,21,117,109,2,123,44,56,24,105,107,108" hai2="61,96,103,104,101,95,110,52,12,8,9,125,114" hai3="65,13,111,94,130,3,135,71,49,77,90,131,115"/><W41/><G115/><T17/><D29/><U50/><E123/><V48/><F114/><W128/><G3/><T57/><D37/><U87/><E2/><V64/><F110/><N who="1" m="42601" /><E56/><N who="2" m="36903" /><F104/><N who="1" m="40009" /><E76/><V4/><F9/><W73/><G111/><T33/><D46/><U66/><E66/><V92/><F125/><W133/><G41/><T14/><D58/><U59/><E59/><N who="2" m="33159" /><F92/><W116/><G116/><T40/><D33/><U122/><E122/><V112/><F112/><W106/><G106/><T79/><REACH who="0" step="1"/><D40/><REACH who="0" ten="165,118,576,121" step="2"/><N who="1" m="24839" /><E117/><V98/><F98/><W27/><G128/><T38/><D38/><U26/><E26/><V53/><F53/><W91/><G130/><T15/><D15/><U32/><E32/><V97/><F97/><W82/><G131/><T100/><D100/><AGARI ba="1,2" hai="4,8,12,95,96,100,101,103" m="33159,36903" machi="100" ten="30,3900,0" yaku="8,1,52,1,54,1" doraHai="11" who="2" fromWho="0" sc="165,-42,118,0,576,62,121,0" />
</Scene>
<Scene>
<INIT seed="4,0,0,4,3,61" ten="123,118,638,121" oya="0" hai0="73,19,121,95,109,84,48,4,29,78,44,119,106" hai1="116,108,102,120,49,80,38,111,83,39,107,0,23" hai2="15,117,55,43,91,2,122,54,37,126,12,45,88" hai3="62,22,99,24,92,50,28,129,81,10,70,68,90"/><T94/><D119/><U20/><E116/><V6/><F117/><W14/><G129/><T64/><D121/><U118/><E118/><V52/><F122/><W77/><G62/><T74/><D106/><U65/><E120/><V58/><F126/><W85/><REACH who="3" step="1"/><G50/><REACH who="3" ten="123,118,638,111" step="2"/><T134/><D48/><U17/><E49/><V36/><F36/><W87/><G87/><T21/><D84/><U127/><E38/><V8/><F58/><W63/><G63/><T33/><D74/><U112/><E39/><V46/><F46/><W40/><G40/><T115/><D44/><U124/><E127/><V105/><F105/><W75/><G75/><T71/><D73/><U104/><E124/><V76/><F76/><W103/><G103/><T132/><D78/><U30/><E102/><V97/><F97/><W130/><G130/><T98/><D98/><U16/><E107/><V51/><F37/><W82/><G82/><T60/><D132/><U113/><E104/><V27/><F91/><W79/><G79/><T101/><D134/><U47/><E47/><V35/><F88/><W96/><G96/><T93/><D101/><U123/><E123/><V13/><F43/><W125/><G125/><T56/><D56/><U135/><E135/><V133/><F133/><W31/><G31/><T5/><D29/><U69/><E30/><N who="2" m="19935" /><F45/><W25/><G25/><T57/><D57/><U128/><E128/><V100/><F51/><W53/><G53/><T32/><D94/><U89/><E89/><V26/><F100/><W11/><G11/><T66/><D93/><U34/><E83/><V7/><F26/><RYUUKYOKU ba="0,1" sc="123,-15,118,-15,638,15,111,15" hai2="2,6,7,8,12,13,15,52,54,55" hai3="10,14,22,24,28,68,70,77,81,85,90,92,99" />
</Scene>
<Scene>
<INIT seed="5,1,1,1,1,33" ten="108,103,653,126" oya="1" hai0="65,18,105,73,123,87,130,39,60,15,23,41,31" hai1="36,46,119,104,10,97,91,3,26,19,55,63,61" hai2="5,126,50,81,125,6,82,51,135,0,1,49,47" hai3="13,131,108,2,110,44,24,133,101,90,71,35,75"/><U70/><E119/><V99/><F99/><W134/><G131/><T85/><D73/><U52/><E70/><V112/><F47/><W124/><G124/><T21/><D105/><U57/><E3/><V103/><F103/><W59/><G71/><T56/><D130/><U77/><E77/><V43/><F43/><W25/><G75/><T132/><D132/><N who="3" m="50793" /><G101/><T68/><D123/><U117/><E117/><V100/><F100/><W127/><G127/><N who="2" m="48649" /><F135/><W120/><G120/><T83/><D39/><U122/><E122/><V106/><F106/><W118/><G118/><T53/><D41/><U94/><E104/><V45/><F45/><W64/><G2/><N who="2" m="1129" /><F112/><W54/><G13/><T89/><D15/><N who="1" m="7671" /><E36/><V38/><F38/><W28/><G25/><T129/><D129/><U7/><E26/><V17/><F17/><W93/><G44/><T34/><D18/><U67/><E46/><V48/><N who="2" m="12288" /><DORA hai="14" /><V128/><F128/><W29/><G28/><T79/><D31/><U92/><E7/><AGARI ba="1,1" hai="5,6,7,81,82" m="12288,1129,48649" machi="7" ten="50,12000,2" yaku="28,2,18,1,52,3" doraHai="33,14" who="2" fromWho="1" sc="108,0,103,-123,653,133,126,0" owari="108,-29.0,-20,-52.0,786,88.0,126,-7.0" />
</Scene>
</mjloggm>