<mjloggm ver="2.3"><GO type="169" lobby="0"/><UN n0="%74%61%63%6F%73" n1="%41%53%41%50%49%4E" n2="%E5%9F%BA%E7%A4%8E%E8%AB%96" n3="%E8%99%8E%E7%8D%85%E3%81%8F%E3%82%93" dan="17,18,17,16" rate="2123.95,2255.98,2174.10,2113.12" sx="M,M,M,M"/><TAIKYOKU oya="0"/>

<Scene>
<INIT seed="0,0,0,1,0,9" ten="250,250,250,250" oya="0" hai0="117,135,130,88,106,38,80,10,131,105,56,7,42" hai1="32,49,65,16,4,66,100,97,115,57,128,85,41" hai2="23,48,103,96,86,123,53,92,2,120,113,73,5" hai3="26,68,39,21,40,82,79,29,62,104,22,83,78"/><T125/><D117/><U71/><E32/><V20/><F113/><W59/><G104/><T91/><D135/><U84/><E115/><V121/><F73/><W35/><G68/><T28/><D28/><U36/><E128/><N who="0" m="49193" /><D125/><U64/><E71/><V58/><F2/><W24/><G40/><T61/><D42/><U76/><E4/><V44/><F5/><W63/><G39/><T112/><D38/><U8/><E36/><V27/><F86/><W51/><G51/><T52/><D112/><U54/><E41/><V70/><F70/><W124/><G35/><T98/><D80/><U34/><E34/><V30/><REACH who="2" step="1"/><F20/><REACH who="2" ten="250,250,240,250" step="2"/><W13/><G124/><T47/><D98/><U50/><E84/><V108/><F108/><W77/><G79/><T46/><D105/><U31/><E85/><V6/><F6/><W94/><G78/><T17/><D106/><U119/><E76/><V1/><F1/><W114/><G114/><T15/><D7/><U18/><E119/><V33/><F33/><W90/><G77/><T118/><D118/><U11/><E97/><V99/><F99/><W69/><G69/><T122/><D122/><U110/><E110/><V87/><F87/><W95/><G82/><T129/><D129/><U133/><E133/><V101/><F101/><W109/><G83/><T74/><D74/><U45/><E100/><V37/><F37/><W14/><G109/><T67/><D91/><U102/><E102/><V43/><F43/><W75/><G75/><T0/><D0/><U19/><E11/><V111/><F111/><W89/><G90/><T107/><D88/><RYUUKYOKU ba="0,1" sc="250,-10,250,-10,240,30,250,-10" hai2="23,27,30,44,48,53,58,92,96,103,120,121,123" />
</Scene>
<Scene>
<INIT seed="1,1,1,5,0,122" ten="240,240,270,240" oya="1" hai0="38,95,81,105,24,30,10,61,94,6,88,50,34" hai1="45,36,117,106,14,132,20,49,121,67,104,26,93" hai2="107,53,91,77,116,101,103,89,0,135,96,83,84" hai3="17,43,62,27,58,15,129,128,73,5,65,97,51"/><U11/><E121/><V23/><F0/><W80/><G5/><T113/><D105/><U12/><E117/><V90/><F116/><W18/><G27/><T33/><D38/><U115/><E36/><V125/><F23/><W111/><G97/><T21/><D61/><U133/><E115/><V60/><F125/><W85/><G73/><T16/><D113/><U114/><E114/><V82/><F53/><W31/><G31/><T9/><D50/><U55/><E67/><V1/><F60/><W112/><G112/><T123/><D123/><U131/><E131/><N who="3" m="50250" /><G15/><N who="1" m="5674" /><E93/><N who="0" m="35337" /><D33/><U8/><E11/><N who="0" m="4105" /><D34/><U37/><E8/><V70/><F70/><W52/><G43/><T119/><D6/><U86/><E86/><N who="2" m="48463" /><F1/><W102/><G102/><T74/><D74/><U109/><E37/><V124/><F124/><W118/><G111/><T110/><D110/><U57/><E109/><V35/><F35/><W98/><G98/><T78/><D119/><U100/><E100/><N who="2" m="62855" /><F135/><N who="1" m="51785" /><E106/><V46/><F46/><N who="3" m="27767" /><G118/><T48/><D78/><AGARI ba="1,1" hai="78,83,84,89,90,91,101,103" m="62855,48463" machi="78" ten="30,8000,1" yaku="35,5" doraHai="122" who="2" fromWho="0" sc="240,-83,240,0,270,93,240,0" /><AGARI ba="1,0" hai="17,18,58,62,65,78,80,85" m="27767,50250" machi="78" ten="30,2000,0" yaku="19,1,54,1" doraHai="122" who="3" fromWho="0" sc="157,-20,240,0,363,0,240,20" />
</Scene>
<Scene>
<INIT seed="2,0,0,3,5,35" ten="137,240,363,260" oya="2" hai0="111,43,134,108,9,62,93,57,99,96,83,69,71" hai1="129,123,87,131,112,98,32,94,106,2,124,47,51" hai2="38,54,15,25,130,72,24,90,17,104,102,78,42" hai3="122,132,107,120,81,121,67,8,100,4,6,60,16"/><V89/><F130/><W73/><G132/><T97/><D134/><U59/><E32/><V115/><F115/><W12/><G107/><T91/><D43/><U27/><E112/><V118/><F118/><W21/><G100/><T31/><D31/><U135/><E135/><V128/><F128/><W11/><G73/><T76/><D9/><U53/><E124/><V88/><F54/><W50/><G50/><T46/><D46/><U64/><E123/><V44/><F72/><W29/><G81/><T61/><D61/><U119/><E119/><V126/><F78/><W28/><G11/><T45/><D45/><U101/><E27/><V65/><F65/><W56/><REACH who="3" step="1"/><G6/><REACH who="3" ten="137,240,363,250" step="2"/><T26/><D83/><U66/><E106/><V110/><F126/><W52/><G52/><T55/><D108/><U82/><E129/><V22/><REACH who="2" step="1"/><F110/><REACH who="2" ten="137,240,353,250" step="2"/><W39/><G39/><T58/><D111/><U114/><E53/><V113/><F113/><W23/><G23/><T109/><D55/><U18/><E114/><V20/><F20/><W103/><G103/><T117/><D109/><U133/><E101/><V34/><F34/><W68/><G68/><T36/><D71/><U40/><E131/><V80/><F80/><W1/><AGARI ba="0,2" hai="1,4,8,12,16,21,28,29,56,60,67,120,121,122" machi="1" ten="30,8000,1" yaku="1,1,0,1,52,1,54,1,53,1" doraHai="35" doraHaiUra="14" who="3" fromWho="3" sc="137,-20,240,-20,353,-40,250,100" />
</Scene>
<Scene>
<INIT seed="3,0,0,4,0,96" ten="117,220,313,350" oya="3" hai0="18,47,123,104,23,118,41,57,9,93,90,31,65" hai1="86,63,132,51,88,71,36,116,39,98,131,50,122" hai2="34,75,72,119,49,22,14,13,80,83,113,40,44" hai3="8,17,68,5,2,125,42,106,46,79,76,78,33"/><W4/><G106/><T54/><D118/><U59/><E122/><V29/><F119/><W81/><G68/><T64/><D104/><U3/><E116/><V91/><F113/><W26/><G125/><T121/><D31/><U30/><E71/><V61/><F34/><W92/><G92/><T52/><D9/><U10/><E132/><V24/><F72/><W11/><G17/><T127/><D127/><U74/><E74/><V35/><F35/><W73/><G26/><T102/><D121/><U7/><E131/><V126/><F126/><W82/><G82/><T115/><D115/><U130/><E130/><V6/><F75/><W25/><G25/><N who="0" m="14583" /><D41/><U99/><E30/><V114/><F114/><W48/><REACH who="3" step="1"/><G33/><REACH who="3" ten="117,220,313,340" step="2"/><T1/><D93/><U111/><E7/><V0/><F80/><W128/><G128/><T89/><D123/><U124/><E124/><V45/><F83/><W97/><G97/><T27/><D27/><U135/><E99/><V100/><F6/><W107/><G107/><T105/><D105/><U84/><E98/><V67/><F24/><W117/><G117/><T133/><D133/><U21/><E135/><V28/><F28/><W53/><G53/><T87/><D52/><U103/><E86/><V12/><F29/><W94/><G94/><T43/><D87/><U95/><E84/><V66/><F66/><W15/><AGARI ba="0,1" hai="2,4,5,8,11,15,42,46,48,73,76,78,79,81" machi="15" ten="20,3900,0" yaku="1,1,0,1,7,1,53,0" doraHai="96" doraHaiUra="109" who="3" fromWho="3" sc="117,-13,220,-13,313,-13,340,49" />
</Scene>
<Scene>
<INIT seed="3,1,0,4,0,75" ten="104,207,300,389" oya="3" hai0="56,64,45,111,127,31,32,128,114,28,38,107,37" hai1="60,65,23,124,21,105,95,84,125,112,5,85,42" hai2="94,14,40,11,88,73,41,134,1,126,76,12,30" hai3="117,70,6,16,67,2,101,35,44,19,53,135,86"/><W8/><G117/><T47/><D107/><U108/><E112/><V34/><F134/><W63/><G35/><T3/><D3/><U33/><E105/><V99/><F126/><N who="1" m="48745" /><E33/><V92/><F1/><W22/><G101/><T4/><D4/><U59/><E108/><V29/><F14/><W46/><G135/><T71/><D32/><U25/><E5/><V110/><F110/><W55/><G86/><T0/><D0/><U113/><E113/><V69/><F69/><W77/><G77/><T10/><D10/><U51/><E23/><V66/><F66/><W103/><G103/><T24/><D114/><U52/><E95/><V72/><F72/><W74/><G74/><T93/><D111/><U116/><E42/><V62/><F92/><W13/><REACH who="3" step="1"/><G19/><REACH who="3" ten="104,207,300,379" step="2"/><T78/><D78/><U100/><E100/><V98/><F76/><W83/><G83/><T96/><D127/><U81/><E81/><V89/><F73/><W130/><G130/><T54/><D128/><U122/><E116/><V97/><F97/><W133/><G133/><T9/><D96/><U102/><E102/><V50/><F99/><W129/><G129/><T123/><D123/><U91/><E91/><V106/><F89/><W131/><G131/><T17/><D17/><N who="1" m="12463" /><E122/><V58/><F106/><W90/><G90/><T104/><D104/><U43/><E43/><V26/><F40/><W132/><G132/><T48/><D93/><U121/><E121/><V120/><F120/><W18/><G18/><T80/><D80/><U109/><E109/><V118/><F118/><W36/><G36/><T115/><D37/><RYUUKYOKU ba="1,1" sc="104,-15,207,15,300,-15,379,15" hai1="51,52,59,60,65,84,85" hai3="2,6,8,13,16,22,44,46,53,55,63,67,70" />
</Scene>
<Scene>
<INIT seed="3,2,1,5,3,8" ten="89,222,285,394" oya="3" hai0="120,26,115,124,47,23,83,75,64,66,94,28,117" hai1="125,135,51,82,39,46,97,95,58,78,13,53,35" hai2="9,56,70,27,43,30,16,99,103,32,2,57,49" hai3="24,3,134,119,127,126,104,45,123,14,33,38,17"/><W54/><G104/><T93/><D117/><U12/><E35/><V87/><F70/><W72/><G72/><T114/><D120/><U132/><E125/><N who="3" m="47626" /><G3/><T112/><D124/><U116/><E116/><V92/><F2/><W105/><G105/><T68/><D47/><U84/><E39/><V40/><F87/><W21/><G119/><T60/><REACH who="0" step="1"/><D66/><REACH who="0" ten="79,222,285,394" step="2"/><U7/><E46/><V73/><F43/><N who="3" m="22775" /><G123/><T31/><D31/><U101/><REACH who="1" step="1"/><E7/><REACH who="1" ten="79,212,285,394" step="2"/><V102/><F40/><W62/><G134/><AGARI ba="2,3" hai="12,13,51,53,58,78,82,84,95,97,101,132,134,135" machi="134" ten="40,8000,1" yaku="1,1,2,1,20,1,52,2,53,0" doraHai="8" doraHaiUra="122" who="1" fromWho="3" sc="79,0,212,116,285,0,394,-86" />
</Scene>
<Scene>
<INIT seed="4,0,0,1,0,102" ten="79,328,285,308" oya="0" hai0="13,113,20,62,14,19,72,12,22,84,54,25,75" hai1="119,63,80,17,53,29,50,76,56,106,90,118,133" hai2="96,24,64,93,89,114,95,123,97,34,98,92,129" hai3="18,88,15,131,39,55,125,0,26,67,69,79,3"/><T108/><D113/><U21/><E133/><V30/><F123/><W73/><G39/><T86/><D108/><U74/><E29/><V7/><F114/><W31/><G125/><T83/><D72/><U11/><E11/><V127/><F127/><W16/><G131/><T43/><D43/><U8/><E8/><V99/><F129/><W42/><G42/><T70/><D75/><U101/><E90/><V132/><F132/><W1/><G73/><T115/><D115/><U77/><E77/><V28/><F28/><W47/><G79/><T112/><D112/><U94/><E94/><V91/><F7/><W103/><G103/><T68/><D84/><U23/><E23/><V44/><F44/><W87/><G67/><T45/><D22/><U51/><E51/><V48/><F48/><W46/><G69/><T105/><D105/><U111/><E111/><V130/><F130/><W117/><G117/><T38/><D38/><U71/><E71/><V61/><REACH who="2" step="1"/><F95/><REACH who="2" ten="79,328,275,308" step="2"/><N who="3" m="54687" /><G0/><T109/><D109/><U58/><E119/><V116/><F116/><W59/><G1/><T49/><REACH who="0" step="1"/><D62/><REACH who="0" ten="69,328,275,308" step="2"/><U100/><E118/><V128/><F128/><W134/><G134/><T10/><D10/><U41/><E63/><V40/><F40/><W37/><G37/><T120/><D120/><U104/><E41/><V81/><F81/><W126/><G126/><T107/><D107/><U66/><E104/><V2/><F2/><W82/><G3/><T52/><D52/><U4/><E106/><V35/><F35/><W85/><G82/><T110/><D110/><U78/><E53/><V57/><AGARI ba="0,2" hai="24,30,34,57,61,64,89,91,92,93,96,97,98,99" machi="57" ten="20,8000,1" yaku="1,1,5,1,0,1,7,1,9,1,53,0" doraHai="102" doraHaiUra="135" who="2" fromWho="2" sc="69,-40,328,-20,275,100,308,-20" />
</Scene>
<Scene>
<INIT seed="5,0,0,0,1,112" ten="29,308,375,288" oya="1" hai0="31,36,91,19,94,132,113,80,44,29,33,69,102" hai1="96,67,2,45,97,86,115,119,120,26,40,89,68" hai2="111,13,9,48,15,107,121,54,5,134,110,78,100" hai3="28,61,6,75,101,104,87,85,50,24,109,1,105"/><U98/><E120/><V63/><F121/><W70/><G75/><T59/><D69/><U55/><E115/><V53/><F134/><W90/><G109/><T30/><D113/><U42/><E2/><V92/><F107/><W49/><G1/><T83/><D132/><U56/><E119/><V0/><F78/><W93/><G6/><T57/><D33/><U10/><E10/><V60/><F100/><W108/><G108/><T39/><D102/><U123/><E123/><V21/><F92/><W74/><G74/><T41/><D39/><U51/><E68/><V18/><F0/><W4/><G4/><T65/><D19/><U81/><E26/><V135/><F135/><W126/><G126/><T116/><D116/><U34/><E34/><V124/><F124/><W114/><G114/><T58/><D65/><U95/><E67/><V7/><F7/><W128/><G87/><T47/><D36/><U84/><REACH who="1" step="1"/><E45/><REACH who="1" ten="29,298,375,288" step="2"/><N who="2" m="27791" /><F111/><W38/><G128/><T129/><D129/><U133/><E133/><V14/><F110/><W11/><G11/><T62/><D62/><U8/><E8/><V3/><F3/><W20/><G61/><T82/><REACH who="0" step="1"/><D41/><REACH who="0" ten="19,298,375,288" step="2"/><U22/><E22/><V125/><F125/><W131/><G70/><T106/><D106/><U52/><E52/><V130/><F130/><W76/><G105/><T37/><D37/><U117/><E117/><V35/><F35/><W71/><G71/><T72/><D72/><U16/><E16/><N who="2" m="10399" /><F54/><W12/><G38/><T66/><D66/><U88/><AGARI ba="0,2" hai="40,42,51,55,56,81,84,86,88,89,95,96,97,98" machi="88" ten="30,11700,0" yaku="1,1,0,1,8,1,54,1,53,0" doraHai="112" doraHaiUra="118" who="1" fromWho="1" sc="19,-39,298,137,375,-39,288,-39" owari="-20,-52.0,435,53.0,336,14.0,249,-15.0" />
</Scene>
</mjloggm>