<mjloggm ver="2.3"><GO type="169"/><UN n0="%E3%83%9A%E3%83%81%E3%83%A7%E3%83%BC%E3%83%AA%E3%83%B3" n1="%E5%AF%BE%E5%AD%90%E3%81%AE%E7%8E%8B%E6%A7%98" n2="%E3%81%84%E3%81%AC%E3%81%98%E3%82%83%E3%82%89%E3%81%97" n3="%41%53%41%50%49%4E" dan="18,17,17,19" rate="2133,2158,2223,2255" sx="M,M,M,M"/><TAIKYOKU oya="0"/>

<Scene>
<INIT seed="0,0,0,4,3,95" ten="250,250,250,250" oya="0" hai0="61,60,64,116,4,9,105,117,123,79,93,45,37" hai1="108,86,90,25,115,48,24,0,67,104,32,78,27" hai2="12,91,106,3,96,84,8,82,43,19,54,5,35" hai3="38,77,53,29,111,2,73,80,120,103,132,71,41"/><T20/><D123/><U46/><E0/><V42/><F35/><W7/><G111/><T107/><D79/><U76/><E108/><V58/><F96/><W47/><G120/><T66/><D20/><U92/><E115/><V101/><F101/><W98/><G132/><T124/><D124/><U130/><E130/><V72/><F106/><N who="3" m="63863" /><G53/><T100/><D93/><U94/><E104/><V118/><F72/><W122/><G29/><T63/><D105/><U51/><E32/><V121/><F118/><W109/><G109/><T15/><D100/><U34/><E34/><V33/><F33/><W62/><G122/><T1/><D107/><U65/><E94/><V114/><F114/><W11/><G62/><T119/><REACH who="0" step="1"/><D1/><REACH who="0" ten="240,250,250,250" step="2"/><U125/><E125/><V110/><F121/><W49/><G49/><T13/><D13/><U135/><E51/><V97/><F110/><W39/><G39/><T102/><D102/><U14/><E14/><V74/><F12/><W28/><G28/><T99/><D99/><U113/><E113/><V30/><F97/><W85/><G85/><T68/><D68/><AGARI ba="0,1" hai="2,7,11,38,41,47,68,71,73,77,80" m="63863" machi="68" ten="30,7700,0" yaku="25,1,33,2,52,1" doraHai="95" who="3" fromWho="0" sc="240,-77,250,0,250,0,250,87" />
</Scene>
<Scene>
<INIT seed="1,0,0,2,1,47" ten="163,250,250,337" oya="1" hai0="53,27,69,91,60,107,71,84,87,36,16,58,95" hai1="45,126,51,63,44,54,105,74,46,80,26,23,67" hai2="128,30,110,10,79,56,11,124,18,55,102,115,122" hai3="72,19,86,65,125,77,17,78,59,32,135,106,15"/><U94/><E126/><V101/><F122/><W66/><G125/><T121/><D121/><U99/><E105/><V123/><F123/><W38/><G106/><T96/><D36/><U130/><E130/><V64/><F124/><W22/><G38/><T41/><D41/><U21/><E74/><V5/><F128/><W92/><G32/><T98/><D107/><U48/><E80/><V39/><F39/><W43/><G135/><T85/><D98/><U14/><E14/><V40/><F40/><W116/><G116/><T119/><REACH who="0" step="1"/><D119/><REACH who="0" ten="153,250,250,337" step="2"/><U49/><E54/><V13/><F55/><W52/><G43/><T0/><D0/><U68/><REACH who="1" step="1"/><E26/><REACH who="1" ten="153,240,250,337" step="2"/><V62/><F115/><W50/><G52/><T57/><D57/><U131/><E131/><V104/><F104/><W88/><G59/><T29/><D29/><U83/><E83/><V109/><F56/><W24/><G24/><T73/><D73/><U112/><E112/><V120/><F120/><W100/><G72/><T76/><D76/><U7/><E7/><V42/><F79/><W108/><G77/><T34/><D34/><U118/><E118/><V61/><F5/><W12/><G78/><T75/><D75/><U90/><AGARI ba="0,2" hai="21,23,44,45,46,48,49,51,63,67,68,90,94,99" machi="90" ten="30,12000,1" yaku="1,1,0,1,52,3,53,0" doraHai="47" doraHaiUra="4" who="1" fromWho="1" sc="153,-40,240,140,250,-40,337,-40" />
</Scene>
<Scene>
<INIT seed="1,1,0,4,2,53" ten="113,380,210,297" oya="1" hai0="125,106,92,109,23,76,7,58,127,135,101,68,121" hai1="17,24,16,99,35,65,111,114,50,39,96,128,63" hai2="59,47,1,122,27,60,104,37,29,84,56,81,69" hai3="77,55,61,82,12,88,126,38,8,78,31,117,5"/><U89/><E114/><V91/><F104/><W20/><G38/><T110/><D68/><U67/><E39/><V123/><F1/><W116/><G126/><N who="0" m="48139" /><D7/><U26/><E128/><V32/><F69/><W19/><G31/><T71/><D71/><U95/><E35/><V40/><REACH who="2" step="1"/><F56/><REACH who="2" ten="113,380,200,297" step="2"/><N who="3" m="34975" /><G117/><T14/><D121/><U74/><E74/><V48/><F48/><W83/><G116/><T30/><D135/><U134/><E50/><V124/><F124/><W42/><G42/><T49/><D106/><U100/><E134/><V130/><F130/><W34/><G34/><T112/><D112/><U107/><E111/><V72/><F72/><W70/><G70/><T85/><D110/><U15/><E63/><V57/><F57/><W103/><G103/><T102/><D109/><U129/><E129/><V6/><F6/><W94/><G77/><T46/><D58/><U80/><E107/><V93/><F93/><W75/><G78/><T86/><D76/><U113/><E113/><V45/><F45/><W28/><G75/><T73/><D73/><U131/><E131/><V13/><F13/><N who="3" m="9327" /><G28/><T10/><D30/><U9/><E100/><N who="0" m="38505" /><D92/><U90/><E95/><V132/><F132/><W36/><G36/><T51/><D51/><U62/><E15/><V44/><F44/><W120/><G120/><T11/><D86/><AGARI ba="1,1" hai="5,8,12,82,83,86,88,94" m="9327,34975" machi="86" ten="30,3900,0" yaku="8,1,52,1,54,1" doraHai="53" who="3" fromWho="0" sc="113,-42,380,0,200,0,297,52" />
</Scene>
<Scene>
<INIT seed="2,0,0,0,1,0" ten="71,380,200,349" oya="2" hai0="126,109,110,88,47,128,116,22,75,82,106,72,50" hai1="56,99,80,81,10,86,89,25,90,93,48,43,131" hai2="133,124,107,83,32,95,84,46,54,78,114,6,13" hai3="117,67,18,36,105,98,134,71,3,73,37,45,68"/><V74/><F114/><W35/><G117/><T28/><D106/><U53/><E131/><V70/><F32/><W34/><G3/><T30/><D116/><U61/><E25/><V108/><F70/><N who="3" m="26667" /><G18/><T121/><D121/><U62/><E43/><V7/><F107/><W12/><G12/><T65/><D65/><U41/><E41/><V9/><F124/><W64/><G67/><T63/><D63/><U135/><E135/><V94/><F133/><W102/><G64/><T69/><D69/><U27/><E27/><V15/><F108/><N who="0" m="41578" /><D128/><U33/><E33/><N who="3" m="12298" /><G45/><T55/><D126/><U100/><E10/><N who="2" m="4311" /><F74/><N who="0" m="28202" /><D22/><U130/><E130/><V125/><F125/><W52/><G52/><T123/><D123/><U21/><E21/><V112/><F112/><W4/><G134/><T31/><D31/><U24/><E24/><V101/><F101/><W23/><G23/><T5/><D5/><U87/><AGARI ba="0,0" hai="48,53,56,61,62,80,81,86,87,89,90,93,99,100" machi="87" ten="30,4000,0" yaku="0,1,9,1,8,1" doraHai="0" who="1" fromWho="1" sc="71,-10,380,40,200,-20,349,-10" />
</Scene>
<Scene>
<INIT seed="3,0,0,3,5,68" ten="61,420,180,339" oya="3" hai0="16,60,66,53,130,112,134,20,85,23,21,90,75" hai1="2,118,10,96,115,15,132,121,12,22,29,73,105" hai2="36,35,9,92,3,101,59,47,89,56,25,104,124" hai3="24,120,131,39,109,108,5,99,33,84,51,95,67"/><W18/><G120/><T27/><D75/><U17/><E73/><V57/><F124/><W106/><G106/><T135/><D112/><U63/><E63/><V110/><F110/><N who="3" m="42603" /><G131/><T71/><D53/><U80/><E80/><V129/><F59/><W40/><G51/><T50/><D50/><U0/><E96/><V38/><F57/><W42/><G42/><T87/><D130/><U14/><E105/><V6/><F56/><W98/><G5/><T83/><REACH who="0" step="1"/><D87/><REACH who="0" ten="51,420,180,339" step="2"/><U49/><E115/><V34/><F129/><W31/><G84/><T58/><D58/><U28/><E49/><V81/><F38/><W13/><G67/><T128/><D128/><U111/><E121/><V11/><F36/><W26/><G39/><T127/><D127/><U82/><E111/><V119/><F47/><W61/><G61/><T19/><D19/><U62/><E17/><V114/><F114/><W76/><G40/><T55/><D55/><U88/><E62/><V52/><F52/><W123/><G123/><T41/><D41/><U46/><E46/><V4/><F6/><W100/><G18/><T74/><D74/><U7/><E7/><V93/><F4/><W30/><G31/><T77/><D77/><U125/><E29/><V65/><F65/><W133/><G76/><T86/><D86/><U78/><E78/><V69/><F69/><W107/><G30/><T45/><D45/><U8/><E28/><V1/><F35/><W43/><G33/><T37/><D37/><U48/><E48/><V97/><F34/><W113/><G43/><T102/><D102/><U79/><E125/><RYUUKYOKU ba="0,1" sc="51,30,420,-10,180,-10,339,-10" hai0="16,20,21,23,27,60,66,71,83,85,90,134,135" />
</Scene>
<Scene>
<INIT seed="4,1,1,2,1,48" ten="81,410,170,329" oya="0" hai0="107,32,119,59,127,30,18,80,0,86,81,63,54" hai1="108,71,87,12,17,53,98,120,64,96,68,105,60" hai2="22,57,62,39,1,13,35,113,6,27,125,8,99" hai3="16,95,100,42,106,121,56,131,58,77,72,28,61"/><T93/><D107/><U31/><E120/><V128/><F39/><W116/><G116/><T92/><D119/><U44/><E108/><V37/><F37/><W70/><G106/><T38/><D38/><U49/><E31/><N who="2" m="19967" /><F113/><W9/><G121/><T73/><D0/><U115/><E115/><V114/><F114/><W75/><G42/><T79/><D127/><U51/><E71/><V124/><F99/><W74/><G131/><T45/><D45/><U43/><E105/><V101/><F101/><W90/><G100/><T10/><D30/><U78/><E78/><V97/><F97/><W5/><G28/><T94/><D32/><U25/><E87/><V135/><F128/><W123/><G123/><T130/><D130/><U47/><E25/><V126/><F135/><W52/><G58/><T122/><D122/><U110/><E110/><V20/><F1/><W7/><G70/><T46/><D46/><U33/><E33/><V118/><F118/><W83/><G16/><T69/><D69/><U103/><E103/><V84/><F84/><W104/><G104/><T129/><D129/><U50/><E50/><V14/><F14/><W91/><G91/><T21/><D10/><AGARI ba="1,1" hai="10,12,17,43,44,47,49,51,53,60,64,68,96,98" machi="10" ten="30,2000,0" yaku="7,1,52,1" doraHai="48" who="1" fromWho="0" sc="81,-23,410,33,170,0,329,0" />
</Scene>
<Scene>
<INIT seed="5,0,0,0,5,103" ten="58,443,170,329" oya="1" hai0="88,90,34,74,85,135,36,17,4,14,28,3,49" hai1="122,123,80,126,97,73,21,67,9,124,6,13,48" hai2="102,55,57,53,61,39,98,113,110,77,87,112,32" hai3="19,35,12,129,31,130,33,60,0,76,93,38,50"/><U51/><E67/><N who="2" m="39343" /><F32/><W44/><G0/><T47/><D74/><U46/><E97/><V64/><F39/><W115/><G38/><T91/><D135/><U15/><E80/><N who="2" m="47503" /><F64/><W116/><G115/><N who="2" m="44105" /><F110/><W68/><G33/><T72/><D72/><U29/><E73/><V30/><F30/><W16/><G35/><T89/><D36/><U26/><E13/><V127/><F127/><N who="1" m="48681" /><E51/><V18/><F18/><W106/><G16/><T56/><D56/><U45/><E46/><V1/><F1/><W42/><G50/><T100/><D100/><U7/><E7/><V25/><F25/><W128/><G44/><T41/><D3/><U95/><E95/><AGARI ba="0,0" hai="53,55,95,98,102" m="44105,47503,39343" machi="95" ten="30,2000,0" yaku="15,1,11,1" doraHai="103" who="2" fromWho="1" sc="58,0,443,-20,170,20,329,0" />
</Scene>
<Scene>
<INIT seed="6,0,0,3,5,27" ten="58,423,190,329" oya="2" hai0="97,32,111,96,62,103,135,48,113,14,134,104,54" hai1="66,117,132,50,35,34,52,3,38,80,108,99,7" hai2="40,0,37,2,65,53,94,84,45,16,89,31,133" hai3="58,112,55,88,23,78,56,77,41,68,110,127,115"/><V116/><F116/><W63/><G110/><T5/><D111/><U75/><E66/><V109/><F109/><W33/><G127/><T6/><D32/><U101/><E108/><V93/><F133/><W28/><G33/><T100/><D113/><N who="3" m="43593" /><G68/><T106/><D62/><U61/><E132/><V130/><F130/><W67/><G41/><T17/><D135/><U64/><E117/><V81/><F65/><W51/><G88/><T60/><D60/><U24/><E38/><V43/><F31/><W72/><G72/><T59/><REACH who="0" step="1"/><D134/><REACH who="0" ten="48,423,190,329" step="2"/><U39/><E61/><V74/><F37/><W18/><G63/><T107/><D107/><U25/><E35/><V90/><F0/><W122/><G67/><T102/><D102/><U69/><E101/><V125/><F2/><W73/><G122/><T123/><D123/><U46/><E34/><V95/><F125/><W76/><G73/><T19/><D19/><U44/><E75/><V1/><F16/><W128/><G18/><T126/><D126/><U47/><E64/><V83/><F1/><W4/><G4/><T124/><D124/><U13/><E7/><V11/><F74/><W36/><G128/><T29/><D29/><U57/><E39/><V71/><F71/><W105/><G105/><T91/><D91/><U114/><E69/><V12/><F90/><W49/><G36/><T30/><D30/><U86/><E114/><V129/><F89/><W20/><G28/><T82/><D82/><U9/><E80/><V8/><F81/><W118/><G118/><T79/><D79/><U15/><E3/><V10/><F83/><RYUUKYOKU ba="0,1" sc="48,15,423,-15,190,-15,329,15" hai0="5,6,14,17,48,54,59,96,97,100,103,104,106" hai3="20,23,49,51,55,56,58,76,77,78" />
</Scene>
<Scene>
<INIT seed="7,1,1,2,4,9" ten="63,408,175,344" oya="3" hai0="2,5,106,0,45,69,111,124,64,19,99,122,21" hai1="18,85,67,127,91,104,130,39,55,1,66,47,123" hai2="107,87,125,13,17,16,80,26,88,73,6,41,3" hai3="131,81,44,112,133,95,86,42,52,15,101,56,54"/><W120/><G120/><T108/><D122/><U132/><E123/><V98/><F73/><W65/><G112/><T36/><D124/><U121/><E121/><V84/><F3/><W35/><G35/><T72/><D72/><U49/><E1/><V38/><F125/><W75/><G75/><T28/><D28/><U4/><E127/><V77/><F6/><W83/><G131/><T51/><D36/><U100/><E4/><V103/><F26/><W27/><G133/><T8/><D2/><U46/><E18/><V116/><F116/><W126/><G126/><T82/><D82/><N who="3" m="31241" /><G27/><T90/><D64/><U33/><E33/><V7/><F41/><W119/><G119/><T70/><D69/><U114/><E114/><V60/><F60/><N who="3" m="38023" /><G44/><T10/><D70/><U71/><E71/><V128/><F128/><W29/><G29/><T37/><D8/><U117/><E117/><V105/><F105/><W74/><G74/><T20/><D37/><U93/><E130/><V61/><F61/><W30/><G30/><T34/><D34/><U22/><E132/><V113/><F38/><W135/><G135/><T92/><D106/><U68/><E68/><V118/><F118/><W97/><G42/><T25/><D21/><U50/><E22/><V79/><F113/><W129/><G129/><T134/><REACH who="0" step="1"/><D134/><REACH who="0" ten="53,408,175,344" step="2"/><U94/><E39/><V32/><F32/><W96/><G96/><T110/><D110/><U40/><E104/><V63/><F98/><AGARI ba="1,2" hai="40,46,47,49,50,55,66,67,85,91,93,94,98,100" machi="98" ten="40,1300,0" yaku="8,1" doraHai="9" who="1" fromWho="2" sc="53,0,408,36,175,-16,344,0" owari="53,-45.0,444,55.0,159,-24.0,344,14.0" />
</Scene>
</mjloggm>