<mjloggm ver="2.3"><GO type="169"/><UN n0="%41%53%41%50%49%4E" n1="%E5%B2%A1%E6%9D%91" n2="%E3%82%82%E3%81%A3%E3%81%97%E3%83%BC" n3="%4B%E3%80%82" dan="19,17,17,17" rate="2197,2097,2118,2181" sx="M,M,M,M"/><TAIKYOKU oya="0"/>

<Scene>
<INIT seed="0,0,0,3,4,105" ten="250,250,250,250" oya="0" hai0="90,123,36,9,14,125,81,50,18,119,58,98,111" hai1="75,60,96,44,57,97,27,8,64,63,46,135,4" hai2="21,41,59,19,118,126,129,70,130,15,87,104,33" hai3="106,85,3,22,24,55,30,107,28,61,37,94,39"/><T69/><D123/><U112/><E135/><V65/><F104/><W89/><G3/><T2/><D119/><U101/><E112/><V121/><F121/><W113/><G113/><T102/><D69/><U45/><E27/><V13/><F33/><W68/><G107/><T78/><D36/><U128/><E128/><N who="2" m="49259" /><F126/><W115/><G115/><T100/><D125/><U79/><E63/><N who="2" m="40255" /><F41/><W124/><G106/><T88/><D111/><U6/><E101/><V73/><F73/><W116/><G124/><T48/><D2/><U25/><E25/><N who="2" m="14527" /><F118/><W7/><G116/><T54/><D50/><U93/><E93/><V134/><F134/><W31/><G7/><T62/><D48/><U40/><E40/><V132/><F132/><W51/><G68/><T76/><D102/><U0/><REACH who="1" step="1"/><E6/><REACH who="1" ten="250,240,250,250" step="2"/><V110/><F110/><W83/><G94/><N who="0" m="56647" /><D100/><U77/><E77/><V91/><F59/><W12/><G24/><T99/><D78/><U1/><E1/><V16/><F16/><N who="3" m="10503" /><G61/><T117/><D76/><U38/><E38/><V42/><F42/><W80/><G39/><T26/><D117/><U32/><E32/><V84/><F84/><W114/><G37/><T53/><D26/><U17/><E17/><V92/><AGARI ba="0,1" hai="13,15,87,91,92" m="14527,40255,49259" machi="92" ten="30,1100,0" yaku="19,1" doraHai="105" who="2" fromWho="2" sc="250,-5,240,-3,250,21,250,-3" />
</Scene>
<Scene>
<INIT seed="1,0,0,4,4,108" ten="245,237,271,247" oya="1" hai0="41,104,119,128,16,82,86,87,34,64,97,133,10" hai1="21,27,92,72,8,17,120,95,9,36,69,66,7" hai2="1,22,116,101,46,2,20,68,76,106,99,85,13" hai3="107,89,15,26,71,115,57,91,59,37,3,12,130"/><U61/><E120/><V18/><F116/><W117/><G117/><T79/><D119/><U96/><E72/><V84/><F68/><W132/><G37/><T58/><D34/><U63/><E36/><V113/><F113/><W55/><G71/><T94/><D128/><U110/><E110/><V45/><F22/><W32/><G3/><T42/><D133/><U134/><E134/><V25/><F25/><W73/><G73/><T31/><D31/><U124/><E124/><V121/><F121/><W43/><G107/><T5/><D104/><U67/><E7/><V56/><F56/><W28/><G43/><T114/><D86/><U50/><E50/><V100/><F100/><W127/><G127/><T105/><D105/><U38/><E38/><V123/><F123/><W112/><G130/><T111/><D111/><U51/><E51/><V54/><F54/><W11/><G132/><T47/><D47/><U83/><E83/><V129/><F129/><W135/><G135/><T122/><D114/><U126/><E126/><V60/><F60/><N who="1" m="23113" /><E69/><V65/><F65/><N who="1" m="24585" /><E95/><V44/><F76/><W39/><G39/><T4/><D64/><U6/><E6/><N who="0" m="2665" /><D58/><U19/><E19/><V74/><F74/><W131/><G59/><T24/><D122/><U0/><E0/><V118/><F118/><W48/><G131/><T88/><D24/><U53/><E53/><V109/><F109/><W80/><G80/><T77/><D77/><U35/><E35/><V75/><F75/><W90/><REACH who="3" step="1"/><G11/><REACH who="3" ten="245,237,271,237" step="2"/><T33/><D33/><U14/><E14/><AGARI ba="0,1" hai="12,14,15,26,28,32,48,55,57,89,90,91,112,115" machi="14" ten="40,8000,1" yaku="1,1,2,1,52,2,53,0" doraHai="108" doraHaiUra="78" who="3" fromWho="1" sc="245,0,237,-80,271,0,237,90" /><AGARI ba="0,0" hai="10,14,16,41,42,79,82,87,88,94,97" m="2665" machi="14" ten="30,3900,0" yaku="8,1,54,2" doraHai="108" who="0" fromWho="1" sc="245,39,157,-39,271,0,327,0" />
</Scene>
<Scene>
<INIT seed="2,0,0,4,0,85" ten="284,118,271,327" oya="2" hai0="81,131,92,108,43,102,57,87,89,96,98,106,29" hai1="50,125,104,38,76,130,121,84,53,75,17,5,123" hai2="33,133,14,36,20,60,6,21,129,47,56,90,70" hai3="25,18,26,88,61,40,77,12,117,35,115,86,82"/><V67/><F33/><W71/><G117/><T55/><D108/><U13/><E38/><V59/><F133/><W122/><G122/><N who="1" m="46602" /><E104/><V94/><F129/><W15/><G115/><T114/><D114/><U19/><E130/><V52/><F6/><W32/><G40/><T119/><D131/><U62/><E125/><V10/><F10/><W3/><G3/><T109/><D109/><U46/><E75/><V134/><F134/><W110/><G110/><T80/><D119/><U44/><E62/><V22/><F14/><W4/><G71/><T45/><D29/><U83/><E44/><V113/><F113/><W112/><G112/><T101/><D45/><U127/><E127/><V79/><F79/><W23/><G61/><T93/><REACH who="0" step="1"/><D43/><REACH who="0" ten="274,118,271,327" step="2"/><U105/><E105/><V24/><F24/><W97/><G26/><T68/><D68/><U42/><E42/><V124/><F124/><W135/><G135/><T49/><AGARI ba="0,1" hai="49,55,57,80,81,87,89,92,93,96,98,101,102,106" machi="49" ten="20,5200,0" yaku="1,1,0,1,7,1,52,1,53,0" doraHai="85" doraHaiUra="69" who="0" fromWho="0" sc="274,62,118,-13,271,-26,327,-13" />
</Scene>
<Scene>
<INIT seed="3,0,0,1,5,51" ten="336,105,245,314" oya="3" hai0="79,80,29,9,14,122,43,103,0,48,53,78,59" hai1="82,88,81,1,100,84,32,61,119,42,97,24,33" hai2="128,111,118,23,17,21,25,27,5,35,95,64,8" hai3="2,56,85,12,93,117,104,131,135,129,105,19,65"/><W50/><G117/><T130/><D122/><U49/><E119/><V37/><F118/><W87/><G2/><T26/><D130/><N who="3" m="49673" /><G135/><T121/><D121/><U44/><E1/><V28/><F128/><W96/><G87/><T4/><D103/><U123/><E123/><V134/><F37/><W120/><G120/><T133/><D133/><U124/><E124/><V66/><F134/><W6/><G6/><T109/><D109/><U47/><E81/><V7/><F111/><W73/><G85/><T54/><D43/><U55/><E24/><N who="2" m="18823" /><F95/><W110/><G73/><T11/><D80/><U20/><E20/><V69/><F66/><W89/><G110/><T15/><D0/><U71/><E71/><V76/><F76/><W18/><G18/><N who="0" m="8527" /><D26/><U63/><E33/><V57/><F57/><W16/><G19/><T94/><D29/><U102/><E32/><V77/><F64/><W112/><G112/><T107/><D94/><U45/><E102/><V52/><F77/><W83/><G83/><T99/><D99/><U22/><E22/><V115/><F69/><W74/><G74/><T36/><D107/><U75/><E75/><V114/><F23/><N who="3" m="11655" /><G65/><T86/><D86/><U70/><E70/><V108/><F108/><W101/><G101/><T39/><D79/><U10/><E10/><V132/><F132/><W40/><G40/><T116/><D78/><U3/><E3/><V13/><F5/><W67/><G67/><T72/><D72/><U58/><E42/><V31/><F7/><W34/><G34/><T126/><D116/><U68/><E68/><V60/><F27/><RYUUKYOKU ba="0,0" sc="336,-30,105,10,245,10,314,10" hai1="44,45,47,49,55,58,61,63,82,84,88,97,100" hai2="8,13,17,21,25,31,52,60,114,115" hai3="50,56,89,93,96,104,105" />
</Scene>
<Scene>
<INIT seed="3,1,0,1,5,4" ten="306,115,255,324" oya="3" hai0="22,0,82,120,66,69,42,88,80,96,51,84,134" hai1="44,130,72,116,85,92,108,57,63,61,29,132,67" hai2="5,8,53,123,110,133,103,87,17,86,74,3,21" hai3="28,15,41,39,10,65,105,36,127,38,32,101,2"/><W135/><G135/><T73/><D120/><U48/><E72/><V58/><F74/><W45/><G127/><T91/><D0/><U115/><E115/><V49/><F133/><W55/><G55/><T26/><D134/><U70/><E132/><V59/><F110/><W90/><G90/><T64/><D69/><U78/><E108/><V52/><F103/><W31/><G65/><T114/><D114/><U77/><E116/><V13/><REACH who="2" step="1"/><F123/><REACH who="2" ten="306,115,245,324" step="2"/><W30/><G32/><T40/><D73/><U79/><E130/><V19/><F19/><W100/><G100/><T33/><D33/><U16/><E29/><V68/><F68/><W119/><G119/><T1/><D82/><U43/><E16/><V71/><F71/><W34/><G34/><T46/><D80/><U104/><E104/><V35/><F35/><W24/><G105/><T60/><D84/><U125/><E125/><V75/><F75/><W106/><G106/><T122/><D122/><U12/><E85/><V129/><F129/><W54/><G101/><T27/><D96/><U98/><E98/><V113/><F113/><W111/><G111/><T11/><D27/><U128/><E128/><V62/><AGARI ba="1,1" hai="3,5,8,13,17,21,49,52,53,58,59,62,86,87" machi="62" ten="20,8000,1" yaku="1,1,0,1,7,1,52,1,54,1,53,0" doraHai="4" doraHaiUra="25" who="2" fromWho="2" sc="306,-21,115,-21,245,93,324,-41" />
</Scene>
<Scene>
<INIT seed="4,0,0,0,5,98" ten="285,94,338,283" oya="0" hai0="60,26,2,87,0,100,112,28,104,129,90,45,14" hai1="128,12,22,65,54,133,73,21,58,57,5,135,29" hai2="42,105,67,68,131,108,63,81,4,64,8,79,77" hai3="127,103,32,49,126,43,34,124,6,47,50,113,52"/><T27/><D112/><U107/><E73/><V120/><F108/><W82/><G113/><T7/><D129/><U48/><E128/><V99/><F131/><W15/><G82/><T71/><D27/><U37/><E37/><V78/><F120/><W53/><G43/><T74/><D74/><U97/><E29/><V36/><F67/><W1/><G1/><T19/><D7/><U17/><E5/><V89/><F89/><W114/><G114/><T75/><D75/><U18/><E65/><V117/><F117/><W85/><G85/><T40/><D60/><U118/><E118/><V110/><F110/><W125/><G103/><T106/><D71/><U134/><E58/><V69/><F69/><W20/><N who="3" m="31744" /><DORA hai="62" /><W115/><G115/><T83/><D104/><U76/><E76/><V3/><F99/><W9/><REACH who="3" step="1"/><G20/><REACH who="3" ten="285,94,338,273" step="2"/><T38/><D100/><N who="1" m="62863" /><E22/><V93/><F42/><W66/><G66/><T91/><D106/><U31/><E12/><V24/><F105/><W46/><AGARI ba="0,1" hai="6,9,15,32,34,46,47,49,50,52,53" m="31744" machi="46" ten="60,8000,1" yaku="1,1,0,1,9,1,18,1,54,1,53,0" doraHai="98,62" doraHaiUra="23,16" who="3" fromWho="3" sc="285,-40,94,-20,338,-20,273,90" />
</Scene>
<Scene>
<INIT seed="5,0,0,4,3,108" ten="245,74,318,363" oya="1" hai0="27,111,3,38,14,10,60,125,89,86,92,35,75" hai1="12,33,117,110,130,50,64,57,66,133,1,0,122" hai2="15,47,100,83,118,107,84,19,9,56,71,26,96" hai3="4,21,119,25,34,115,93,54,2,120,41,30,134"/><U128/><E122/><V102/><F118/><W109/><G120/><T69/><D111/><U74/><E110/><V53/><F71/><W113/><G109/><T88/><D75/><U17/><E117/><V99/><F26/><W91/><G134/><T32/><D38/><U11/><E133/><V20/><F47/><W94/><G119/><T104/><D104/><U124/><E74/><V90/><F9/><W105/><G105/><T76/><D76/><U61/><E33/><V85/><F85/><W129/><G129/><T52/><D3/><U114/><E64/><V8/><F8/><N who="3" m="2071" /><G41/><T101/><D125/><U95/><E124/><V58/><REACH who="2" step="1"/><F53/><REACH who="2" ten="245,74,308,363" step="2"/><W72/><G54/><T123/><D123/><U16/><E17/><V78/><F78/><W73/><G34/><T97/><D27/><U49/><E95/><AGARI ba="0,1" hai="15,19,20,56,58,83,84,90,95,96,99,100,102,107" machi="95" ten="30,2000,0" yaku="1,1,7,1,53,0" doraHai="108" doraHaiUra="6" who="2" fromWho="1" sc="245,0,74,-20,308,30,363,0" />
</Scene>
<Scene>
<INIT seed="6,0,0,4,0,7" ten="245,54,338,363" oya="2" hai0="30,65,43,12,32,77,13,58,57,24,102,104,68" hai1="29,113,89,18,115,23,118,42,53,69,5,56,75" hai2="107,1,105,116,51,26,50,17,94,66,131,132,111" hai3="119,47,117,114,101,103,20,64,71,88,41,92,28"/><V125/><F116/><W81/><G114/><T44/><D77/><U120/><E69/><V60/><F1/><W83/><G71/><T79/><D79/><U122/><E75/><V100/><F132/><W4/><G64/><T39/><D57/><U36/><E118/><V35/><F131/><W19/><G28/><T2/><D58/><U130/><E130/><V112/><F112/><W91/><G4/><T78/><D78/><U6/><E89/><V33/><F33/><W109/><G109/><T133/><D133/><U74/><E74/><V59/><F111/><W87/><G119/><T3/><D13/><U10/><E56/><V15/><F125/><W135/><G135/><T27/><D12/><U121/><E36/><V61/><F61/><W110/><G110/><T31/><D27/><U16/><E42/><V46/><F26/><N who="3" m="14623" /><G117/><T25/><D25/><U70/><E53/><V45/><F35/><W98/><G83/><T86/><D86/><U0/><E70/><V52/><F94/><W11/><G11/><T95/><D95/><U90/><E90/><V93/><F93/><W80/><G80/><T128/><D31/><U76/><E76/><V55/><F100/><W40/><G40/><T72/><D72/><U8/><E120/><V134/><F134/><W37/><G37/><T14/><D14/><U62/><E62/><V73/><F73/><W48/><AGARI ba="0,0" hai="41,47,48,81,87,88,91,92,98,101,103" m="14623" machi="48" ten="30,2000,0" yaku="8,1,54,1" doraHai="7" who="3" fromWho="3" sc="245,-5,54,-5,338,-10,363,20" />
</Scene>
<Scene>
<INIT seed="7,0,0,2,1,19" ten="240,49,328,383" oya="3" hai0="103,92,96,104,42,68,36,62,120,133,97,128,113" hai1="29,116,31,75,82,87,10,47,127,40,11,79,52" hai2="125,83,30,17,71,41,119,51,130,126,67,102,5" hai3="38,44,101,95,48,66,93,59,81,24,54,61,4"/><W132/><G132/><T9/><D120/><U25/><E29/><V70/><F119/><W114/><G114/><T49/><D36/><U80/><E116/><V34/><F5/><W64/><G38/><T28/><D9/><U53/><E127/><V69/><F102/><W63/><G4/><T118/><D118/><U32/><E80/><V43/><F34/><W73/><G101/><T123/><D123/><U20/><E87/><V131/><F30/><W18/><G73/><T78/><D78/><U85/><E85/><V26/><F83/><W135/><G135/><T16/><D133/><U88/><E88/><V74/><F74/><W3/><G3/><T76/><D76/><U124/><E124/><N who="2" m="47723" /><F17/><W90/><G81/><T108/><D108/><U27/><E27/><V117/><F26/><W50/><G90/><T72/><D72/><U105/><E105/><V22/><F22/><N who="3" m="13399" /><G50/><T86/><D28/><U12/><E10/><V56/><F117/><W65/><G63/><T57/><D86/><U2/><E12/><V98/><F98/><W84/><G84/><T91/><D92/><AGARI ba="0,0" hai="44,48,54,59,61,64,65,66,92,93,95" m="13399" machi="92" ten="30,2900,0" yaku="8,1,52,1" doraHai="19" who="3" fromWho="0" sc="240,-29,49,0,328,0,383,29" owari="211,-19.0,49,-45.0,328,13.0,412,51.0" />
</Scene>
</mjloggm>