<mjloggm ver="2.3"><GO type="169"/><UN n0="%E3%82%A2%E3%83%95%E3%83%AA%E3%82%AB" n1="%31%38%31" n2="%41%53%41%50%49%4E" n3="%E5%B2%A1%E6%9D%91" dan="16,16,19,17" rate="2008,2044,2208,2105" sx="M,M,M,M"/><TAIKYOKU oya="0"/>

<Scene>
<INIT seed="0,0,0,2,2,48" ten="250,250,250,250" oya="0" hai0="34,14,85,102,109,134,110,108,122,68,89,72,128" hai1="44,125,35,116,131,3,63,55,94,36,84,24,27" hai2="121,28,95,113,25,41,126,8,57,62,115,112,100" hai3="74,32,73,106,101,1,56,90,40,135,91,78,9"/><T0/><D122/><U22/><E116/><V120/><F126/><W52/><G32/><T33/><D68/><U16/><E125/><V7/><F41/><W70/><G70/><T10/><D0/><U98/><E131/><V86/><F86/><W123/><G40/><T29/><D128/><U117/><E117/><V23/><F8/><W103/><G123/><T96/><D29/><U46/><E3/><V104/><F104/><W75/><G78/><T49/><D72/><U127/><E36/><V30/><F7/><W26/><G26/><T31/><D31/><U82/><E27/><V20/><F20/><W130/><G130/><T81/><D134/><U67/><E35/><V133/><F30/><W129/><G129/><T11/><D11/><U6/><E6/><V87/><F87/><W119/><G119/><T51/><D34/><U69/><E127/><V76/><F76/><W77/><G77/><T58/><D33/><U107/><E107/><V39/><F39/><W92/><G135/><T64/><D64/><U66/><E66/><N who="2" m="39247" /><F133/><W83/><G106/><N who="0" m="63815" /><D58/><N who="1" m="35295" /><E67/><V105/><F105/><W17/><G1/><T19/><AGARI ba="0,0" hai="10,14,19,49,51,81,85,89,108,109,110" m="63815" machi="19" ten="30,3000,0" yaku="14,1,10,1" doraHai="48" who="0" fromWho="0" sc="250,30,250,-10,250,-10,250,-10" />
</Scene>
<Scene>
<INIT seed="0,1,0,0,4,58" ten="280,240,240,240" oya="0" hai0="72,52,93,79,86,30,108,11,82,47,110,29,100" hai1="114,63,134,12,41,83,50,123,37,76,105,101,84" hai2="73,71,117,62,53,130,1,95,75,36,57,124,91" hai3="88,90,132,2,59,28,56,68,15,64,107,26,69"/><T133/><D133/><U61/><E123/><V126/><F1/><W78/><G2/><T38/><D11/><U106/><E37/><V67/><F36/><W131/><G132/><T128/><D128/><U120/><E120/><V99/><F130/><W17/><G107/><T125/><D125/><N who="2" m="48234" /><F117/><W116/><G78/><T129/><D129/><U127/><E127/><V103/><F103/><W33/><G131/><T49/><D38/><U65/><E65/><V113/><F113/><W51/><G116/><T32/><D32/><U97/><E134/><V70/><F70/><W96/><G69/><T87/><D72/><U16/><E106/><V104/><F104/><W0/><G0/><T44/><D44/><U46/><REACH who="1" step="1"/><E114/><REACH who="1" ten="280,230,240,240" step="2"/><V54/><F54/><W42/><G64/><T27/><D110/><U94/><E94/><V35/><F35/><W85/><G33/><T102/><D108/><U135/><E135/><V22/><F22/><AGARI ba="1,1" hai="12,16,22,41,46,50,61,63,76,83,84,97,101,105" machi="22" ten="30,8000,1" yaku="1,1,7,1,52,2,54,1,53,0" doraHai="58" doraHaiUra="31" who="1" fromWho="2" sc="280,0,230,93,240,-83,240,0" />
</Scene>
<Scene>
<INIT seed="1,0,0,2,5,40" ten="280,323,157,240" oya="1" hai0="29,81,42,50,76,57,30,105,91,93,59,60,121" hai1="11,49,35,80,72,102,25,107,119,95,48,75,69" hai2="31,63,53,34,87,36,118,92,2,133,122,98,15" hai3="73,6,24,134,85,58,41,96,86,99,130,94,88"/><U83/><E119/><V56/><F118/><W67/><G73/><T47/><D105/><U27/><E69/><V114/><F2/><W127/><G127/><T116/><D116/><U103/><E35/><V129/><F122/><W123/><G123/><T62/><D121/><U68/><E68/><V61/><F36/><W125/><G125/><T17/><D17/><U52/><E11/><V109/><F109/><W78/><G134/><T108/><D108/><U0/><E95/><V13/><F133/><W132/><G132/><T8/><D8/><U120/><E120/><V110/><F110/><W28/><G6/><T79/><D79/><U14/><E14/><V1/><F1/><W38/><G38/><T64/><D81/><U45/><E0/><V39/><F39/><W113/><G113/><T51/><D51/><U84/><E84/><V90/><F129/><W3/><G3/><T97/><D76/><U101/><E107/><V46/><F114/><W117/><G117/><T71/><D71/><U43/><E75/><V16/><F13/><W135/><G135/><T9/><D9/><U54/><E72/><V115/><F115/><W22/><G130/><T104/><D104/><U32/><E32/><V10/><F87/><W37/><G85/><T33/><D33/><U5/><E5/><V44/><REACH who="2" step="1"/><F61/><REACH who="2" ten="280,323,147,240" step="2"/><N who="3" m="38327" /><G78/><T65/><AGARI ba="0,1" hai="29,30,42,47,50,57,59,60,62,64,65,91,93,97" machi="65" ten="20,8000,1" yaku="0,1,7,1,9,1,8,1,52,1" doraHai="40" who="0" fromWho="0" sc="280,90,323,-40,147,-20,240,-20" />
</Scene>
<Scene>
<INIT seed="2,0,0,0,2,39" ten="370,283,127,220" oya="2" hai0="8,9,131,18,27,76,24,111,81,96,2,19,35" hai1="69,11,91,56,53,113,55,84,46,60,49,102,36" hai2="45,42,110,135,31,85,133,125,23,44,61,20,65" hai3="14,73,50,22,119,107,89,101,104,72,120,41,1"/><V106/><F106/><W62/><G120/><T67/><D131/><U83/><E113/><V0/><F0/><W88/><G1/><T122/><D122/><U132/><E132/><N who="2" m="50763" /><F44/><W79/><G119/><T98/><D111/><U37/><E69/><V13/><F125/><W6/><G62/><T66/><D2/><U10/><E102/><V118/><F118/><W40/><G6/><T32/><D81/><U123/><E123/><V29/><F110/><W51/><G79/><AGARI ba="0,0" hai="8,9,18,19,24,27,32,35,66,67,76,79,96,98" machi="79" ten="25,1600,0" yaku="22,2" doraHai="39" who="0" fromWho="3" sc="370,16,283,0,127,0,220,-16" />
</Scene>
<Scene>
<INIT seed="3,0,0,4,3,50" ten="386,283,127,204" oya="3" hai0="73,48,12,2,41,23,21,25,9,129,80,98,69" hai1="118,133,121,20,104,4,6,125,10,108,29,7,83" hai2="40,28,34,59,105,103,116,1,132,82,19,110,117" hai3="130,88,13,31,26,92,49,101,15,119,75,54,122"/><W131/><G75/><T46/><D69/><U79/><E104/><V89/><F1/><W115/><G122/><T74/><D2/><U120/><E83/><V90/><F110/><W8/><G115/><T36/><D129/><N who="3" m="49161" /><G101/><T97/><D23/><U52/><E79/><V111/><F111/><W123/><G119/><T85/><D36/><U14/><E108/><V96/><F132/><W32/><G123/><T77/><D74/><U58/><E133/><V43/><F116/><W106/><G106/><T63/><D63/><N who="1" m="36295" /><E118/><V102/><F117/><W135/><G135/><T42/><D42/><U66/><E125/><V62/><F43/><W45/><G8/><T11/><D11/><U64/><E121/><V70/><F40/><W35/><G35/><T16/><REACH who="0" step="1"/><D73/><REACH who="0" ten="376,283,127,204" step="2"/><U39/><E39/><V44/><F34/><W76/><G76/><T0/><D0/><U109/><E109/><V113/><F113/><W27/><G27/><T30/><AGARI ba="0,1" hai="9,12,16,21,25,30,41,46,48,77,80,85,97,98" machi="30" ten="20,12000,2" yaku="1,1,0,1,7,1,8,1,54,1,53,2" doraHai="50" doraHaiUra="95" who="0" fromWho="0" sc="376,130,283,-30,127,-30,204,-60" />
</Scene>
<Scene>
<INIT seed="4,0,0,4,1,49" ten="506,253,97,144" oya="0" hai0="69,48,37,120,126,106,35,58,76,40,29,31,114" hai1="33,39,90,6,18,86,71,38,112,7,116,54,75" hai2="96,99,111,105,128,36,123,42,1,2,80,22,89" hai3="17,73,110,85,19,63,61,10,100,8,21,115,113"/><T14/><D106/><U82/><E116/><V68/><F111/><W12/><G73/><T4/><D69/><U59/><E71/><V102/><F123/><W119/><G119/><T134/><D120/><U16/><E33/><V81/><F68/><W94/><G110/><T98/><D37/><U103/><E75/><V72/><F128/><W121/><G121/><T83/><D35/><U26/><E39/><V41/><F36/><W97/><G85/><N who="0" m="48359" /><D114/><N who="3" m="43529" /><G10/><N who="0" m="4423" /><D134/><U47/><E112/><V79/><F1/><W30/><G30/><T27/><D98/><U64/><E38/><V46/><F2/><W5/><G19/><N who="1" m="7210" /><E103/><V66/><F102/><W34/><G34/><T60/><D27/><AGARI ba="0,0" hai="5,8,12,17,21,27,61,63,94,97,100" m="43529" machi="27" ten="30,1000,0" yaku="15,1" doraHai="49" who="3" fromWho="0" sc="506,-10,253,0,97,0,144,10" />
</Scene>
<Scene>
<INIT seed="5,0,0,3,5,12" ten="496,253,97,154" oya="1" hai0="52,121,107,102,11,2,46,106,8,65,81,60,9" hai1="69,119,103,135,82,36,66,83,115,40,113,88,0" hai2="70,98,61,42,89,130,49,57,27,26,37,31,28" hai3="129,122,93,104,63,18,23,24,117,53,22,55,99"/><U67/><E119/><V51/><F130/><W109/><G109/><T86/><D2/><U74/><E0/><V21/><F70/><W108/><G122/><T100/><D121/><U7/><E7/><V25/><F37/><W71/><G117/><T38/><D107/><U127/><E103/><V73/><F73/><W79/><G104/><T64/><D38/><U48/><E36/><V92/><F42/><W77/><G108/><T95/><D106/><U44/><E69/><V34/><F25/><W105/><G105/><T68/><D95/><U87/><E127/><V91/><F91/><W62/><G129/><T35/><D35/><U123/><E123/><V78/><F78/><W59/><G22/><T50/><REACH who="0" step="1"/><D65/><AGARI ba="0,0" hai="21,26,27,28,31,34,49,51,57,61,65,89,92,98" machi="65" ten="30,1000,0" yaku="7,1" doraHai="12" who="2" fromWho="0" sc="496,-10,253,0,97,10,154,0" />
</Scene>
<Scene>
<INIT seed="6,0,0,1,4,0" ten="486,253,107,154" oya="2" hai0="8,61,26,37,10,128,68,63,20,27,109,135,91" hai1="114,89,50,74,111,57,59,38,12,93,42,29,31" hai2="84,127,95,119,55,4,80,106,1,87,30,79,45" hai3="54,104,7,40,67,121,47,107,126,73,9,81,51"/><V90/><F119/><W105/><G121/><T18/><D37/><U116/><E111/><V129/><F106/><W33/><G33/><T72/><D109/><U46/><E116/><V17/><F129/><W19/><G126/><T112/><D128/><U86/><E74/><V66/><F127/><W15/><G67/><T113/><D135/><U92/><E114/><N who="0" m="44137" /><D72/><U131/><E131/><V132/><F132/><W22/><G73/><T122/><D122/><U85/><E38/><V16/><F30/><N who="1" m="11273" /><E12/><V13/><F66/><W60/><G81/><T58/><D27/><U88/><AGARI ba="0,0" hai="42,46,50,57,59,85,86,88,89,92,93" m="11273" machi="88" ten="30,2000,0" yaku="8,1,54,1" doraHai="0" who="1" fromWho="1" sc="486,-5,253,20,107,-10,154,-5" />
</Scene>
<Scene>
<INIT seed="7,0,0,0,3,12" ten="481,273,97,149" oya="3" hai0="111,51,2,18,97,133,15,93,58,72,30,99,66" hai1="71,87,126,96,134,119,60,85,127,42,23,22,65" hai2="106,95,94,3,73,9,118,28,78,38,88,59,49" hai3="132,35,55,102,84,113,80,109,121,123,115,19,131"/><W79/><G35/><T107/><D72/><U56/><E134/><V70/><F118/><W52/><G132/><T128/><D133/><U7/><E119/><V8/><F70/><W16/><G109/><T32/><D2/><U125/><E7/><V98/><F38/><W105/><G131/><T31/><D32/><U39/><E96/><V13/><F106/><W108/><G108/><T110/><D110/><U129/><E129/><V122/><F122/><W76/><G102/><T112/><D128/><U25/><E23/><V14/><F28/><N who="0" m="10794" /><D107/><U21/><E21/><V40/><F3/><W45/><G105/><T11/><D112/><N who="3" m="43081" /><G79/><T83/><D111/><U74/><E74/><V48/><F78/><W0/><G0/><T101/><D99/><U26/><E26/><V114/><F73/><W50/><G55/><N who="0" m="32127" /><D83/><U37/><E71/><V116/><F114/><W62/><G62/><T20/><D66/><U130/><E130/><V5/><F116/><W54/><G54/><T86/><D86/><N who="1" m="32779" /><E42/><V29/><F40/><W61/><G61/><T46/><D46/><U90/><E90/><V81/><F81/><W64/><G64/><T41/><D41/><U17/><AGARI ba="0,0" hai="17,22,25,37,39,56,60,65,125,126,127" m="32779" machi="17" ten="40,2700,0" yaku="18,1,52,1" doraHai="12" who="1" fromWho="1" sc="481,-7,273,27,97,-7,149,-13" owari="474,57.0,300,10.0,90,-41.0,136,-26.0" />
</Scene>
</mjloggm>