<mjloggm ver="2.3"><GO type="169" lobby="0"/><UN n0="%68%61%67%69%31%30%32%39" n1="%6A%6F%72%67%65%62%65%6E" n2="%E6%AF%94%E5%98%89%E7%A7%80%E4%BB%81" n3="%41%53%41%50%49%4E" dan="16,18,16,18" rate="2033,2181,2141,2196" sx="M,M,M,M"/><TAIKYOKU oya="0"/>

<Scene>
<INIT seed="0,0,0,0,2,56" ten="250,250,250,250" oya="0" hai0="59,55,95,30,67,106,111,20,51,76,58,101,28" hai1="22,38,130,90,72,65,119,83,50,103,3,70,48" hai2="25,36,112,87,133,4,71,85,107,93,120,2,94" hai3="98,69,75,18,124,108,34,42,7,43,128,74,10"/><T134/><D106/><U100/><E38/><V88/><F107/><W53/><G34/><T27/><D134/><U8/><E119/><V57/><F133/><W127/><G69/><T26/><D111/><U17/><E130/><V105/><F105/><W62/><G128/><T19/><D76/><U125/><E125/><N who="3" m="48202" /><G18/><T46/><D59/><U97/><E100/><V13/><F120/><W37/><G98/><N who="0" m="59615" /><D26/><U35/><E35/><V82/><F71/><W29/><G29/><T92/><D92/><U86/><E72/><V39/><F2/><W5/><G5/><T96/><D96/><U0/><E0/><V41/><F112/><W80/><G37/><T15/><D15/><U44/><E3/><V24/><F94/><W78/><G75/><T116/><D116/><U40/><E97/><V118/><F118/><W33/><G33/><T9/><D9/><U126/><E8/><V129/><F129/><W79/><G79/><T12/><D12/><U113/><E126/><V81/><F36/><W14/><G108/><T117/><D117/><U109/><E113/><V11/><F93/><W6/><G6/><T32/><D32/><U1/><E1/><V45/><REACH who="2" step="1"/><F57/><AGARI ba="0,0" hai="7,10,14,42,43,53,57,62,74,78,80" m="48202" machi="57" ten="30,2000,0" yaku="18,1,52,1" doraHai="56" who="3" fromWho="2" sc="250,0,250,0,250,-20,250,20" />
</Scene>
<Scene>
<INIT seed="1,0,0,5,2,78" ten="250,250,230,270" oya="1" hai0="42,15,36,95,122,19,75,65,121,35,22,63,114" hai1="86,16,32,124,131,61,113,4,41,80,135,27,93" hai2="69,18,52,3,66,49,43,102,111,97,98,128,6" hai3="0,47,56,84,126,109,117,106,116,51,12,88,8"/><U53/><E113/><V123/><F111/><W55/><G106/><T10/><D114/><U79/><E135/><V31/><F123/><N who="0" m="47114" /><D35/><U30/><E131/><V34/><F43/><W46/><G0/><T90/><D75/><U1/><E124/><V129/><F18/><N who="3" m="8455" /><G109/><T40/><D10/><U57/><E41/><V5/><F31/><W28/><G28/><T59/><D36/><U87/><E4/><V21/><F34/><W119/><G126/><T130/><D130/><N who="2" m="50282" /><F21/><W23/><G23/><T45/><D45/><U103/><E1/><V33/><F33/><W107/><G107/><T92/><D92/><AGARI ba="0,0" hai="46,47,51,55,56,84,88,92,116,117,119" m="8455" machi="92" ten="30,2000,0" yaku="12,1,54,1" doraHai="78" who="3" fromWho="0" sc="250,-20,250,0,230,0,270,20" />
</Scene>
<Scene>
<INIT seed="2,0,0,0,0,34" ten="230,250,230,290" oya="2" hai0="96,21,99,16,108,41,81,47,100,3,23,57,103" hai1="61,37,20,74,27,8,75,11,114,80,48,14,102" hai2="53,69,38,107,119,30,109,79,0,105,55,66,85" hai3="62,98,13,49,95,68,42,50,76,88,120,4,124"/><V72/><F119/><W93/><G120/><T125/><D125/><U116/><E37/><V110/><F72/><W132/><G124/><T131/><D131/><U87/><E116/><V5/><F38/><W89/><G132/><T35/><D35/><U90/><E114/><V19/><F30/><W83/><G42/><T46/><D108/><N who="2" m="41578" /><F19/><W26/><G26/><T51/><D3/><U117/><E117/><V60/><F85/><W86/><G62/><T24/><D57/><U32/><E32/><V123/><F79/><W111/><G68/><T97/><D81/><U63/><E75/><V78/><F78/><W84/><G111/><T130/><D130/><U115/><E74/><V94/><F94/><W77/><G77/><T56/><D56/><U73/><E73/><V101/><F123/><W64/><G64/><T91/><D91/><U25/><E115/><V52/><F101/><W59/><G59/><T36/><REACH who="0" step="1"/><D23/><REACH who="0" ten="220,250,230,290" step="2"/><U121/><E20/><V92/><F92/><W134/><G134/><T129/><D129/><U43/><E80/><V40/><F40/><AGARI ba="0,1" hai="16,21,24,36,40,41,46,47,51,96,97,99,100,103" machi="40" ten="40,2600,0" yaku="1,1,54,1,53,0" doraHai="34" doraHaiUra="126" who="0" fromWho="2" sc="220,36,250,0,230,-26,290,0" />
</Scene>
<Scene>
<INIT seed="3,0,0,5,3,57" ten="256,250,204,290" oya="3" hai0="45,9,100,48,126,112,106,11,118,21,28,6,117" hai1="127,74,69,58,92,2,123,129,81,115,25,1,76" hai2="135,108,105,36,97,13,51,119,4,33,46,103,34" hai3="122,27,55,114,90,130,91,124,35,85,44,52,50"/><W12/><G114/><T54/><D112/><U56/><E69/><V67/><F108/><W86/><G122/><T5/><D126/><U134/><E115/><V77/><F119/><W102/><G130/><T80/><D106/><U71/><E71/><V88/><F36/><W60/><G124/><T98/><D98/><U96/><E123/><V95/><F77/><W84/><G102/><T17/><D100/><U24/><E129/><V39/><F39/><W65/><G55/><T72/><D28/><U64/><E127/><V68/><F135/><W29/><REACH who="3" step="1"/><G12/><REACH who="3" ten="256,250,204,280" step="2"/><N who="0" m="7327" /><D54/><U18/><E1/><V0/><F0/><W111/><G111/><T113/><D113/><U87/><E2/><V47/><F103/><W99/><G99/><T78/><D118/><U107/><E96/><V49/><F13/><W121/><G121/><T104/><D117/><U16/><E134/><V62/><F105/><W94/><G94/><T133/><D104/><U83/><E107/><V93/><F93/><W43/><G43/><T38/><D133/><U8/><E92/><V131/><F131/><W120/><G120/><T7/><D80/><U66/><E83/><V26/><F97/><W40/><G40/><T15/><D15/><U22/><E81/><V109/><F95/><W32/><G32/><T128/><D128/><U53/><E53/><V132/><F34/><W89/><G89/><T75/><D78/><U14/><E76/><V59/><F33/><W19/><G19/><T82/><D82/><U42/><E42/><V41/><F109/><W101/><G101/><T110/><D110/><U31/><E14/><RYUUKYOKU ba="0,1" sc="256,-10,250,-10,204,-10,280,30" hai3="27,29,35,44,50,52,60,65,84,85,86,90,91" />
</Scene>
<Scene>
<INIT seed="3,1,1,4,3,21" ten="246,240,194,310" oya="3" hai0="27,33,5,19,134,106,61,32,114,122,94,83,109" hai1="70,48,10,7,104,9,58,119,50,29,93,100,127" hai2="22,42,88,47,60,12,8,45,108,102,44,82,95" hai3="87,11,4,77,99,130,121,120,85,25,132,91,31"/><W24/><G130/><T126/><D122/><U80/><E70/><V79/><F108/><W55/><G132/><T116/><D116/><U30/><E104/><V118/><F102/><W59/><G120/><T15/><D106/><U76/><E127/><V51/><F22/><W3/><G121/><T113/><D126/><U46/><E119/><V57/><F118/><W6/><G6/><T98/><D134/><U96/><E58/><V84/><F57/><W67/><G67/><T135/><D135/><U1/><E9/><V66/><F66/><W20/><G77/><T69/><D5/><U112/><E112/><N who="0" m="43113" /><D69/><U123/><E123/><V40/><F60/><W63/><REACH who="3" step="1"/><G25/><REACH who="3" ten="246,240,194,300" step="2"/><T49/><D27/><U89/><E76/><V81/><F79/><W129/><G129/><T56/><D109/><U38/><E7/><N who="2" m="3103" /><F47/><W23/><G23/><T18/><D33/><U62/><E46/><V0/><F0/><W36/><G36/><T39/><D39/><U2/><E38/><V105/><F45/><W86/><G86/><T103/><D32/><U71/><E1/><V124/><F124/><W26/><G26/><T73/><D98/><U68/><E96/><V111/><F44/><W74/><G74/><T54/><D73/><U115/><E2/><V128/><F128/><W34/><G34/><T52/><D15/><U101/><E115/><V37/><F37/><W72/><G72/><T107/><D54/><U65/><E65/><V78/><F78/><W64/><G64/><T41/><D52/><U53/><E53/><V90/><F84/><W43/><G43/><T110/><D41/><RYUUKYOKU ba="1,2" sc="246,-10,240,-10,194,-10,300,30" hai3="3,4,11,20,24,31,55,59,63,85,87,91,99" />
</Scene>
<Scene>
<INIT seed="3,2,2,2,2,70" ten="236,230,184,330" oya="3" hai0="55,126,63,21,107,24,86,27,103,38,93,120,123" hai1="112,134,54,43,80,64,20,119,91,102,98,4,132" hai2="58,104,99,65,82,32,116,90,3,14,44,67,97" hai3="6,40,83,33,8,129,60,85,92,47,122,23,106"/><W105/><G122/><T0/><D0/><U30/><E112/><V13/><F116/><W48/><G33/><T73/><D73/><U127/><E119/><V81/><F32/><W41/><G129/><T7/><D107/><U100/><E127/><V110/><F110/><W45/><G92/><T130/><D7/><U52/><E4/><V71/><F71/><W46/><G23/><T62/><D38/><U31/><E64/><V88/><F3/><W131/><G60/><T87/><D93/><N who="1" m="56639" /><E80/><V39/><F104/><W1/><G45/><T35/><D21/><U78/><E78/><V56/><REACH who="2" step="1"/><F44/><REACH who="2" ten="236,230,174,330" step="2"/><W11/><G131/><T12/><D35/><U69/><E69/><V57/><F57/><W34/><G34/><T76/><D130/><U26/><E134/><V68/><F68/><W114/><G114/><T28/><D126/><U95/><E132/><V125/><F125/><W75/><G105/><T66/><D120/><U79/><E31/><V37/><AGARI ba="2,3" hai="13,14,37,39,56,58,65,67,81,82,88,90,97,99" machi="37" ten="25,12000,2" yaku="1,1,0,1,22,2,52,2,54,1,53,0" doraHai="70" doraHaiUra="2" who="2" fromWho="2" sc="236,-32,230,-32,174,156,330,-62" />
</Scene>
<Scene>
<INIT seed="4,0,0,3,2,49" ten="204,198,330,268" oya="0" hai0="103,104,98,16,94,15,119,38,87,89,43,6,127" hai1="83,131,70,126,68,3,97,132,11,133,52,69,13" hai2="65,108,105,18,84,123,90,59,95,22,41,64,24" hai3="32,117,53,93,56,14,48,26,57,34,75,135,60"/><T33/><D33/><U47/><E3/><V7/><F108/><W42/><G117/><T76/><D119/><U0/><E0/><V81/><F105/><W17/><G75/><T110/><D110/><U88/><E131/><V102/><F41/><W114/><G114/><T73/><D127/><U10/><E126/><V54/><F7/><W129/><G129/><T37/><D6/><U27/><E27/><V62/><F123/><W19/><G135/><N who="1" m="51786" /><E13/><V112/><F112/><W4/><G4/><T36/><D43/><U82/><E82/><V31/><F31/><W78/><G78/><T91/><D91/><U92/><E83/><V9/><F9/><W128/><G128/><T101/><D101/><U29/><E29/><V71/><F71/><W122/><G122/><T21/><D36/><U45/><E45/><V86/><REACH who="2" step="1"/><F102/><REACH who="2" ten="204,198,320,268" step="2"/><W125/><G125/><T67/><REACH who="0" step="1"/><D67/><REACH who="0" ten="194,198,320,268" step="2"/><U121/><E121/><V115/><F115/><W46/><G42/><T100/><D100/><U80/><E80/><AGARI ba="0,2" hai="15,16,21,37,38,73,76,80,87,89,94,98,103,104" machi="80" ten="40,12000,1" yaku="1,1,24,2,54,1,53,1" doraHai="49" doraHaiUra="72" who="0" fromWho="1" sc="194,140,198,-120,320,0,268,0" />
</Scene>
<Scene>
<INIT seed="4,1,0,1,4,46" ten="334,78,320,268" oya="0" hai0="4,127,75,106,108,82,71,47,97,23,6,87,78" hai1="115,11,33,53,58,116,120,37,100,79,1,128,19" hai2="109,8,10,135,83,130,95,103,81,17,122,41,110" hai3="94,38,99,7,84,69,96,36,90,132,73,64,2"/><T55/><D71/><U85/><E120/><V131/><F122/><W22/><G73/><T31/><D108/><U91/><E116/><V67/><F67/><W66/><G132/><T98/><D127/><U76/><E37/><V0/><F135/><W101/><G99/><T40/><D55/><U51/><E33/><V43/><F0/><W5/><G36/><T118/><D118/><U14/><E128/><V125/><F95/><W117/><G38/><T134/><D134/><U68/><E68/><V24/><F24/><W57/><G69/><T42/><D42/><U30/><E30/><V48/><F103/><W113/><G113/><T133/><D98/><U105/><E115/><V29/><F29/><W45/><G45/><T50/><D75/><U3/><E100/><V18/><F125/><W119/><G119/><T72/><D72/><U124/><E105/><V49/><AGARI ba="1,0" hai="8,10,17,18,41,43,48,49,81,83,109,110,130,131" machi="49" ten="25,8000,1" yaku="0,1,22,2,52,2" doraHai="46" who="2" fromWho="2" sc="334,-41,78,-21,320,83,268,-21" />
</Scene>
<Scene>
<INIT seed="5,0,0,1,0,56" ten="293,57,403,247" oya="1" hai0="26,82,91,123,103,101,13,130,108,76,120,15,36" hai1="45,92,110,86,81,32,34,1,111,18,124,35,62" hai2="109,21,6,99,69,118,71,2,53,132,28,122,96" hai3="29,3,106,73,133,119,100,121,16,77,116,127,128"/><U95/><E1/><V46/><F109/><N who="1" m="41481" /><E124/><V80/><F122/><N who="0" m="46634" /><D108/><U50/><E18/><V0/><F132/><W27/><G3/><T114/><D36/><U58/><E50/><V55/><F80/><N who="3" m="45103" /><G121/><T51/><D114/><U43/><E45/><V38/><F38/><W88/><G133/><T84/><D130/><U70/><E70/><V39/><F39/><W68/><G68/><T61/><D26/><U135/><E43/><V31/><F46/><W134/><G134/><T94/><D51/><U54/><E135/><V78/><F21/><N who="3" m="13735" /><G29/><T5/><D5/><U89/><AGARI ba="0,0" hai="32,34,35,54,58,62,81,86,89,92,95" m="41481" machi="89" ten="40,3900,0" yaku="10,1,52,1" doraHai="56" who="1" fromWho="1" sc="293,-13,57,39,403,-13,247,-13" />
</Scene>
<Scene>
<INIT seed="5,1,0,1,1,110" ten="280,96,390,234" oya="1" hai0="85,78,65,33,112,22,56,25,101,24,97,119,76" hai1="117,57,40,1,23,116,0,53,105,7,106,99,107" hai2="69,2,115,130,29,17,120,68,111,113,98,14,59" hai3="5,49,39,15,51,44,133,4,103,86,82,3,20"/><U50/><E40/><V77/><F111/><W61/><G133/><T6/><D119/><U94/><E23/><V81/><F2/><W41/><G103/><T128/><D6/><N who="3" m="2665" /><G39/><T42/><D33/><U11/><REACH who="1" step="1"/><E0/><REACH who="1" ten="280,86,390,234" step="2"/><V43/><F120/><W84/><G20/><T89/><D42/><U58/><E58/><V80/><F59/><W96/><G3/><T109/><D22/><U36/><E36/><V134/><F69/><W18/><G41/><T35/><D56/><U121/><E121/><V135/><F68/><W83/><G44/><T124/><D109/><U71/><E71/><V16/><F43/><W30/><G30/><T21/><D21/><U19/><E19/><V26/><F29/><W92/><G18/><T102/><D35/><U73/><E73/><V132/><F17/><W127/><G127/><T123/><D124/><U125/><E125/><V28/><F28/><W10/><G15/><T70/><D70/><U9/><E9/><V47/><F14/><W72/><G10/><T88/><D123/><U79/><E79/><V93/><F77/><N who="3" m="46447" /><G72/><T34/><D76/><U52/><E52/><V87/><F135/><W37/><G37/><T118/><D78/><U45/><E45/><V129/><F47/><W74/><G74/><T13/><D34/><U62/><E62/><V67/><F134/><W64/><G61/><T32/><D13/><U75/><E75/><V48/><F132/><W12/><G12/><T54/><D32/><U38/><E38/><V46/><F16/><W8/><G8/><T122/><D122/><U108/><E108/><V90/><F46/><RYUUKYOKU ba="1,1" sc="280,-10,86,30,390,-10,234,-10" hai1="1,7,11,50,53,57,94,99,105,106,107,116,117" />
</Scene>
<Scene>
<INIT seed="5,2,1,4,4,11" ten="270,116,380,224" oya="1" hai0="50,120,44,130,35,14,64,135,58,106,122,121,5" hai1="27,114,75,1,26,3,34,134,59,124,24,28,15" hai2="115,101,77,79,32,16,65,51,69,131,47,84,4" hai3="76,73,43,71,68,18,63,80,33,48,62,7,81"/><U107/><E107/><V2/><F32/><W52/><G33/><T60/><D106/><U22/><E75/><V116/><F116/><W19/><G43/><N who="0" m="24863" /><D35/><U21/><E59/><V118/><F118/><W53/><G48/><T117/><D117/><U38/><E38/><V104/><F115/><W113/><G73/><T25/><D130/><U41/><E41/><V29/><F29/><W66/><G7/><T132/><D25/><N who="1" m="18703" /><E114/><V94/><F104/><W12/><G113/><T74/><D74/><U82/><E82/><V99/><F65/><W93/><G93/><T109/><D109/><U36/><E36/><V108/><F69/><W87/><G66/><T40/><D40/><U85/><E85/><V133/><F131/><W100/><G87/><T110/><D110/><U96/><E96/><V13/><F108/><W123/><G123/><T42/><D42/><U37/><E37/><V0/><F84/><W17/><G71/><T31/><D31/><N who="1" m="17807" /><E134/><V20/><F133/><W105/><G68/><T119/><D119/><U98/><E98/><V45/><F45/><W90/><G105/><T112/><D112/><U91/><E91/><V129/><F129/><W86/><G100/><T88/><D88/><U55/><E55/><N who="3" m="21066" /><G90/><T127/><D135/><U103/><E103/><V97/><F97/><W72/><G72/><T102/><D132/><U54/><E54/><N who="2" m="30079" /><F79/><W6/><G80/><T23/><D102/><U46/><E46/><V9/><F77/><W78/><G76/><T39/><D39/><U126/><E126/><V95/><F95/><W30/><G30/><T10/><D127/><RYUUKYOKU ba="2,1" sc="270,10,116,-30,380,10,224,10" hai0="5,10,14,23,58,60,64,120,121,122" hai2="0,2,4,9,13,16,20,94,99,101" hai3="6,12,17,18,19,62,63,78,81,86" />
</Scene>
<Scene>
<INIT seed="6,3,1,5,0,16" ten="280,86,390,234" oya="2" hai0="58,76,94,135,8,62,103,66,56,75,72,46,67" hai1="121,6,128,47,65,73,68,22,18,116,130,43,104" hai2="24,28,11,83,59,12,123,134,78,101,4,63,117" hai3="33,1,114,53,82,19,91,69,106,77,127,55,9"/><V44/><F117/><W38/><G106/><T40/><D135/><U122/><E116/><V129/><F123/><N who="1" m="47113" /><E104/><V27/><F134/><W108/><G108/><T124/><D124/><U54/><E73/><V89/><F129/><N who="1" m="49769" /><E6/><V92/><F101/><W32/><G127/><T95/><D103/><U50/><E65/><V3/><F44/><W115/><G38/><T13/><D76/><U79/><E79/><V131/><F3/><W87/><G69/><T5/><D75/><U31/><E31/><V98/><F131/><W109/><G109/><T96/><D96/><U37/><E68/><V42/><F42/><W25/><G77/><T15/><D72/><U26/><E37/><V14/><F28/><N who="3" m="19471" /><G33/><T84/><D67/><U80/><E80/><V99/><F78/><W111/><G111/><T35/><D5/><U41/><AGARI ba="3,1" hai="18,22,26,41,43,47,50,54" m="49769,47113" machi="41" ten="40,5200,0" yaku="13,1,19,1,52,1" doraHai="16" who="1" fromWho="1" sc="280,-16,86,71,390,-29,234,-16" />
</Scene>
<Scene>
<INIT seed="7,0,0,0,1,103" ten="264,157,361,218" oya="3" hai0="15,71,134,89,133,35,29,48,100,23,9,3,127" hai1="101,122,82,118,39,80,94,7,22,70,4,83,12" hai2="112,16,31,119,75,95,20,30,113,78,33,59,72" hai3="63,111,92,58,2,38,121,26,125,123,114,102,116"/><W88/><G116/><T13/><D71/><U54/><E70/><V52/><F119/><W105/><G38/><T43/><D100/><U76/><E39/><V64/><F64/><W46/><G2/><T60/><D60/><U77/><E122/><V74/><F78/><W28/><G114/><N who="2" m="44137" /><F95/><W115/><G115/><T40/><D89/><U117/><E118/><V84/><F84/><W50/><G125/><T104/><D48/><U120/><E120/><V106/><F33/><W107/><G102/><T5/><D15/><U73/><E117/><V97/><F97/><W41/><G111/><T124/><D40/><U126/><E126/><V8/><F106/><W21/><G123/><T61/><D104/><U129/><E129/><V93/><F93/><W49/><G49/><T69/><D43/><U62/><E80/><V108/><F8/><W25/><G25/><N who="0" m="18863" /><D61/><U18/><E62/><N who="2" m="36199" /><F108/><W135/><G135/><N who="0" m="51723" /><D69/><U99/><REACH who="1" step="1"/><E54/><REACH who="1" ten="264,147,361,218" step="2"/><V85/><F85/><AGARI ba="0,1" hai="4,7,12,18,22,73,76,77,82,83,85,94,99,101" machi="85" ten="30,3900,0" yaku="1,1,2,1,7,1,53,0" doraHai="103" doraHaiUra="87" who="1" fromWho="2" sc="264,0,147,49,361,-39,218,0" owari="264,6.0,196,-30.0,322,42.0,218,-18.0" />
</Scene>
</mjloggm>