<mjloggm ver="2.3"><GO type="169"/><UN n0="%E3%83%AD%E3%83%AA%E3%83%BC%E3%82%BF%E3%81%AA%E7%84%BC%E8%82%89" n1="%E9%B7%B9%EF%BC%93" n2="%6C%69%67%68%74%39%38" n3="%41%53%41%50%49%4E" dan="17,16,16,18" rate="2125,2123,2237,2187" sx="M,M,M,M"/><TAIKYOKU oya="0"/>

<Scene>
<INIT seed="0,0,0,1,4,110" ten="250,250,250,250" oya="0" hai0="50,72,3,75,59,61,34,18,43,94,24,56,112" hai1="120,10,80,67,100,114,123,33,132,113,134,69,49" hai2="23,129,135,98,6,96,81,92,102,127,40,52,74" hai3="116,90,88,32,31,57,85,125,47,15,13,93,73"/><T107/><D107/><U70/><E33/><V28/><F40/><W22/><G116/><T53/><D3/><U11/><E100/><V26/><F135/><N who="1" m="51753" /><E80/><V104/><F129/><W124/><G73/><T79/><D79/><U48/><E11/><V97/><F127/><N who="3" m="48715" /><G32/><T9/><D112/><N who="1" m="43115" /><E10/><V68/><F6/><W82/><G57/><T16/><D94/><U62/><E70/><V122/><F68/><W118/><G47/><T89/><D89/><U45/><E49/><V131/><F131/><W99/><G118/><T133/><D133/><U58/><E69/><V87/><F74/><W64/><G64/><T7/><D75/><U126/><E126/><V115/><F115/><W86/><G99/><T54/><D72/><U36/><E36/><V30/><F98/><W76/><G76/><T19/><D34/><U5/><E5/><V25/><F97/><W14/><G22/><T0/><REACH who="0" step="1"/><D43/><AGARI ba="0,0" hai="43,45,48,58,62,67,120,123" m="43115,51753" machi="43" ten="30,12000,2" yaku="20,1,11,1,34,2,52,3" doraHai="110" who="1" fromWho="0" sc="250,-120,250,120,250,0,250,0" />
</Scene>
<Scene>
<INIT seed="1,0,0,5,1,104" ten="130,370,250,250" oya="1" hai0="50,95,78,5,65,4,105,40,15,120,25,114,77" hai1="76,125,135,82,22,85,131,66,37,63,72,19,8" hai2="38,79,87,129,26,18,91,124,46,1,9,116,30" hai3="96,2,24,12,106,98,31,97,41,23,58,20,49"/><U119/><E119/><V16/><F116/><W0/><G106/><T93/><D105/><U42/><E135/><V52/><F79/><W21/><G12/><T108/><D120/><U92/><E131/><V44/><F129/><W130/><G130/><T134/><D114/><U53/><E125/><V122/><F122/><W28/><G58/><T100/><D134/><U17/><E53/><V13/><F124/><W71/><G71/><T118/><D118/><U57/><E8/><V126/><F1/><W59/><G59/><T123/><D123/><U48/><E37/><V86/><F126/><W36/><G36/><T67/><D108/><U61/><E61/><V69/><F69/><W84/><G84/><T94/><D100/><U110/><E110/><V56/><F18/><W128/><G128/><T29/><D50/><U80/><E92/><V39/><F39/><W88/><G88/><T89/><D40/><U34/><E34/><V74/><F74/><W55/><G55/><T133/><D133/><U27/><E42/><V47/><F91/><W68/><G68/><T83/><D89/><U70/><E48/><V51/><REACH who="2" step="1"/><F38/><REACH who="2" ten="130,370,240,250" step="2"/><W62/><G2/><T6/><D78/><U112/><E112/><V121/><F121/><W90/><G0/><T101/><D101/><U109/><E109/><V45/><N who="2" m="11264" /><DORA hai="111" /><V99/><F99/><W117/><G98/><T127/><D127/><U102/><E102/><V10/><F10/><W107/><G97/><T115/><D115/><U73/><E70/><V14/><F14/><W60/><G96/><T75/><D15/><N who="1" m="9535" /><E80/><V7/><F7/><RYUUKYOKU ba="0,1" sc="130,10,370,10,240,10,250,-30" hai0="4,5,6,25,29,65,67,75,77,83,93,94,95" hai1="19,27,57,63,66,72,73,76,82,85" hai2="9,13,16,26,30,51,52,56,86,87" />
</Scene>
<Scene>
<INIT seed="1,1,1,2,5,21" ten="140,380,250,220" oya="1" hai0="39,133,73,16,40,77,29,110,5,35,93,46,66" hai1="75,65,43,96,126,48,132,116,89,56,53,119,25" hai2="101,108,121,20,103,4,79,62,130,24,42,34,7" hai3="71,37,115,51,88,131,36,11,49,38,97,15,27"/><U98/><E132/><V104/><F121/><W61/><G115/><T125/><D133/><U44/><E126/><V123/><F123/><W91/><G131/><T57/><D125/><U60/><E75/><V85/><F34/><W3/><G3/><T106/><D106/><U120/><E120/><V99/><F130/><W107/><G71/><T128/><D128/><U13/><E13/><V31/><F108/><W59/><G107/><T127/><D127/><U58/><E119/><V124/><F124/><W90/><G97/><T84/><D110/><U135/><E135/><V63/><F42/><W76/><G76/><T86/><D5/><U74/><E74/><V19/><F103/><W100/><G100/><T30/><D35/><U67/><E116/><V114/><F114/><W118/><G118/><T1/><D1/><U17/><E89/><V113/><F113/><W92/><G92/><T22/><D73/><U105/><E65/><V80/><REACH who="2" step="1"/><F19/><REACH who="2" ten="140,380,240,220" step="2"/><W26/><G51/><T68/><D40/><U32/><E32/><V117/><F117/><W129/><G49/><T6/><D16/><U45/><E105/><V81/><F81/><W50/><G50/><T33/><D33/><U111/><E111/><V9/><F9/><W54/><REACH who="3" step="1"/><G129/><REACH who="3" ten="140,380,240,210" step="2"/><T55/><D39/><U12/><E48/><V18/><F18/><AGARI ba="1,3" hai="11,15,18,26,27,36,37,38,54,59,61,88,90,91" machi="18" ten="50,8000,1" yaku="1,1,2,1,52,2,54,1,53,0" doraHai="21" doraHaiUra="94" who="3" fromWho="2" sc="140,0,380,0,240,-83,210,113" />
</Scene>
<Scene>
<INIT seed="2,0,0,0,3,125" ten="140,380,157,323" oya="2" hai0="79,109,66,10,5,129,74,47,34,106,13,96,32" hai1="69,119,101,112,82,28,31,58,118,111,35,37,21" hai2="54,102,127,36,85,27,64,123,12,30,115,39,50" hai3="20,40,84,100,41,132,91,16,70,51,22,114,128"/><V15/><F115/><W103/><G70/><T57/><D109/><U63/><E69/><V48/><F123/><W80/><G114/><T110/><D110/><U93/><E112/><V117/><F117/><W113/><G113/><T71/><D71/><U89/><E111/><V52/><F102/><N who="3" m="38955" /><G128/><T56/><D129/><U2/><E37/><V108/><F108/><W97/><G132/><T19/><D106/><U14/><E2/><V61/><F127/><W131/><G131/><T7/><D96/><U62/><E101/><V44/><F85/><W42/><G97/><T122/><D122/><U116/><E82/><V83/><F83/><W65/><G65/><T17/><D47/><U3/><E3/><V98/><F98/><W92/><G22/><T25/><D74/><U86/><E35/><V75/><F75/><W53/><G80/><T1/><D79/><U0/><E0/><V90/><F90/><W38/><G38/><T78/><D78/><U135/><E135/><V29/><F64/><W130/><G130/><T94/><D66/><N who="1" m="39255" /><E63/><V124/><F61/><W49/><G53/><T105/><D105/><U95/><E95/><V67/><F67/><W73/><G73/><T126/><D126/><U121/><E121/><V8/><F124/><W99/><G99/><T60/><D60/><U43/><E43/><N who="3" m="11010" /><W59/><DORA hai="107" /><G59/><T120/><D56/><U134/><E134/><V23/><F36/><W33/><G33/><T45/><D57/><U133/><E133/><V55/><F39/><W26/><AGARI ba="0,0" hai="16,20,26,49,51,84,91,92" m="11010,38955" machi="26" ten="40,2700,0" yaku="8,1,54,1" doraHai="125,107" who="3" fromWho="3" sc="140,-7,380,-7,157,-13,323,27" />
</Scene>
<Scene>
<INIT seed="3,0,0,1,2,5" ten="133,373,144,350" oya="3" hai0="135,115,80,17,38,22,76,41,119,86,88,77,110" hai1="101,13,7,15,128,10,116,109,24,27,120,19,94" hai2="16,46,133,69,68,53,3,66,81,65,89,130,106" hai3="51,107,74,32,54,26,95,122,129,131,56,102,11"/><W114/><G122/><T103/><D119/><U44/><E120/><V63/><F106/><W43/><G114/><T47/><D110/><U67/><E116/><V111/><F3/><W61/><G74/><T108/><D108/><U123/><E109/><V57/><F111/><W97/><G32/><T30/><D135/><U126/><E128/><N who="3" m="49226" /><G26/><N who="1" m="9770" /><E126/><V21/><F130/><W71/><G43/><T84/><D115/><U113/><E123/><V132/><F46/><W40/><G40/><T92/><D103/><U35/><E35/><V105/><F105/><W42/><G42/><T28/><REACH who="0" step="1"/><D76/><REACH who="0" ten="123,373,144,350" step="2"/><U83/><E113/><V49/><F133/><W34/><G102/><T31/><D31/><U72/><E101/><V134/><F134/><W117/><G117/><T104/><D104/><U62/><E94/><V20/><F132/><W9/><G107/><T112/><D112/><U64/><E83/><V45/><F81/><W2/><G95/><T12/><AGARI ba="0,1" hai="12,17,22,28,30,38,41,47,77,80,84,86,88,92" machi="12" ten="20,5200,0" yaku="1,1,0,1,7,1,54,1,53,0" doraHai="5" doraHaiUra="100" who="0" fromWho="0" sc="123,62,373,-13,144,-13,350,-26" />
</Scene>
<Scene>
<INIT seed="4,0,0,4,0,0" ten="185,360,131,324" oya="0" hai0="85,22,115,126,60,59,122,109,78,16,75,73,23" hai1="46,108,84,79,110,13,70,111,12,50,56,18,104" hai2="100,98,42,68,81,4,99,7,132,62,88,76,47" hai3="63,118,114,20,74,93,25,53,58,35,133,112,36"/><T101/><D122/><U15/><E104/><V124/><F124/><W105/><G118/><T3/><D3/><U39/><E70/><V30/><F132/><W91/><G105/><T14/><D115/><N who="3" m="44073" /><G74/><T96/><D126/><U9/><E39/><V83/><F30/><W19/><G36/><T55/><D109/><U69/><E69/><V87/><F68/><W45/><G45/><T11/><D75/><U102/><E102/><V106/><F62/><W82/><G82/><N who="0" m="47319" /><D73/><U48/><E56/><V119/><F99/><N who="3" m="57791" /><G35/><T117/><D117/><U1/><E1/><V129/><F129/><W52/><G133/><T94/><AGARI ba="0,0" hai="11,14,16,22,23,55,59,60,94,96,101" m="47319" machi="94" ten="30,3000,0" yaku="8,1,54,1" doraHai="0" who="0" fromWho="0" sc="185,30,360,-10,131,-10,324,-10" />
</Scene>
<Scene>
<INIT seed="4,1,0,3,1,35" ten="215,350,121,314" oya="0" hai0="62,96,129,90,51,82,89,45,120,25,14,61,113" hai1="32,112,2,8,123,55,99,75,116,33,109,5,17" hai2="122,105,121,13,26,86,94,110,128,7,104,27,108" hai3="40,102,130,91,54,28,38,36,87,74,118,52,20"/><T12/><D120/><U50/><E123/><V67/><F67/><W134/><G118/><T22/><D113/><U18/><E116/><V1/><F86/><W127/><G74/><T43/><D129/><U66/><E99/><V93/><F13/><W115/><G130/><T125/><D125/><U41/><E75/><V56/><F128/><W79/><G79/><T29/><D90/><U88/><E112/><V69/><F56/><W68/><G68/><T46/><D46/><U70/><E109/><V77/><F77/><W23/><G115/><T131/><D131/><U19/><E41/><V0/><REACH who="2" step="1"/><F7/><REACH who="2" ten="215,350,111,314" step="2"/><W63/><G87/><N who="0" m="50423" /><D96/><U15/><E66/><V73/><F73/><W124/><G124/><T42/><D42/><U16/><E70/><AGARI ba="1,1" hai="0,1,26,27,69,70,93,94,104,105,108,110,121,122" machi="70" ten="25,8000,1" yaku="1,1,22,2,52,2,53,0" doraHai="35" doraHaiUra="59" who="2" fromWho="1" sc="215,0,350,-83,111,93,314,0" />
</Scene>
<Scene>
<INIT seed="5,0,0,0,1,1" ten="215,267,204,314" oya="1" hai0="69,130,85,79,66,26,118,83,74,87,115,15,121" hai1="60,96,56,31,34,2,91,13,62,38,117,12,43" hai2="107,32,22,89,4,105,8,29,114,10,48,119,54" hai3="37,21,131,82,135,71,27,99,72,111,73,67,127"/><U134/><E117/><V77/><F119/><W53/><G111/><T92/><D118/><U98/><E134/><V9/><F32/><W124/><G37/><T58/><D121/><U88/><E2/><V108/><F108/><W45/><G135/><T24/><D115/><U128/><E128/><V123/><F123/><W19/><G131/><T70/><D130/><U50/><E38/><V110/><F110/><W75/><G99/><N who="1" m="37930" /><E34/><V94/><F77/><W28/><G45/><T40/><D40/><U78/><E78/><V84/><F114/><W132/><G132/><T76/><D15/><N who="1" m="5707" /><E31/><V116/><F116/><W104/><G53/><T55/><D74/><U126/><E126/><N who="3" m="48170" /><G104/><T16/><D76/><U35/><E35/><V106/><F29/><W5/><G82/><T100/><D70/><U20/><E20/><V7/><REACH who="2" step="1"/><F22/><REACH who="2" ten="215,267,194,314" step="2"/><W129/><G28/><T120/><D79/><U93/><E91/><V59/><AGARI ba="0,1" hai="4,7,8,9,10,48,54,59,84,89,94,105,106,107" machi="59" ten="40,12000,2" yaku="1,1,2,1,0,1,52,2,53,2" doraHai="1" doraHaiUra="3" who="2" fromWho="2" sc="215,-30,267,-60,194,130,314,-30" />
</Scene>
<Scene>
<INIT seed="6,0,0,5,3,106" ten="185,207,324,284" oya="2" hai0="26,42,11,38,124,122,47,10,44,48,107,91,117" hai1="135,113,93,32,76,5,57,70,7,101,20,69,35" hai2="50,37,71,27,58,128,86,119,59,126,9,83,112" hai3="73,120,4,22,63,60,81,18,110,123,95,16,111"/><V52/><F119/><W118/><G118/><T96/><D117/><U88/><E113/><V98/><F71/><W102/><G4/><T94/><D122/><U89/><E135/><V29/><F37/><W13/><G102/><T103/><D124/><U115/><E115/><V61/><F112/><W0/><G0/><T30/><D47/><U114/><E114/><V62/><F126/><W23/><G95/><T12/><D38/><U99/><E76/><V65/><F128/><W129/><G81/><T51/><D51/><U1/><E101/><V3/><F98/><W109/><G129/><T66/><D66/><U90/><E20/><N who="3" m="7722" /><G13/><T21/><REACH who="0" step="1"/><D12/><REACH who="0" ten="175,207,324,284" step="2"/><U34/><E1/><V49/><F3/><W78/><G123/><T127/><D127/><U40/><E40/><V19/><F49/><W45/><G120/><T125/><D125/><U64/><E57/><V17/><F50/><W72/><G45/><T55/><D55/><U105/><E64/><V41/><F59/><W75/><G78/><T104/><D104/><U25/><E105/><V85/><F65/><W121/><G121/><T132/><D132/><U31/><E70/><V97/><F58/><W87/><G87/><AGARI ba="0,1" hai="10,11,21,26,30,42,44,48,87,91,94,96,103,107" machi="87" ten="30,2000,0" yaku="1,1,7,1,53,0" doraHai="106" doraHaiUra="133" who="0" fromWho="3" sc="175,30,207,0,324,0,284,-20" />
</Scene>
<Scene>
<INIT seed="7,0,0,0,4,128" ten="205,207,324,264" oya="3" hai0="95,41,122,29,35,38,81,42,4,68,112,31,117" hai1="20,10,87,63,131,83,119,45,73,6,108,8,11" hai2="88,82,105,114,133,104,89,44,7,59,86,39,25" hai3="51,84,65,34,103,125,5,49,96,135,58,93,70"/><W129/><G34/><T124/><D68/><U126/><E108/><V76/><F7/><W64/><G129/><T100/><D122/><U50/><E131/><V9/><F9/><N who="1" m="3689" /><E126/><V134/><F59/><W23/><G135/><N who="2" m="51721" /><F114/><W91/><G125/><T0/><D124/><U132/><E73/><V74/><F25/><W55/><G5/><T53/><D0/><U77/><E132/><V17/><F17/><W37/><G37/><T60/><D4/><U90/><E119/><V57/><F57/><W36/><G36/><T15/><D38/><U78/><E63/><V106/><F74/><W85/><G70/><T46/><D112/><U110/><E110/><V28/><F28/><N who="0" m="10826" /><D35/><U94/><E20/><V48/><F39/><W40/><G23/><T98/><D117/><U33/><E33/><V118/><F118/><W14/><G14/><T121/><D121/><U120/><E120/><V72/><F72/><W115/><G115/><T12/><D81/><U97/><N who="1" m="3697" /><U92/><DORA hai="111" /><E6/><V109/><F109/><W2/><G2/><T71/><D71/><U80/><E80/><V69/><F69/><W26/><G26/><T24/><D24/><U54/><E83/><V113/><F113/><W67/><G67/><T66/><D66/><U21/><E21/><V123/><F123/><W18/><G64/><T107/><D107/><U61/><E61/><V1/><F1/><W13/><G65/><T56/><D46/><U32/><E32/><V79/><F106/><W130/><G130/><T47/><D47/><U127/><E127/><V99/><F105/><W3/><G3/><RYUUKYOKU ba="0,0" sc="205,15,207,15,324,-15,264,-15" hai0="12,15,41,42,53,56,60,95,98,100" hai1="45,50,54,77,78,87,90,92,94,97" owari="220,-28.0,222,-18.0,309,41.0,249,5.0" />
</Scene>
</mjloggm>