<mjloggm ver="2.3"><GO type="169" lobby="0"/><UN n0="%41%53%41%50%49%4E" n1="%E8%99%8E%E7%8D%85%E3%81%8F%E3%82%93" n2="%E3%82%B4%E3%83%9F%E3%82%AF%E3%82%BA%E4%B8%83%E6%AE%B5" n3="%EF%BD%B1%EF%BE%9D%EF%BE%8A%EF%BE%9E%EF%BD%B0" dan="19,16,16,16" rate="2339.03,2082.63,2053.50,2094.44" sx="M,M,F,F"/><TAIKYOKU oya="0"/>

<Scene>
<INIT seed="0,0,0,1,4,108" ten="250,250,250,250" oya="0" hai0="124,126,21,34,105,82,48,32,35,26,133,3,14" hai1="74,40,80,13,75,37,25,6,103,121,5,60,65" hai2="49,83,2,86,113,44,18,102,90,128,30,10,43" hai3="73,8,16,36,42,109,98,45,85,58,62,59,127"/><T120/><D105/><U81/><E121/><V79/><F128/><W57/><G73/><T93/><D120/><U110/><E103/><V122/><F122/><W76/><G109/><T1/><D82/><U69/><E75/><V84/><F102/><W130/><G130/><T92/><D48/><U91/><E25/><V135/><F135/><W64/><G127/><N who="0" m="48683" /><D92/><U9/><E40/><V104/><F104/><W123/><G123/><T72/><D93/><U97/><E37/><V56/><F30/><W106/><G76/><T4/><D72/><U101/><E81/><N who="2" m="49487" /><F2/><N who="0" m="522" /><D133/><U134/><E134/><V131/><F131/><W20/><G85/><T61/><D61/><U41/><E41/><V55/><F43/><W50/><G36/><T38/><D38/><U66/><E60/><V63/><F63/><W11/><G106/><T119/><D119/><U117/><E117/><V17/><F56/><N who="3" m="36935" /><G98/><T77/><D77/><U129/><E129/><V71/><F71/><W15/><AGARI ba="0,0" hai="8,11,15,16,20,42,45,50,57,58,59" m="36935" machi="15" ten="30,2000,0" yaku="8,1,54,1" doraHai="108" who="3" fromWho="3" sc="250,-10,250,-5,250,-5,250,20" />
</Scene>
<Scene>
<INIT seed="1,0,0,5,2,1" ten="240,245,245,270" oya="1" hai0="46,121,34,100,131,52,93,15,29,110,90,10,127" hai1="40,74,81,114,105,9,117,38,92,129,58,16,65" hai2="88,57,106,126,64,0,11,60,83,30,67,112,119" hai3="78,23,39,96,79,84,75,80,101,62,27,102,91"/><U36/><E105/><V130/><F119/><W103/><G39/><T68/><D68/><U56/><E114/><V8/><F106/><W82/><G62/><T134/><D110/><U6/><E117/><V37/><F37/><W45/><G45/><T53/><D131/><U41/><E38/><V4/><F130/><W21/><REACH who="3" step="1"/><G27/><REACH who="3" ten="240,245,245,260" step="2"/><T70/><D46/><U95/><E36/><V63/><F60/><W122/><G122/><T118/><D121/><U115/><E115/><V26/><F63/><W42/><G42/><T28/><D118/><U49/><E129/><V51/><F26/><W5/><G5/><T14/><D53/><U98/><E40/><V99/><F4/><W3/><G3/><T94/><D52/><U76/><E65/><V31/><F0/><W77/><G77/><T120/><D120/><U12/><E41/><V18/><F112/><W20/><G20/><T71/><D71/><U128/><E128/><V109/><F67/><W123/><G123/><T19/><D70/><U85/><E49/><V69/><F69/><W43/><G43/><T124/><D124/><U73/><E56/><V7/><F126/><W125/><G125/><T111/><D127/><U33/><E33/><V2/><F64/><W133/><G133/><T13/><D134/><U50/><E50/><V24/><F57/><W107/><G107/><T35/><D35/><U17/><E58/><V116/><F51/><W72/><G72/><T108/><D34/><U87/><E74/><V86/><F116/><W47/><G47/><T22/><D108/><U48/><E48/><V66/><F109/><RYUUKYOKU ba="0,1" sc="240,-10,245,-10,245,-10,260,30" hai3="21,23,75,78,79,80,82,84,91,96,101,102,103" />
</Scene>
<Scene>
<INIT seed="2,1,1,3,0,98" ten="230,235,235,290" oya="2" hai0="123,3,72,1,18,59,61,57,80,23,96,92,87" hai1="31,38,121,13,2,85,110,25,0,113,47,71,81" hai2="125,99,108,64,10,115,109,58,106,90,53,19,68" hai3="132,24,8,12,4,131,49,104,135,69,95,77,122"/><V45/><F115/><W102/><G122/><T7/><D72/><U91/><E71/><V112/><F112/><W30/><G69/><T21/><D123/><U86/><E113/><V93/><F125/><W133/><G131/><T9/><D3/><U39/><E121/><V62/><F45/><W20/><G77/><T41/><D41/><U54/><E13/><N who="2" m="7607" /><F106/><W35/><G104/><T22/><D18/><U51/><E110/><N who="2" m="42603" /><F68/><W76/><G76/><T46/><D46/><U94/><E39/><V111/><N who="2" m="42611" /><V44/><DORA hai="79" /><F44/><W55/><G35/><T5/><D5/><U34/><REACH who="1" step="1"/><E38/><REACH who="1" ten="230,225,235,290" step="2"/><V75/><F75/><W40/><G133/><T67/><D1/><U15/><E15/><V114/><F114/><W129/><G132/><T50/><D7/><U73/><E73/><V97/><F64/><W74/><G74/><T56/><D67/><U48/><E48/><V103/><F99/><N who="3" m="59775" /><G135/><T117/><D50/><U101/><E101/><AGARI ba="1,2" hai="53,58,62,90,93,97,101,103" m="42611,7607" machi="101" ten="40,12000,1" yaku="14,1,10,1,52,2" doraHai="98,79" who="2" fromWho="1" sc="230,0,225,-123,235,143,290,0" />
</Scene>
<Scene>
<INIT seed="2,2,0,5,4,132" ten="230,102,378,290" oya="2" hai0="80,31,100,127,25,114,97,52,17,12,96,83,118" hai1="54,95,8,27,135,61,110,15,48,70,129,69,92" hai2="68,130,43,41,55,53,38,19,60,56,126,75,45" hai3="36,107,0,123,3,72,90,103,7,106,40,9,57"/><V66/><F75/><W74/><G123/><T67/><D114/><U109/><E135/><V81/><F81/><W22/><G90/><T6/><D118/><U14/><E27/><V77/><F77/><W104/><G57/><T42/><D42/><U34/><E34/><V30/><F30/><W26/><G22/><T86/><D6/><U2/><E2/><V128/><F19/><W89/><G89/><T105/><D67/><N who="1" m="41199" /><E70/><V125/><F43/><W29/><G26/><T63/><D96/><U117/><E129/><N who="2" m="49771" /><F53/><W50/><G50/><AGARI ba="2,0" hai="38,41,45,50,55,56,60,66,68,125,126" m="49771" machi="50" ten="30,18000,2" yaku="24,1,19,1,34,2,52,2" doraHai="132" who="2" fromWho="3" sc="230,0,102,0,378,186,290,-186" />
</Scene>
<Scene>
<INIT seed="2,3,0,5,2,129" ten="230,102,564,104" oya="2" hai0="35,37,46,25,133,93,62,120,27,69,15,20,70" hai1="132,72,49,77,88,73,32,104,10,74,67,90,41" hai2="28,97,64,68,80,45,9,131,2,57,81,123,17" hai3="12,75,124,85,115,56,22,119,30,117,110,36,19"/><V60/><F123/><W48/><G75/><T59/><D120/><U21/><E32/><V108/><F131/><W11/><G36/><T130/><D130/><U106/><E67/><V94/><F68/><W34/><G85/><T8/><D133/><U134/><E10/><V31/><F108/><W101/><G101/><T100/><D35/><U135/><E77/><V4/><F45/><W126/><G56/><T76/><D76/><U83/><E21/><V87/><F17/><N who="3" m="8351" /><G48/><T14/><D27/><U111/><E111/><V125/><F125/><N who="3" m="48235" /><G110/><T39/><D46/><N who="1" m="25807" /><E83/><V3/><F3/><W7/><G7/><T109/><D39/><U13/><E13/><V5/><F80/><W26/><G115/><T58/><D37/><U99/><E99/><V78/><F5/><W96/><G96/><T128/><D128/><U6/><E6/><V118/><F2/><W107/><G107/><T102/><D109/><U0/><E0/><V24/><F4/><W127/><N who="3" m="48243" /><W1/><DORA hai="121" /><G1/><T114/><D69/><U116/><E116/><V65/><F118/><W23/><G23/><T105/><D20/><U42/><E42/><V112/><F97/><W52/><G52/><T84/><D70/><U82/><E82/><V86/><F81/><W44/><G44/><T40/><D40/><U95/><E95/><V43/><F94/><W29/><G29/><T92/><D93/><U51/><E51/><V122/><F31/><W71/><G71/><T55/><D92/><U53/><E53/><V16/><F28/><W113/><G113/><T54/><D114/><U91/><AGARI ba="3,0" hai="72,73,74,88,90,91,104,106,132,134,135" m="25807" machi="91" ten="50,16000,3" yaku="5,1,29,2,20,1,52,3,54,1" doraHai="129,121" who="1" fromWho="1" sc="230,-43,102,169,564,-83,104,-43" />
</Scene>
<Scene>
<INIT seed="3,0,0,2,4,38" ten="187,271,481,61" oya="3" hai0="104,97,115,7,67,50,40,36,35,29,4,111,96" hai1="93,58,54,65,20,133,60,112,98,132,109,0,55" hai2="59,43,13,124,128,88,89,73,22,75,91,131,63" hai3="74,1,49,42,84,31,79,26,86,102,95,129,122"/><W92/><G1/><T116/><D116/><U16/><E0/><V68/><F68/><W41/><G122/><T71/><D111/><U12/><E112/><V61/><F124/><W69/><G69/><T110/><D110/><U57/><E109/><V34/><F34/><W19/><G129/><N who="2" m="49737" /><F43/><N who="3" m="16395" /><G74/><N who="2" m="28169" /><F59/><W87/><G31/><T37/><D115/><U64/><E133/><V114/><F114/><W117/><G117/><T15/><D37/><U18/><E18/><AGARI ba="0,0" hai="13,18,22,61,63,88,89,91" m="28169,49737" machi="18" ten="40,2600,0" yaku="19,1,54,1" doraHai="38" who="2" fromWho="1" sc="187,0,271,-26,481,26,61,0" />
</Scene>
<Scene>
<INIT seed="4,0,0,5,1,91" ten="187,245,507,61" oya="0" hai0="53,130,112,96,3,36,120,1,41,68,46,76,129" hai1="59,134,55,87,9,123,95,45,88,114,67,79,108" hai2="6,77,106,57,48,38,23,39,52,73,115,71,10" hai3="33,54,90,78,111,58,66,50,0,92,132,22,86"/><T94/><D120/><U31/><E123/><V105/><F71/><W101/><G33/><T12/><D68/><U4/><E108/><V63/><F115/><W83/><G111/><T27/><D112/><U97/><E31/><V118/><F118/><W64/><G0/><T133/><D133/><U100/><E134/><V24/><F73/><W119/><G119/><T25/><D76/><U74/><E74/><V34/><F34/><W93/><G132/><T60/><D12/><N who="1" m="5159" /><E79/><V29/><F77/><W26/><G101/><T15/><D15/><U14/><E67/><V49/><F39/><W44/><G44/><T62/><D3/><U124/><E124/><V69/><F38/><W7/><G7/><T20/><D1/><U5/><E45/><V30/><F30/><W128/><G128/><N who="0" m="49259" /><D53/><U72/><E72/><V37/><F69/><W122/><G122/><T19/><D25/><U43/><E43/><V131/><F24/><W85/><REACH who="3" step="1"/><G93/><REACH who="3" ten="187,245,507,51" step="2"/><T28/><D28/><AGARI ba="0,1" hai="22,26,28,50,54,58,64,66,78,83,85,86,90,92" machi="28" ten="30,8000,1" yaku="1,1,2,1,7,1,8,1,52,1,53,0" doraHai="91" doraHaiUra="98" who="3" fromWho="0" sc="187,-80,245,0,507,0,51,90" />
</Scene>
<Scene>
<INIT seed="5,0,0,0,5,131" ten="107,245,507,141" oya="1" hai0="42,73,105,40,77,28,72,104,25,66,22,122,117" hai1="5,46,133,8,96,7,63,119,107,23,68,112,50" hai2="90,89,27,41,108,20,85,12,82,62,60,26,34" hai3="4,55,129,67,81,14,18,31,30,32,135,88,38"/><U56/><E68/><V47/><F108/><W128/><G38/><T124/><D117/><U93/><E107/><V92/><F34/><W100/><G4/><T15/><D124/><U113/><E119/><V1/><F1/><W69/><G100/><T123/><D66/><U116/><E23/><V99/><F12/><W58/><G69/><T61/><D61/><U111/><E116/><V36/><F27/><W87/><G67/><T57/><D57/><U29/><E29/><AGARI ba="0,0" hai="20,26,29,36,41,47,60,62,82,85,89,90,92,99" machi="29" ten="30,1000,0" yaku="7,1" doraHai="131" who="2" fromWho="1" sc="107,0,245,-10,507,10,141,0" />
</Scene>
<Scene>
<INIT seed="6,0,0,3,0,47" ten="107,235,517,141" oya="2" hai0="83,94,39,40,127,41,85,82,112,108,101,35,53" hai1="45,8,66,77,18,116,46,30,117,133,100,59,96" hai2="24,33,131,51,81,102,78,89,25,1,22,48,27" hai3="107,72,114,110,105,76,103,115,65,21,43,71,111"/><V113/><F1/><W69/><G43/><T84/><D108/><N who="3" m="41513" /><G21/><T0/><D0/><U63/><E30/><V13/><F33/><W70/><G65/><T79/><D35/><U11/><E77/><V120/><F120/><W6/><G6/><T49/><D127/><U61/><E133/><V10/><F113/><N who="3" m="43019" /><G103/><T4/><D4/><U126/><E11/><V98/><F89/><W130/><G130/><T122/><D122/><U23/><E8/><V50/><F131/><W58/><G58/><T32/><D32/><U104/><E126/><V36/><F36/><W119/><G119/><T90/><D39/><U34/><E34/><V37/><F37/><W19/><G19/><T28/><D28/><U16/><E117/><V15/><F22/><W60/><G60/><T87/><D112/><U95/><E104/><N who="3" m="40010" /><G76/><N who="0" m="46151" /><D101/><U56/><E100/><V17/><F13/><W118/><G118/><T125/><D125/><U128/><E63/><V67/><F67/><W26/><G26/><T73/><D73/><AGARI ba="0,0" hai="69,70,71,72,73" m="40010,43019,41513" machi="73" ten="50,12000,2" yaku="28,2,15,1,11,1,31,2" doraHai="47" who="3" fromWho="0" sc="107,-120,235,0,517,0,141,120" owari="-13,-51.0,235,-16.0,517,61.0,261,6.0" />
</Scene>
</mjloggm>