<mjloggm ver="2.3"><GO type="169"/><UN n0="%41%53%41%50%49%4E" n1="%E3%82%82%E3%81%A3%E3%81%97%E3%83%BC" n2="%65%69%63%68%69%72%6F" n3="%E7%A9%BA%2D%53%4F%52%41%2D" dan="19,17,17,16" rate="2196,2122,2110,2018" sx="M,M,M,M"/><TAIKYOKU oya="0"/>

<Scene>
<INIT seed="0,0,0,3,2,69" ten="250,250,250,250" oya="0" hai0="82,90,42,101,127,79,118,11,122,109,97,104,20" hai1="65,111,30,103,61,18,2,58,74,84,88,13,131" hai2="54,19,64,98,135,52,80,41,3,132,4,128,50" hai3="15,45,23,40,85,28,119,47,56,51,115,125,94"/><T34/><D34/><U86/><E74/><V130/><F64/><W93/><G115/><T133/><D122/><U27/><E2/><V124/><F41/><W83/><G119/><T117/><D20/><U46/><E103/><V55/><F50/><W66/><G125/><T62/><D62/><U7/><E7/><V1/><F124/><W67/><G47/><T106/><D127/><U91/><E111/><V43/><F43/><W114/><G114/><T123/><D123/><U33/><E131/><N who="2" m="50219" /><F19/><W81/><G81/><T63/><D63/><U120/><E120/><V110/><F110/><W36/><G28/><T60/><D109/><U99/><E46/><V78/><F98/><W53/><G67/><T73/><D11/><U108/><E108/><V134/><F4/><W126/><G66/><T14/><D14/><U5/><E5/><V16/><F16/><W31/><G126/><T121/><D121/><U32/><E32/><V6/><F6/><W8/><G31/><T70/><D42/><U26/><E26/><V9/><F9/><W21/><G21/><T96/><D60/><U92/><REACH who="1" step="1"/><E91/><REACH who="1" ten="250,240,250,250" step="2"/><V107/><F107/><W105/><G105/><T0/><D90/><U17/><E17/><V112/><F112/><W49/><G45/><T22/><D106/><U116/><E116/><V59/><F59/><W38/><G56/><T102/><D117/><U113/><E113/><V57/><F57/><W25/><G40/><T95/><D118/><U24/><E24/><V39/><F1/><W89/><G25/><T71/><D0/><U10/><AGARI ba="0,1" hai="10,13,18,27,30,33,58,61,65,84,86,88,92,99" machi="10" ten="20,5200,0" yaku="1,1,0,1,7,1,54,1,53,0" doraHai="69" doraHaiUra="35" who="1" fromWho="1" sc="250,-26,240,62,250,-13,250,-13" />
</Scene>
<Scene>
<INIT seed="1,0,0,5,3,23" ten="224,302,237,237" oya="1" hai0="42,135,38,58,123,127,125,29,76,75,35,112,108" hai1="50,46,45,16,26,13,120,124,80,131,49,27,18" hai2="68,33,59,130,122,96,116,117,121,82,73,67,44" hai3="56,17,22,32,88,79,78,12,61,84,92,69,64"/><U94/><E120/><N who="2" m="46187" /><F59/><W57/><G32/><T104/><D58/><U99/><E131/><V55/><F55/><W66/><G69/><T52/><D52/><N who="1" m="29743" /><E124/><V41/><F96/><W133/><G133/><T53/><D53/><N who="1" m="29911" /><E80/><V30/><F130/><W54/><REACH who="3" step="1"/><G66/><REACH who="3" ten="224,302,237,227" step="2"/><T8/><D35/><U132/><E132/><V85/><F67/><W39/><G39/><T118/><D38/><U36/><E36/><N who="2" m="21543" /><F68/><W37/><G37/><T89/><D135/><U31/><E31/><V4/><F30/><W83/><G83/><T101/><D29/><U21/><E18/><V106/><F82/><W119/><G119/><T11/><D118/><U113/><E113/><V0/><F33/><W114/><G114/><T5/><D112/><U134/><E134/><V3/><F117/><W20/><G20/><T115/><D123/><U109/><E109/><V103/><F116/><W111/><G111/><T129/><D108/><U102/><AGARI ba="0,1" hai="13,16,21,26,27,94,99,102" m="29911,29743" machi="102" ten="30,12000,1" yaku="8,1,52,2,54,2" doraHai="23" who="1" fromWho="1" sc="224,-40,302,130,237,-40,227,-40" />
</Scene>
<Scene>
<INIT seed="1,1,0,2,3,41" ten="184,432,197,187" oya="1" hai0="65,80,53,108,40,22,42,10,97,101,118,119,129" hai1="87,112,6,34,11,7,46,59,16,122,26,57,117" hai2="3,67,12,105,38,115,94,104,30,84,27,82,89" hai3="43,83,70,81,109,29,61,85,107,37,103,47,120"/><U50/><E117/><V33/><F3/><W51/><G109/><T111/><D129/><U19/><E122/><V91/><F115/><W68/><G120/><T55/><D65/><U52/><E112/><V86/><F67/><W130/><G130/><T20/><D80/><U95/><E34/><V123/><F123/><W128/><G128/><T35/><D35/><U60/><E59/><V79/><F38/><W113/><G113/><T125/><D97/><U134/><E134/><V93/><REACH who="2" step="1"/><F12/><REACH who="2" ten="184,432,187,187" step="2"/><W96/><G37/><T32/><D119/><U62/><E26/><V124/><F124/><W76/><G61/><T72/><D125/><U23/><E62/><V63/><F63/><W116/><G116/><T2/><D2/><U132/><E132/><V110/><F110/><W1/><G1/><T13/><D13/><U71/><E60/><V127/><F127/><W131/><G131/><T49/><D118/><U92/><E71/><V75/><AGARI ba="1,1" hai="27,30,33,75,79,82,84,86,89,91,93,94,104,105" machi="75" ten="20,5200,0" yaku="1,1,0,1,7,1,9,1,53,0" doraHai="41" doraHaiUra="133" who="2" fromWho="2" sc="184,-14,432,-27,187,65,187,-14" />
</Scene>
<Scene>
<INIT seed="2,0,0,1,3,90" ten="170,405,252,173" oya="2" hai0="10,112,26,59,134,89,133,126,119,107,75,33,49" hai1="99,125,61,122,7,77,35,106,102,41,57,124,12" hai2="34,68,85,22,98,54,55,46,58,51,103,50,114" hai3="1,78,9,115,38,129,73,36,11,127,39,117,56"/><V32/><F114/><W84/><G117/><T17/><D112/><U108/><E35/><V96/><F68/><W95/><G115/><T83/><D119/><U21/><E108/><V130/><F130/><W23/><G73/><T128/><D107/><U2/><E77/><V0/><F0/><W109/><G109/><T110/><D110/><U60/><E41/><V30/><F85/><W132/><G1/><T4/><D128/><U67/><E122/><V31/><F22/><W72/><G72/><T81/><D126/><U74/><E74/><V87/><F87/><W52/><G127/><N who="1" m="48714" /><E61/><V66/><F66/><W120/><G120/><T97/><D75/><U14/><E21/><V105/><REACH who="2" step="1"/><F98/><REACH who="2" ten="170,405,242,173" step="2"/><W45/><G129/><T131/><D97/><U37/><E2/><V29/><AGARI ba="0,1" hai="29,30,31,32,34,46,50,51,54,55,58,96,103,105" machi="29" ten="30,11700,0" yaku="1,1,2,1,0,1,53,1" doraHai="90" doraHaiUra="100" who="2" fromWho="2" sc="170,-39,405,-39,242,127,173,-39" />
</Scene>
<Scene>
<INIT seed="2,1,0,1,4,11" ten="131,366,369,134" oya="2" hai0="96,128,12,108,103,106,26,85,70,20,78,77,7" hai1="60,76,80,101,93,69,90,66,15,27,121,1,46" hai2="63,74,130,22,126,43,14,13,17,10,95,58,23" hai3="110,99,71,50,8,75,45,25,68,32,124,114,98"/><V79/><F126/><W97/><G75/><T56/><D70/><U111/><E1/><V132/><F130/><W105/><G124/><T34/><D128/><U36/><E101/><V87/><F132/><W53/><G105/><T19/><D108/><U112/><E112/><V127/><F127/><W67/><G110/><T48/><D85/><U47/><E111/><V84/><F43/><W5/><G67/><T41/><D56/><U18/><E121/><V120/><F120/><W54/><G114/><T59/><D59/><U3/><E3/><V113/><F113/><W4/><G54/><T89/><D89/><U115/><E27/><V109/><F109/><W133/><G133/><T81/><D81/><U33/><E33/><V83/><F95/><W65/><G65/><T118/><D118/><U64/><E64/><V125/><F125/><W39/><G39/><T100/><D100/><U42/><E115/><V30/><F30/><W116/><G116/><T21/><D34/><U86/><E42/><V9/><F84/><W102/><G102/><T104/><D104/><U134/><E36/><V6/><F74/><W29/><REACH who="3" step="1"/><G4/><REACH who="3" ten="131,366,369,124" step="2"/><T55/><D7/><U131/><E134/><V35/><F35/><W0/><AGARI ba="1,1" hai="0,5,8,25,29,32,45,50,53,68,71,97,98,99" machi="0" ten="30,4000,0" yaku="1,1,2,1,0,1,53,0" doraHai="11" doraHaiUra="16" who="3" fromWho="3" sc="131,-11,366,-11,369,-21,124,53" />
</Scene>
<Scene>
<INIT seed="3,0,0,5,4,58" ten="120,355,348,177" oya="3" hai0="67,51,4,95,17,37,8,114,59,123,80,3,119" hai1="5,90,47,77,26,129,1,11,48,93,7,75,99" hai2="79,74,35,125,127,68,105,22,78,55,56,2,25" hai3="86,135,31,72,126,43,39,98,53,113,10,57,104"/><W133/><G113/><T109/><D119/><U102/><E129/><V49/><F105/><W23/><G72/><T65/><D123/><U116/><E116/><V61/><F2/><W28/><G126/><N who="2" m="48137" /><F35/><W50/><G10/><T38/><D114/><U108/><E108/><V54/><F74/><W91/><G43/><T76/><D109/><U12/><E26/><V41/><F41/><W16/><G39/><T117/><D117/><U44/><E44/><N who="2" m="27943" /><F68/><W128/><G98/><T40/><D95/><U32/><E32/><V20/><F20/><W24/><G104/><T110/><D110/><U106/><E77/><V29/><AGARI ba="0,0" hai="22,25,29,55,56,61,78,79" m="27943,48137" machi="29" ten="30,2000,0" yaku="18,1,52,1" doraHai="58" who="2" fromWho="2" sc="120,-5,355,-5,348,20,177,-10" />
</Scene>
<Scene>
<INIT seed="4,0,0,5,3,62" ten="115,350,368,167" oya="0" hai0="89,130,110,0,111,106,97,21,58,126,67,123,43" hai1="108,98,28,95,11,71,119,124,83,13,51,5,22" hai2="103,116,4,79,135,105,60,113,40,61,94,6,53" hai3="84,35,102,30,118,39,32,74,19,12,46,78,115"/><T16/><D123/><U65/><E108/><N who="0" m="41513" /><D0/><U77/><E119/><V104/><F40/><W121/><G118/><T82/><D130/><U2/><E124/><V80/><F116/><W88/><G121/><T100/><D126/><U1/><E51/><V14/><F94/><W73/><G102/><T75/><D43/><U72/><E28/><V41/><F41/><W81/><G115/><T29/><D29/><U54/><E54/><V109/><F109/><W20/><G39/><T128/><D128/><U63/><REACH who="1" step="1"/><E22/><REACH who="1" ten="115,340,368,167" step="2"/><V31/><F113/><W101/><G30/><T26/><D75/><U15/><E15/><V42/><F31/><W56/><G20/><T24/><D24/><U127/><E127/><V27/><F14/><W90/><G12/><T47/><D47/><U134/><E134/><V93/><F27/><W10/><G46/><T87/><D58/><U64/><E64/><AGARI ba="0,1" hai="16,21,26,64,67,82,87,89,97,100,106" m="41513" machi="64" ten="30,11600,0" yaku="10,1,52,2,54,1" doraHai="62" who="0" fromWho="1" sc="115,126,340,-116,368,0,167,0" />
</Scene>
<Scene>
<INIT seed="4,1,0,5,1,8" ten="241,224,368,167" oya="0" hai0="74,12,91,30,117,85,58,94,119,13,42,131,130" hai1="87,51,57,81,53,41,111,4,120,18,27,80,112" hai2="5,72,52,37,65,10,1,100,28,89,96,49,134" hai3="113,77,32,98,129,88,109,107,9,39,116,135,63"/><T2/><D74/><U92/><E111/><V133/><F37/><W45/><G32/><T68/><D68/><U125/><E120/><V110/><F110/><W105/><G109/><T76/><D2/><U70/><E70/><V99/><F72/><W95/><G77/><T35/><D76/><U82/><E4/><V50/><F65/><W123/><G116/><T44/><D58/><U78/><E125/><V43/><F28/><W104/><G123/><T47/><D30/><U6/><E6/><V106/><F43/><W102/><G129/><N who="0" m="49163" /><D35/><U114/><E41/><V15/><F1/><W33/><G33/><T75/><D75/><U124/><E124/><V31/><F31/><W16/><G39/><N who="0" m="21599" /><D47/><U54/><E54/><V90/><F49/><W0/><G45/><T48/><D48/><U93/><E78/><V79/><F79/><W24/><G0/><T55/><D55/><U101/><E101/><N who="2" m="62759" /><F52/><W38/><G38/><T69/><D69/><U36/><E36/><V103/><F50/><W60/><G102/><T25/><D25/><U23/><REACH who="1" step="1"/><E87/><REACH who="1" ten="241,214,368,167" step="2"/><V84/><F103/><W73/><G73/><T83/><D119/><U14/><E14/><N who="0" m="5737" /><D117/><U40/><E40/><V122/><F122/><W115/><G104/><T22/><D22/><U127/><E127/><V29/><F10/><W118/><G9/><T26/><D26/><U17/><E17/><V34/><F34/><W128/><G16/><T66/><D66/><U108/><E108/><V97/><F100/><W132/><G24/><T11/><D11/><U64/><E64/><V61/><F29/><W59/><G118/><RYUUKYOKU ba="1,1" sc="241,15,214,15,368,-15,167,-15" hai0="83,85,91,94" hai1="18,23,27,51,53,57,80,81,82,92,93,112,114" />
</Scene>
<Scene>
<INIT seed="4,2,1,0,5,97" ten="256,229,353,152" oya="0" hai0="56,127,51,83,55,2,88,112,80,60,15,95,129" hai1="101,70,17,114,59,87,10,72,22,74,16,6,110" hai2="26,18,12,65,57,77,117,103,89,13,3,52,0" hai3="64,94,23,58,134,14,7,50,11,120,92,36,131"/><T118/><D2/><U38/><E110/><V123/><F123/><W111/><G111/><T68/><D118/><U21/><E70/><V132/><F117/><W62/><G36/><T4/><D112/><U98/><E38/><V90/><F132/><W34/><G34/><T31/><D129/><U32/><E32/><V75/><F65/><W42/><G120/><T24/><D127/><U93/><E114/><V40/><F40/><W53/><G131/><T96/><D68/><U27/><E59/><V85/><F26/><W49/><G134/><T128/><D128/><U8/><E87/><V43/><F43/><W67/><G67/><T109/><D109/><U33/><E33/><V29/><F29/><W39/><G39/><T121/><D121/><U5/><E10/><V86/><F103/><W9/><G9/><N who="0" m="4519" /><D60/><U1/><REACH who="1" step="1"/><E5/><REACH who="1" ten="256,219,353,152" step="2"/><V125/><F85/><W47/><REACH who="3" step="1"/><G23/><AGARI ba="2,2" hai="23,24,31,51,55,56,80,83,88,95,96" m="4519" machi="23" ten="30,2900,0" yaku="8,1,54,1" doraHai="97" who="0" fromWho="3" sc="256,55,219,0,353,0,152,-35" />
</Scene>
<Scene>
<INIT seed="4,3,0,4,4,34" ten="311,219,353,117" oya="0" hai0="19,44,129,82,119,124,112,95,110,118,89,132,97" hai1="55,18,24,7,61,29,80,79,74,75,0,116,56" hai2="39,37,63,2,69,120,134,16,49,125,88,27,67" hai3="17,58,52,102,6,108,92,93,46,47,3,12,126"/><T50/><D112/><U14/><E116/><V33/><F120/><W59/><G108/><T64/><D110/><U127/><E127/><V86/><F125/><W73/><G73/><T70/><D124/><U77/><E7/><V62/><F134/><W40/><G126/><T111/><D111/><U98/><E98/><V26/><F2/><W87/><G59/><T51/><D132/><U1/><E77/><V8/><F62/><W38/><G47/><T60/><D129/><U30/><E74/><V28/><F49/><W90/><G102/><T71/><D71/><U115/><E115/><V54/><F54/><W91/><G6/><T68/><D68/><U20/><REACH who="1" step="1"/><E30/><REACH who="1" ten="311,209,353,117" step="2"/><V100/><F100/><W10/><G3/><T45/><D119/><U133/><E133/><V114/><F114/><W72/><G72/><T42/><D118/><U11/><AGARI ba="3,1" hai="0,1,11,14,18,20,24,29,55,56,61,75,79,80" machi="11" ten="20,8000,1" yaku="1,1,0,1,7,1,52,2,53,0" doraHai="34" doraHaiUra="103" who="1" fromWho="1" sc="311,-43,209,99,353,-23,117,-23" />
</Scene>
<Scene>
<INIT seed="5,0,0,4,2,21" ten="268,308,330,94" oya="1" hai0="8,79,99,60,52,122,10,61,13,44,91,55,127" hai1="22,132,90,126,26,73,125,113,15,100,12,14,20" hai2="49,56,6,115,107,18,37,117,62,46,51,108,133" hai3="43,38,39,92,3,71,19,59,23,88,5,47,41"/><U123/><E73/><V68/><F107/><W102/><G71/><T16/><D127/><N who="1" m="48651" /><E100/><V11/><F18/><W135/><G135/><T97/><D122/><U32/><E90/><V86/><F86/><W109/><G109/><T98/><D79/><U69/><E69/><V81/><F81/><W40/><G102/><T104/><D104/><U80/><E80/><V103/><F11/><W116/><G116/><T7/><D91/><U30/><E113/><V77/><F6/><W28/><G28/><T9/><D7/><U31/><E132/><V64/><F77/><W50/><G5/><T89/><D89/><U36/><E36/><V57/><F103/><W58/><G3/><T118/><D118/><U72/><E72/><V87/><F87/><W54/><G39/><T63/><D44/><U119/><E119/><V66/><F117/><W75/><G59/><N who="2" m="22601" /><F133/><W2/><G2/><T65/><D65/><N who="2" m="25194" /><F115/><W24/><REACH who="3" step="1"/><G75/><REACH who="3" ten="268,308,330,84" step="2"/><T131/><D131/><U1/><E1/><V94/><F108/><W74/><G74/><T111/><D111/><U121/><E31/><V101/><F101/><W48/><G48/><T95/><D95/><U106/><E106/><V78/><F37/><W124/><G124/><T29/><D29/><U93/><E93/><V110/><F94/><W120/><G120/><AGARI ba="0,1" hai="12,14,15,20,22,26,30,32,120,121,123" m="48651" machi="120" ten="40,12000,1" yaku="18,1,34,2,52,1" doraHai="21" who="1" fromWho="3" sc="268,0,308,130,330,0,84,-120" owari="268,-13.0,438,54.0,330,13.0,-36,-54.0" />
</Scene>
</mjloggm>