<mjloggm ver="2.3"><GO type="169" lobby="0"/><UN n0="%E5%88%BB%E5%AD%90%E5%B8%82%E6%B0%91" n1="%E3%83%88%E3%83%90%E3%82%BE" n2="%41%53%41%50%49%4E" n3="%E3%83%9F%E3%83%A9%E3%82%AF%E3%83%AB%E3%81%8A%E3%81%98%E3%81%95%E3%82%93" dan="16,17,19,17" rate="2147.47,2133.09,2282.68,2125.15" sx="M,M,M,M"/><TAIKYOKU oya="0"/>

<Scene>
<INIT seed="0,0,0,1,0,103" ten="250,250,250,250" oya="0" hai0="36,118,99,19,20,110,53,16,106,14,107,9,98" hai1="0,97,104,4,96,84,59,60,2,18,55,102,1" hai2="95,48,63,34,101,11,50,74,25,129,115,67,17" hai3="24,39,86,5,58,37,123,31,33,27,72,8,75"/><T43/><D118/><U105/><E84/><V128/><F115/><W23/><G123/><T44/><D110/><U114/><E114/><V131/><F74/><W54/><G86/><T66/><D66/><U124/><E124/><V87/><F11/><W120/><G120/><T41/><D41/><U82/><E82/><V109/><F109/><W90/><G90/><T119/><D119/><U91/><E18/><V12/><F12/><W52/><G72/><T70/><D70/><U68/><E68/><V21/><F34/><W35/><G75/><T38/><D38/><U112/><E112/><V125/><F125/><W78/><G78/><T42/><D42/><U3/><E91/><N who="2" m="53759" /><F101/><W45/><G45/><T130/><D130/><U26/><E26/><V7/><F7/><W132/><G132/><T15/><REACH who="0" step="1"/><D53/><REACH who="0" ten="240,250,250,250" step="2"/><U79/><E55/><V127/><F127/><W13/><G54/><T40/><D40/><U73/><E59/><AGARI ba="0,1" hai="17,21,25,48,50,59,63,67,128,129,131" m="53759" machi="59" ten="30,1000,0" yaku="19,1" doraHai="103" who="2" fromWho="1" sc="240,0,250,-10,250,20,250,0" />
</Scene>
<Scene>
<INIT seed="1,0,0,5,2,35" ten="240,240,270,250" oya="1" hai0="3,48,49,106,109,52,96,78,6,124,47,85,76" hai1="57,56,58,10,81,0,105,40,130,115,24,60,119" hai2="95,38,98,54,94,125,74,102,135,41,18,91,53" hai3="63,5,108,84,82,43,131,23,30,7,104,112,70"/><U32/><E115/><V61/><F74/><W121/><G112/><T37/><D37/><U39/><E119/><V26/><F135/><W134/><G121/><T72/><D72/><U126/><E105/><V129/><F129/><W120/><G120/><T42/><D109/><U9/><E130/><V77/><F77/><W29/><G131/><T127/><D96/><U13/><E126/><N who="0" m="48169" /><D106/><U114/><E114/><V100/><F125/><W45/><G104/><T1/><D6/><U99/><E99/><N who="2" m="57823" /><F41/><W83/><G134/><T67/><D67/><U50/><E39/><V25/><F38/><W44/><G108/><T89/><D78/><U73/><E73/><V90/><F25/><W116/><G116/><T21/><D21/><U111/><E111/><V31/><F31/><W86/><G23/><T113/><D76/><U122/><E122/><V2/><F2/><W16/><G70/><T46/><D113/><U8/><E0/><V132/><F132/><W118/><G118/><T93/><AGARI ba="0,0" hai="1,3,42,46,47,48,49,52,85,89,93" m="48169" machi="93" ten="30,7900,0" yaku="18,1,52,2,54,1" doraHai="35" who="0" fromWho="0" sc="240,79,240,-39,270,-20,250,-20" />
</Scene>
<Scene>
<INIT seed="2,0,0,2,4,0" ten="319,201,250,230" oya="2" hai0="16,21,25,94,18,134,52,28,55,104,89,54,82" hai1="119,87,32,22,17,106,68,120,109,112,3,24,66" hai2="100,86,46,53,131,77,31,1,133,80,57,35,47" hai3="101,10,15,95,73,88,48,74,71,58,41,29,37"/><V97/><F133/><W6/><G71/><T72/><D104/><U129/><RYUUKYOKU type="yao9" ba="0,0" sc="319,0,201,0,250,0,230,0" hai1="3,17,22,24,32,66,68,87,106,109,112,119,120,129" />
</Scene>
<Scene>
<INIT seed="2,1,0,3,2,21" ten="319,201,250,230" oya="2" hai0="25,9,73,107,70,77,43,52,49,40,112,48,109" hai1="34,17,128,16,96,88,58,65,1,78,37,8,2" hai2="36,99,135,47,32,126,100,62,24,104,92,108,35" hai3="29,127,86,15,50,118,23,59,84,44,102,68,121"/><V114/><F114/><W7/><G68/><T22/><D107/><U3/><E37/><V110/><F126/><W115/><G118/><T31/><D112/><U14/><E34/><V116/><F116/><W83/><G115/><T0/><D70/><U117/><E117/><V27/><F135/><W55/><G121/><T101/><D49/><U95/><E78/><V54/><F104/><W46/><G127/><T51/><D101/><U19/><REACH who="1" step="1"/><E128/><REACH who="1" ten="319,191,250,230" step="2"/><V119/><F119/><W13/><G102/><T26/><D77/><U61/><AGARI ba="1,1" hai="1,2,3,8,14,16,17,19,58,61,65,88,95,96" machi="61" ten="40,12000,2" yaku="1,1,2,1,0,1,54,2,53,1" doraHai="21" doraHaiUra="94" who="1" fromWho="1" sc="319,-31,191,133,250,-61,230,-31" />
</Scene>
<Scene>
<INIT seed="3,0,0,0,1,121" ten="288,324,189,199" oya="3" hai0="0,63,86,21,47,117,61,70,125,72,101,49,59" hai1="89,123,15,73,65,74,107,99,129,126,18,119,16" hai2="77,116,11,25,98,105,57,1,94,58,108,124,50" hai3="52,66,22,20,9,96,56,85,33,134,87,4,51"/><W78/><G33/><T42/><D72/><U14/><E123/><V55/><F116/><W28/><G134/><T102/><D0/><U3/><E3/><V131/><F105/><W82/><G66/><T23/><D117/><U90/><E119/><V132/><F132/><W67/><G67/><T32/><D32/><U12/><E129/><V24/><F131/><W43/><G43/><T76/><D70/><U45/><E126/><V95/><F124/><W88/><G96/><T30/><D63/><U113/><E113/><V37/><F37/><W127/><G127/><T41/><D41/><U118/><E118/><V122/><F122/><W64/><G64/><N who="0" m="38975" /><D125/><U133/><E133/><V54/><F77/><W109/><G28/><T36/><D36/><U62/><E45/><V44/><F44/><W68/><G68/><T130/><D130/><U19/><E74/><V71/><F71/><W5/><G109/><T17/><D30/><U46/><E46/><V40/><F108/><W100/><G100/><N who="0" m="38507" /><D17/><U93/><E73/><V81/><F40/><W135/><G135/><T26/><D26/><U27/><E107/><V128/><F24/><W38/><G38/><T97/><D97/><U120/><E120/><V79/><F25/><W29/><G29/><T111/><D111/><U7/><E27/><V92/><F98/><W103/><G103/><T34/><D34/><U6/><REACH who="1" step="1"/><E90/><REACH who="1" ten="288,314,189,199" step="2"/><V106/><F106/><W104/><G104/><T10/><D47/><U39/><E39/><V115/><F128/><W75/><G75/><T91/><D42/><U80/><E80/><V48/><F81/><RYUUKYOKU ba="0,1" sc="288,-10,314,30,189,-10,199,-10" hai1="6,7,12,14,15,16,18,19,62,65,89,93,99" />
</Scene>
<Scene>
<INIT seed="4,1,1,3,2,19" ten="278,344,179,189" oya="0" hai0="76,124,125,4,2,40,16,102,115,128,108,58,83" hai1="72,33,70,66,5,30,31,67,10,100,118,48,109" hai2="18,112,114,60,132,101,37,134,121,28,90,62,25" hai3="99,27,122,96,38,3,127,54,117,65,23,131,88"/><T59/><D115/><N who="2" m="44074" /><F37/><W46/><G117/><T47/><D102/><U15/><E109/><V89/><F121/><W126/><G3/><T97/><D97/><U51/><E118/><V113/><F18/><N who="3" m="12791" /><G122/><T111/><D128/><U135/><E72/><V41/><F41/><N who="3" m="22839" /><G65/><T81/><D4/><U45/><E135/><N who="2" m="51755" /><F101/><W119/><G119/><T49/><D16/><U44/><E100/><V106/><F106/><W74/><G74/><T105/><D105/><U21/><E70/><V93/><N who="2" m="44082" /><V79/><DORA hai="110" /><F79/><W35/><G35/><T29/><D76/><U107/><E107/><V17/><F17/><W9/><G9/><T85/><D124/><N who="3" m="47657" /><G131/><T86/><D40/><U14/><E33/><N who="2" m="20623" /><F89/><W103/><G103/><T55/><D125/><U13/><E10/><V56/><F56/><W42/><G42/><T36/><D36/><U84/><E5/><V120/><F120/><W8/><G8/><T130/><D59/><U11/><E11/><V0/><F0/><W34/><G34/><T39/><D58/><U78/><E78/><V43/><F43/><W53/><G88/><T12/><D39/><U91/><E91/><V80/><F80/><W69/><G69/><T24/><D83/><U75/><E45/><V71/><F71/><W116/><G116/><T77/><D47/><U95/><E44/><V64/><F64/><W7/><G7/><T57/><D2/><U82/><E66/><V129/><F129/><W104/><G104/><T22/><D130/><U123/><E67/><V1/><F1/><W68/><G68/><T87/><D12/><U32/><E14/><RYUUKYOKU ba="1,1" sc="278,10,344,-30,179,10,189,10" hai0="22,24,29,49,55,57,77,81,85,86,87,108,111" hai2="60,62,90,93" hai3="53,54,96,99" />
</Scene>
<Scene>
<INIT seed="4,2,1,2,2,71" ten="288,314,189,199" oya="0" hai0="87,60,46,27,105,9,29,64,2,80,61,81,34" hai1="65,75,130,98,133,74,66,73,70,108,67,28,52" hai2="107,50,104,95,121,125,101,16,114,13,131,30,0" hai3="91,35,110,12,135,122,17,45,36,15,8,6,58"/><T39/><D105/><U99/><E108/><V43/><F121/><W83/><G110/><T4/><D64/><U21/><E70/><V85/><F0/><W112/><G35/><T51/><D39/><U3/><E3/><V25/><F114/><W97/><G112/><T96/><D96/><U79/><E79/><V100/><F131/><W33/><G33/><T5/><D5/><U41/><E130/><V111/><F111/><W14/><G122/><T38/><D38/><U113/><E113/><V119/><F119/><W18/><G135/><T116/><D116/><U88/><E133/><V127/><F107/><W44/><G58/><T63/><REACH who="0" step="1"/><D87/><REACH who="0" ten="278,314,189,199" step="2"/><U56/><E98/><V55/><F104/><W120/><G97/><T115/><D115/><U11/><E66/><V37/><F85/><W42/><G6/><T78/><D78/><U134/><E134/><V129/><F129/><W92/><G36/><T22/><D22/><U69/><E65/><V84/><F84/><W57/><G120/><T93/><D93/><U94/><E67/><V1/><F95/><W118/><G92/><T68/><D68/><U126/><E69/><V20/><F37/><W128/><G128/><T10/><D10/><U123/><E123/><V109/><F109/><W89/><G8/><T40/><AGARI ba="2,2" hai="2,4,9,27,29,34,40,46,51,60,61,63,80,81" machi="40" ten="30,3000,0" yaku="1,1,0,1,53,0" doraHai="71" doraHaiUra="82" who="0" fromWho="0" sc="278,56,314,-12,189,-12,199,-12" />
</Scene>
<Scene>
<INIT seed="4,3,0,2,1,87" ten="334,302,177,187" oya="0" hai0="120,13,41,110,44,60,19,55,42,12,11,34,30" hai1="94,114,29,40,106,76,21,9,5,128,64,63,28" hai2="57,3,69,17,18,89,20,24,49,119,73,108,71" hai3="98,129,56,14,112,93,105,37,77,107,130,7,22"/><T1/><D1/><U65/><E106/><V16/><F108/><W61/><G37/><T116/><D116/><U131/><E114/><V25/><F3/><W95/><G112/><T35/><D120/><U126/><E126/><V62/><F73/><W27/><G77/><T23/><D42/><U54/><E76/><V32/><F119/><W99/><G14/><T111/><D55/><U84/><E40/><V102/><F49/><W85/><G85/><T109/><D60/><U118/><E118/><V33/><F102/><W103/><G7/><T38/><REACH who="0" step="1"/><D30/><REACH who="0" ten="324,302,177,187" step="2"/><U45/><E29/><V4/><F62/><W36/><G61/><T46/><D46/><U80/><E45/><V8/><F69/><W97/><G56/><T132/><D132/><U96/><E63/><V88/><F71/><W26/><G129/><T121/><D121/><U48/><E128/><V75/><F57/><W0/><G130/><T113/><D113/><U133/><E133/><V2/><F75/><W134/><G134/><T74/><D74/><U135/><E135/><V81/><F2/><W127/><G0/><T72/><D72/><U10/><E131/><V124/><F124/><W91/><G127/><T51/><D51/><U15/><E48/><V78/><F8/><W92/><G36/><T123/><D123/><U101/><E10/><V70/><F70/><W68/><G68/><T39/><D39/><U31/><E54/><V117/><F117/><W6/><G107/><T90/><D90/><N who="1" m="51463" /><E31/><V122/><F122/><W83/><G105/><T53/><D53/><U86/><E28/><V79/><F79/><RYUUKYOKU ba="3,1" sc="324,30,302,-10,177,-10,187,-10" hai0="11,12,13,19,23,34,35,38,41,44,109,110,111" />
</Scene>
<Scene>
<INIT seed="4,4,1,1,2,30" ten="354,292,167,177" oya="0" hai0="131,38,105,8,112,65,87,76,60,71,114,103,95" hai1="69,21,123,101,6,51,90,127,56,72,16,63,124" hai2="126,20,26,17,53,129,15,91,1,81,98,0,24" hai3="14,11,109,84,12,35,132,9,97,40,68,99,107"/><T57/><D38/><U47/><E123/><V102/><F129/><W29/><G109/><T62/><D131/><U119/><E119/><V59/><F126/><N who="1" m="48169" /><E72/><V75/><F0/><W85/><G68/><T25/><D105/><U50/><E69/><V10/><F1/><W18/><G132/><T45/><D8/><U133/><E133/><V4/><F26/><W106/><G40/><T48/><D25/><N who="1" m="14503" /><E6/><V44/><F44/><W100/><G18/><T66/><D76/><U135/><E135/><V37/><F37/><W78/><G78/><T96/><REACH who="0" step="1"/><D87/><REACH who="0" ten="344,292,167,177" step="2"/><U82/><E101/><V77/><F102/><W54/><G100/><T55/><AGARI ba="4,2" hai="45,48,55,57,60,62,65,66,71,95,96,103,112,114" machi="55" ten="30,6000,0" yaku="1,1,2,1,0,1,53,0" doraHai="30" doraHaiUra="80" who="0" fromWho="0" sc="344,92,292,-24,167,-24,177,-24" />
</Scene>
<Scene>
<INIT seed="4,5,0,4,1,0" ten="436,268,143,153" oya="0" hai0="53,117,96,7,122,134,2,28,76,24,91,64,54" hai1="56,20,72,125,3,62,61,41,66,118,90,32,85" hai2="106,60,12,22,89,16,114,59,13,21,110,115,58" hai3="119,27,87,17,37,81,55,18,44,73,126,14,34"/><T42/><D64/><U97/><E118/><V5/><F110/><W4/><G119/><T75/><D42/><U108/><E108/><V101/><F89/><W88/><G126/><T10/><D122/><U71/><E72/><V83/><F83/><W86/><G73/><T112/><D117/><U39/><E32/><V102/><F106/><W92/><G34/><T80/><D134/><U104/><E125/><V116/><F116/><W121/><G121/><T127/><D112/><N who="2" m="43050" /><F59/><W105/><G105/><T78/><D78/><U26/><E3/><V79/><F79/><W45/><G37/><T99/><D127/><U82/><E41/><V132/><F132/><W65/><G65/><T51/><D91/><U77/><E39/><V133/><F133/><W33/><G55/><T131/><D131/><U8/><E8/><N who="2" m="4111" /><F22/><N who="3" m="13775" /><G33/><T129/><D129/><U70/><E62/><V128/><F128/><W48/><G48/><T84/><D75/><U109/><E109/><V40/><F40/><W23/><G4/><T120/><D54/><AGARI ba="5,0" hai="13,16,21,54,58,60,101,102" m="4111,43050" machi="54" ten="30,3900,0" yaku="15,1,52,1,54,1" doraHai="0" who="2" fromWho="0" sc="436,-54,268,0,143,54,153,0" />
</Scene>
<Scene>
<INIT seed="5,0,0,3,4,123" ten="382,268,197,153" oya="1" hai0="51,14,124,64,58,104,68,52,84,63,25,102,19" hai1="91,53,17,132,92,15,133,70,130,11,108,94,110" hai2="109,72,106,119,82,112,13,22,117,39,126,43,9" hai3="49,6,28,1,129,118,67,122,114,24,55,2,77"/><U27/><E70/><V30/><F106/><W18/><G122/><T34/><D124/><U127/><E127/><V101/><F126/><W93/><G114/><T75/><D75/><U44/><E130/><V81/><F101/><W56/><G129/><T62/><D84/><U48/><E27/><V0/><F0/><W7/><G118/><T37/><D37/><U16/><E17/><V71/><F71/><W125/><G125/><T29/><D63/><U46/><E46/><V4/><F112/><W86/><G67/><T26/><D26/><U54/><E54/><V83/><F72/><W61/><G18/><T97/><D19/><U85/><E94/><V120/><F120/><W20/><G61/><T31/><D14/><U103/><E103/><V87/><F87/><W21/><G20/><T41/><D41/><U100/><E100/><V40/><F30/><AGARI ba="0,0" hai="25,29,30,31,34,51,52,58,62,64,68,97,102,104" machi="30" ten="40,5200,0" yaku="25,2,54,1" doraHai="123" who="0" fromWho="2" sc="382,52,268,0,197,-52,153,0" />
</Scene>
<Scene>
<INIT seed="6,0,0,4,5,73" ten="434,268,145,153" oya="2" hai0="96,135,28,18,122,0,36,37,104,38,22,97,121" hai1="79,101,81,110,54,57,50,103,51,44,66,69,48" hai2="64,132,42,15,124,105,16,2,117,131,98,88,90" hai3="63,100,41,30,7,14,86,125,87,8,75,71,4"/><V108/><F117/><W9/><G75/><T31/><D0/><U133/><E110/><V40/><F2/><W114/><G125/><T74/><D74/><U102/><E133/><V58/><F132/><W62/><G30/><T123/><D135/><U6/><E6/><V45/><F124/><W116/><G116/><T19/><D104/><U21/><E21/><V61/><F108/><W32/><G32/><T126/><D126/><U53/><E69/><V84/><F131/><W10/><G100/><T127/><D127/><U128/><E128/><V107/><F107/><W109/><G109/><T77/><D77/><U11/><E11/><V26/><F26/><W119/><G119/><T68/><D68/><U112/><E112/><V12/><F12/><W82/><G41/><T130/><D130/><U113/><E113/><V43/><F45/><W13/><G9/><T118/><D22/><U72/><E66/><V17/><F15/><W5/><G4/><T65/><D65/><U46/><E51/><V55/><F64/><W99/><G114/><T34/><D34/><U129/><E57/><V67/><F67/><W23/><G71/><T3/><D3/><U70/><E70/><V35/><F35/><W60/><G23/><T25/><D25/><U78/><E78/><V85/><F105/><W89/><G87/><N who="2" m="33353" /><F98/><AGARI ba="0,0" hai="5,7,8,10,13,14,60,62,63,82,86,89,98,99" machi="98" ten="40,2600,0" yaku="9,1,8,1" doraHai="73" who="3" fromWho="2" sc="434,0,268,0,145,-26,153,26" />
</Scene>
<Scene>
<INIT seed="7,0,0,4,4,100" ten="434,268,119,179" oya="3" hai0="35,133,47,107,22,72,23,105,66,41,108,31,82" hai1="45,46,132,34,121,76,57,64,86,56,101,49,2" hai2="0,97,51,44,33,110,10,112,126,65,93,69,36" hai3="89,125,26,71,43,74,73,13,106,52,61,115,55"/><W7/><G106/><N who="0" m="40459" /><D22/><U16/><E132/><V92/><F110/><W129/><G115/><T68/><D23/><U19/><E34/><V48/><F112/><W87/><G125/><T62/><D47/><U81/><E2/><V40/><F126/><W135/><G129/><T42/><D42/><U124/><E124/><V30/><F92/><W116/><G89/><T84/><D41/><U9/><E101/><V80/><F65/><W88/><G87/><T38/><D38/><U18/><E121/><V14/><F69/><W15/><G88/><N who="0" m="51223" /><D72/><U96/><E9/><V50/><F0/><W5/><G74/><T39/><D39/><U17/><E17/><V111/><F111/><W32/><G73/><T63/><D63/><U21/><E45/><V90/><F33/><W27/><G32/><T28/><D28/><U83/><E21/><V29/><REACH who="2" step="1"/><F80/><REACH who="2" ten="434,268,109,179" step="2"/><W75/><G71/><T127/><D127/><U118/><E81/><V130/><F130/><W117/><G116/><T102/><D102/><U128/><E83/><V78/><F78/><W123/><G117/><T8/><D8/><U103/><E76/><V6/><AGARI ba="0,1" hai="6,10,14,29,30,36,40,44,48,50,51,90,93,97" machi="6" ten="30,2000,0" yaku="1,1,0,1,53,0" doraHai="100" doraHaiUra="134" who="2" fromWho="2" sc="434,-5,268,-5,109,30,179,-10" owari="429,53.0,263,6.0,139,-36.0,169,-23.0" />
</Scene>
</mjloggm>