<mjloggm ver="2.3"><GO type="169" lobby="0"/><UN n0="%41%53%41%50%49%4E" n1="%E5%A4%A9%E5%9F%8E%E5%B0%8F%E6%AC%A1%E9%83%8E" n2="%E5%A4%A7%E7%8E%89%E5%B0%86" n3="%48%41%52%45%4D" dan="18,16,18,16" rate="2268.02,2073.03,2229.96,2145.55" sx="M,M,M,M"/><TAIKYOKU oya="0"/>

<Scene>
<INIT seed="0,0,0,4,2,97" ten="250,250,250,250" oya="0" hai0="25,114,67,24,85,11,102,54,74,41,92,90,61" hai1="101,58,34,13,122,16,33,48,57,63,3,49,17" hai2="110,19,83,120,20,21,80,94,64,121,115,100,125" hai3="62,104,1,0,28,107,43,8,42,37,116,59,22"/><T18/><D114/><U39/><E122/><V50/><F115/><W6/><G116/><T111/><D74/><U98/><E39/><V95/><F110/><W76/><G0/><T9/><D111/><U93/><E3/><V51/><F64/><W69/><G22/><T109/><D109/><U75/><E75/><V78/><F78/><W71/><G28/><T70/><D41/><U29/><E17/><V5/><F19/><W118/><G118/><T135/><D135/><U60/><E29/><V113/><F113/><W47/><G43/><T30/><D54/><N who="1" m="33847" /><E33/><V84/><F84/><W112/><G112/><T88/><D18/><U73/><E34/><V12/><F12/><W26/><G26/><T45/><D45/><U31/><E73/><V126/><REACH who="2" step="1"/><F5/><REACH who="2" ten="250,250,240,250" step="2"/><W108/><G108/><T23/><D25/><U14/><E31/><V66/><F66/><W46/><G76/><T77/><D77/><U38/><E13/><V134/><F134/><W32/><G32/><T133/><D133/><U81/><E14/><V44/><F44/><W128/><G46/><T52/><D85/><U127/><E16/><V130/><F130/><W55/><G128/><T96/><REACH who="0" step="1"/><D52/><REACH who="0" ten="240,250,240,250" step="2"/><U103/><E98/><V131/><F131/><W56/><G47/><T117/><D117/><U106/><E38/><V7/><F7/><W87/><G42/><T123/><D123/><U2/><E127/><V124/><F124/><W68/><G87/><T79/><D79/><U72/><E72/><V119/><F119/><W105/><G37/><T40/><D40/><U4/><E4/><V27/><F27/><RYUUKYOKU ba="0,2" sc="240,10,250,-30,240,10,250,10" hai0="9,11,23,24,30,61,67,70,88,90,92,96,102" hai2="20,21,50,51,80,83,94,95,100,120,121,125,126" hai3="1,6,8,55,56,59,62,68,69,71,104,105,107" />
</Scene>
<Scene>
<INIT seed="0,1,2,1,4,70" ten="250,220,250,260" oya="0" hai0="33,6,102,19,3,8,27,94,127,112,73,58,51" hai1="131,76,110,23,71,125,25,86,5,49,62,107,114" hai2="45,77,84,7,98,0,69,14,104,9,129,82,34" hai3="126,50,2,39,119,72,54,91,79,15,87,60,100"/><T30/><D112/><U81/><E107/><V36/><F69/><W59/><G2/><T46/><D73/><U52/><E114/><V17/><F34/><W89/><G119/><T108/><D127/><U88/><E125/><V37/><F45/><W16/><G126/><T113/><D113/><U106/><E106/><V42/><F42/><W48/><G72/><T40/><D108/><U28/><E110/><V1/><F129/><W111/><G100/><T41/><D41/><U135/><E131/><V21/><REACH who="2" step="1"/><F0/><REACH who="2" ten="250,220,240,260" step="2"/><W134/><G111/><T130/><D130/><U101/><E135/><V103/><AGARI ba="1,3" hai="1,7,9,14,17,21,36,37,77,82,84,98,103,104" machi="103" ten="30,8000,1" yaku="1,1,2,1,0,1,52,2,53,0" doraHai="70" doraHaiUra="109" who="2" fromWho="2" sc="250,-41,220,-21,240,113,260,-21" />
</Scene>
<Scene>
<INIT seed="1,0,0,5,3,121" ten="209,199,353,239" oya="1" hai0="7,126,51,49,84,88,90,10,8,93,133,101,44" hai1="45,65,73,135,54,29,83,36,72,57,80,111,104" hai2="63,127,26,11,119,59,40,48,94,5,86,71,37" hai3="47,110,15,19,132,64,16,74,103,4,102,28,125"/><U129/><E104/><V67/><F119/><W79/><G64/><T76/><D133/><U75/><E135/><V82/><F127/><W109/><G132/><T81/><D126/><U98/><E129/><V134/><F134/><W0/><G125/><T24/><D51/><U115/><E115/><V69/><F94/><W89/><G0/><T122/><D122/><U56/><E29/><V41/><F26/><W52/><G28/><T35/><D35/><U66/><E98/><V130/><F130/><W100/><G89/><T2/><D24/><U13/><E13/><V124/><F124/><W20/><G19/><T118/><D118/><U22/><E22/><V120/><F120/><W99/><G4/><T60/><D8/><U39/><E72/><V112/><F112/><W128/><G128/><T46/><D46/><U23/><E23/><V12/><F37/><W33/><G33/><T106/><D106/><U1/><E54/><V50/><F69/><W31/><G31/><T95/><D60/><U96/><E96/><V85/><F71/><W61/><G99/><T53/><REACH who="0" step="1"/><D101/><REACH who="0" ten="199,199,353,239" step="2"/><U108/><E1/><V43/><REACH who="2" step="1"/><F86/><REACH who="2" ten="199,199,343,239" step="2"/><W91/><G74/><T55/><D55/><U113/><E113/><V62/><F62/><W14/><G61/><T70/><D70/><U6/><E6/><V92/><F92/><AGARI ba="0,2" hai="2,7,10,44,49,53,76,81,84,88,90,92,93,95" machi="92" ten="40,2600,0" yaku="1,1,54,1,53,0" doraHai="121" doraHaiUra="21" who="0" fromWho="2" sc="199,46,199,0,343,-26,239,0" />
</Scene>
<Scene>
<INIT seed="2,0,0,2,2,127" ten="245,199,317,239" oya="2" hai0="95,63,73,48,77,67,83,9,6,60,23,70,114" hai1="47,112,81,44,91,69,22,57,29,42,111,90,17" hai2="59,26,85,52,5,43,102,4,20,118,108,121,11" hai3="54,132,61,24,78,64,76,125,1,134,68,103,101"/><V135/><F118/><W124/><G1/><T93/><D114/><U97/><E112/><V51/><F121/><W33/><G78/><T120/><D120/><U58/><E69/><V12/><F135/><N who="3" m="51755" /><G76/><T27/><D48/><N who="1" m="26647" /><E111/><V28/><F108/><W39/><G39/><T115/><D60/><U84/><E29/><V8/><F43/><W31/><G54/><T18/><REACH who="0" step="1"/><D115/><REACH who="0" ten="235,199,317,239" step="2"/><U96/><E47/><V45/><F45/><W80/><G125/><T116/><D116/><U109/><E109/><V34/><F102/><W122/><G122/><T72/><D72/><U40/><E57/><V113/><F113/><W89/><G124/><T65/><D65/><U123/><E58/><V100/><F100/><W37/><G37/><T99/><D99/><U30/><E97/><V75/><F75/><W62/><G62/><T128/><D128/><U46/><E123/><V94/><F85/><AGARI ba="0,1" hai="24,31,33,61,64,68,80,85,89,101,103" m="51755" machi="85" ten="30,1000,0" yaku="20,1" doraHai="127" who="3" fromWho="2" sc="235,0,199,0,317,-10,239,20" />
</Scene>
<Scene>
<INIT seed="3,0,0,5,4,52" ten="235,199,307,259" oya="3" hai0="95,39,20,126,35,50,6,106,64,42,66,40,88" hai1="41,14,33,65,127,85,74,10,113,116,125,69,86" hai2="128,117,36,2,133,12,0,55,43,1,83,59,25" hai3="90,98,104,46,13,31,122,132,103,131,62,3,101"/><W79/><G3/><T72/><D35/><U97/><E113/><V111/><F117/><W30/><G122/><T73/><D106/><U110/><E74/><V87/><F111/><W84/><G103/><T92/><D39/><U81/><E33/><V60/><F128/><W94/><G131/><T119/><D119/><U58/><E116/><V135/><F25/><W34/><G132/><N who="2" m="50761" /><F12/><W114/><G114/><T9/><D126/><N who="1" m="48139" /><E110/><V70/><F70/><W29/><G46/><T71/><D20/><U26/><E26/><V120/><F120/><W48/><G48/><T23/><D23/><U124/><E69/><V129/><F129/><W15/><G34/><T38/><D38/><U11/><E124/><V93/><F93/><W24/><G24/><T78/><D71/><U91/><E14/><V37/><F43/><W118/><G118/><T22/><D22/><U99/><E41/><V5/><F5/><W45/><G45/><T7/><D9/><N who="1" m="3083" /><E86/><V121/><F121/><W102/><G101/><T108/><D108/><U107/><E107/><V134/><N who="2" m="50769" /><V63/><DORA hai="54" /><F63/><AGARI ba="0,0" hai="58,63,65,81,85,91,97,99" m="3083,48139" machi="63" ten="30,3900,0" yaku="18,1,52,2" doraHai="52,54" who="1" fromWho="2" sc="235,0,199,39,307,-39,259,0" />
</Scene>
<Scene>
<INIT seed="4,0,0,5,3,133" ten="235,238,268,259" oya="0" hai0="121,40,37,35,2,128,18,84,88,120,49,47,91" hai1="31,38,27,116,73,102,58,92,93,76,19,45,71" hai2="105,106,132,78,112,4,10,109,90,59,67,56,100" hai3="32,30,20,16,26,124,104,25,63,69,108,33,74"/><T5/><D35/><U64/><E116/><V75/><F109/><W123/><G108/><T53/><D128/><U118/><E118/><V39/><F39/><W122/><G74/><T126/><D126/><U113/><E102/><V86/><F132/><W117/><G104/><T7/><D18/><U13/><E71/><V131/><F131/><W83/><G83/><T115/><D115/><U114/><E76/><V107/><F112/><N who="1" m="43113" /><E73/><V15/><F100/><W81/><G81/><T110/><D110/><U79/><E79/><V103/><F103/><W125/><G33/><T82/><D91/><U55/><E64/><V51/><F78/><W80/><G80/><T72/><D72/><U29/><E45/><V3/><F75/><W28/><G28/><N who="1" m="10826" /><E27/><V0/><F67/><N who="3" m="41215" /><G117/><T134/><D134/><U77/><E38/><V57/><REACH who="2" step="1"/><F51/><REACH who="2" ten="235,238,258,259" step="2"/><W66/><G66/><T17/><D37/><U21/><E77/><V46/><F46/><W36/><G36/><T48/><D48/><AGARI ba="0,1" hai="13,19,21,48,55,58,92,93" m="10826,43113" machi="48" ten="30,2000,0" yaku="15,1,11,1" doraHai="133" who="1" fromWho="0" sc="235,-20,238,30,258,0,259,0" />
</Scene>
<Scene>
<INIT seed="5,0,0,0,3,58" ten="215,268,258,259" oya="1" hai0="107,129,90,35,121,61,78,27,22,39,70,88,0" hai1="73,34,99,64,133,9,32,30,6,100,93,54,37" hai2="98,109,26,18,112,96,42,44,120,84,7,72,31" hai3="59,5,127,105,23,40,77,113,135,25,104,65,15"/><U101/><E73/><V134/><F120/><W56/><G135/><T28/><D39/><U119/><E119/><V63/><F72/><W13/><G127/><T68/><D0/><U118/><E118/><V89/><F109/><W57/><G113/><T103/><D121/><U3/><E37/><V108/><F108/><W80/><G40/><T117/><D117/><U55/><E133/><V132/><F112/><W92/><G92/><T81/><D129/><U128/><E128/><V36/><F132/><W86/><G5/><T49/><D49/><U10/><E64/><V16/><F7/><W48/><G48/><T97/><D22/><U12/><E101/><V47/><F47/><W75/><G75/><N who="0" m="43231" /><D68/><U76/><E76/><V67/><F134/><W4/><G4/><T83/><D83/><U124/><E124/><V114/><F114/><W17/><REACH who="3" step="1"/><G65/><AGARI ba="0,0" hai="27,28,35,61,65,70,88,90,97,103,107" m="43231" machi="65" ten="30,3900,0" yaku="25,1,52,1,54,1" doraHai="58" who="0" fromWho="3" sc="215,39,268,0,258,0,259,-39" />
</Scene>
<Scene>
<INIT seed="6,0,0,4,4,50" ten="254,268,258,220" oya="2" hai0="64,67,90,85,116,31,126,62,12,65,48,80,81" hai1="20,57,127,79,17,9,14,105,1,87,89,16,77" hai2="54,36,132,76,123,8,83,47,68,61,114,95,74" hai3="38,23,115,15,21,27,70,110,101,4,2,42,98"/><V10/><F123/><W3/><G70/><T5/><D126/><U63/><E127/><V82/><F114/><W94/><G110/><T26/><D116/><U108/><E108/><V72/><F132/><W71/><G71/><T86/><D48/><U49/><E49/><V84/><F95/><W120/><G120/><T44/><D44/><U46/><E46/><V97/><F97/><W45/><G115/><T109/><D109/><U111/><E105/><V34/><F34/><W69/><G69/><T43/><D43/><U40/><E40/><V133/><F133/><W0/><REACH who="3" step="1"/><G27/><REACH who="3" ten="254,268,258,210" step="2"/><T60/><D26/><N who="1" m="14599" /><E111/><V103/><F68/><W130/><G130/><T24/><D24/><U7/><E1/><V13/><F13/><W56/><G56/><T66/><D31/><U35/><E35/><V118/><F118/><W119/><G119/><T113/><D113/><U11/><E14/><V117/><F117/><W30/><G30/><T37/><D12/><U18/><E57/><V32/><F32/><W41/><G41/><T102/><D37/><U91/><E7/><V39/><F36/><W19/><G19/><T122/><D5/><U124/><E18/><V125/><F39/><W55/><G55/><T93/><D122/><U73/><E17/><V59/><F125/><W104/><G104/><T112/><N who="0" m="16384" /><DORA hai="128" /><T25/><D25/><U106/><E124/><V28/><F54/><W92/><G92/><T100/><D112/><U78/><E106/><V135/><F135/><W22/><G22/><T52/><D93/><U58/><E58/><V134/><F59/><W107/><G107/><RYUUKYOKU ba="0,1" sc="254,-10,268,-10,258,-10,210,30" hai3="0,2,3,4,15,21,23,38,42,45,94,98,101" />
</Scene>
<Scene>
<INIT seed="7,1,1,2,1,129" ten="244,258,248,240" oya="3" hai0="130,98,115,21,41,0,109,89,2,30,77,33,24" hai1="13,103,69,47,76,11,79,75,39,74,27,25,87" hai2="4,101,43,111,29,114,90,71,15,55,95,48,62" hai3="34,54,67,1,107,64,26,119,84,110,14,122,38"/><W85/><G1/><T82/><D109/><U61/><E103/><V17/><F111/><W104/><G38/><T63/><D130/><U108/><E108/><V80/><F114/><W83/><G110/><T5/><D115/><U72/><E69/><V100/><F80/><W112/><G112/><T102/><D89/><U23/><E61/><V70/><F4/><W44/><G122/><T65/><D41/><U106/><E106/><V18/><F29/><N who="3" m="19767" /><G84/><T96/><D21/><U125/><E87/><V124/><F124/><W9/><G107/><N who="0" m="63943" /><D98/><U92/><E125/><V127/><F127/><W135/><G119/><T123/><D5/><U99/><E74/><V56/><F70/><W35/><G104/><T40/><D40/><U7/><E75/><V58/><F71/><W116/><G35/><T53/><D53/><U36/><E72/><V51/><F17/><N who="3" m="8399" /><G116/><T37/><D37/><U52/><E39/><V121/><F121/><W97/><G97/><T8/><D8/><U6/><E11/><N who="2" m="6527" /><F43/><W16/><G16/><T88/><D123/><U113/><E36/><V134/><F48/><N who="3" m="28935" /><G135/><T45/><D77/><U93/><E79/><V46/><F134/><W59/><G59/><N who="2" m="22569" /><F62/><W32/><G32/><T42/><D42/><U66/><E113/><V49/><F49/><W91/><AGARI ba="1,1" hai="64,67,83,85,91" m="28935,8399,19767" machi="91" ten="30,1500,0" yaku="25,1" doraHai="129" who="3" fromWho="3" sc="244,-6,258,-6,248,-6,240,28" />
</Scene>
<Scene>
<INIT seed="7,2,0,5,0,5" ten="238,252,242,268" oya="3" hai0="2,101,21,28,119,78,45,110,24,64,12,87,60" hai1="130,85,94,50,4,51,58,122,121,115,135,65,98" hai2="53,89,123,105,76,72,17,30,83,114,86,39,97" hai3="131,104,124,68,128,3,54,106,95,27,57,55,82"/><W47/><G68/><T13/><D110/><U70/><E70/><V11/><F39/><W1/><G82/><N who="0" m="47575" /><D2/><N who="3" m="521" /><G47/><T102/><D119/><U73/><E73/><V77/><F114/><W41/><G41/><T8/><D45/><U96/><E115/><V6/><F123/><W108/><G95/><T71/><D71/><U132/><E130/><N who="3" m="49706" /><G108/><T69/><D69/><U36/><E36/><V19/><F105/><N who="3" m="40555" /><G27/><T46/><D46/><U7/><E94/><V25/><F25/><W75/><G75/><T100/><D60/><U67/><E58/><V103/><F72/><W117/><G117/><T32/><D32/><U81/><E81/><V63/><F83/><W26/><G26/><T62/><D62/><U61/><E61/><V23/><F63/><W84/><G84/><AGARI ba="2,0" hai="4,7,50,51,65,67,84,85,96,98,121,122,132,135" machi="84" ten="25,1600,0" yaku="22,2" doraHai="5" who="1" fromWho="3" sc="238,0,252,22,242,0,268,-22" />
</Scene>
<Scene>
<INIT seed="8,0,0,0,5,80" ten="238,274,242,246" oya="0" hai0="118,54,14,28,108,114,6,37,107,95,27,86,57" hai1="15,92,13,74,111,85,115,23,45,135,70,10,33" hai2="69,21,56,104,121,5,8,98,12,119,36,90,41" hai3="9,132,116,67,58,109,4,61,93,110,123,126,53"/><T127/><D114/><U34/><E111/><V120/><F69/><W39/><G116/><T91/><D107/><U63/><E74/><V71/><F71/><W73/><G73/><T81/><D37/><U49/><E115/><V52/><F119/><W79/><G79/><T94/><D118/><U87/><E70/><V105/><F105/><W101/><G39/><T31/><D108/><U25/><E63/><V113/><F113/><W35/><G35/><T62/><D127/><U128/><E128/><V55/><F55/><W43/><G43/><T18/><D6/><U130/><E130/><V19/><F41/><W59/><G126/><T84/><D27/><U0/><E0/><V50/><F36/><W47/><G47/><T106/><D106/><U1/><E1/><V65/><F65/><W89/><G101/><T117/><D117/><U46/><E25/><V24/><REACH who="2" step="1"/><F90/><REACH who="2" ten="238,274,232,246" step="2"/><W97/><G123/><T100/><D100/><AGARI ba="0,1" hai="5,8,12,19,21,24,50,52,56,98,100,104,120,121" machi="100" ten="40,5200,0" yaku="1,1,2,1,54,1,53,0" doraHai="80" doraHaiUra="122" who="2" fromWho="0" sc="238,-52,274,0,232,62,246,0" />
</Scene>
<Scene>
<INIT seed="9,0,0,0,3,25" ten="186,274,294,246" oya="1" hai0="128,98,5,102,80,30,106,110,67,113,96,111,94" hai1="1,53,59,107,18,99,57,12,100,123,22,19,29" hai2="65,10,121,60,61,34,15,95,23,44,130,0,46" hai3="3,84,124,70,103,26,68,129,73,4,133,48,52"/><U2/><E123/><V41/><F121/><W50/><G73/><T127/><D113/><U7/><E7/><V135/><F34/><W87/><G124/><T77/><D127/><U33/><E19/><V6/><F130/><W82/><G129/><T131/><D67/><U76/><E76/><V63/><F135/><W55/><G103/><N who="0" m="62839" /><D5/><U78/><E78/><V74/><F74/><W31/><G133/><T90/><D30/><U39/><E39/><V27/><F0/><W11/><G87/><N who="0" m="48527" /><D90/><U104/><E104/><V14/><F14/><W120/><G120/><T45/><D45/><U88/><E88/><V71/><F95/><W32/><G55/><T64/><D64/><U117/><E57/><V92/><F92/><W116/><G48/><T24/><D24/><U83/><E29/><V134/><F134/><W118/><G70/><T62/><D62/><U122/><E122/><V109/><F46/><W101/><G68/><T21/><D21/><U97/><E22/><V132/><F132/><W108/><G108/><AGARI ba="0,0" hai="94,96,102,108,110,111,128,131" m="48527,62839" machi="108" ten="30,2000,0" yaku="34,2" doraHai="25" who="0" fromWho="3" sc="186,20,274,0,294,0,246,-20" />
</Scene>
<Scene>
<INIT seed="10,0,0,5,3,101" ten="206,274,294,226" oya="2" hai0="109,35,65,20,81,112,74,52,63,2,59,111,7" hai1="92,64,130,71,34,66,117,78,30,27,68,26,129" hai2="98,110,93,8,116,76,41,114,125,94,127,10,120" hai3="40,18,132,42,44,86,77,19,43,118,22,29,39"/><V47/><F120/><W55/><G118/><T96/><D35/><U56/><E117/><V134/><F116/><W103/><G132/><T9/><D112/><U45/><E78/><V0/><F114/><W4/><G4/><T90/><D20/><U21/><E45/><V126/><F134/><W102/><G29/><T91/><D91/><U69/><E92/><V51/><F110/><W60/><G19/><T119/><D119/><U73/><E73/><V46/><F76/><W135/><G135/><T61/><D74/><U105/><E105/><V57/><F94/><W89/><G77/><T113/><D113/><U82/><E82/><V50/><F57/><N who="3" m="34879" /><G44/><T36/><D36/><U33/><E56/><V88/><F0/><W70/><G70/><T54/><D96/><U122/><E122/><V5/><F5/><W80/><G39/><T72/><D72/><U75/><E75/><V32/><F32/><N who="1" m="12393" /><E27/><AGARI ba="0,0" hai="18,22,27,40,42,43,80,86,89,102,103" m="34879" machi="27" ten="30,1000,0" yaku="8,1" doraHai="101" who="3" fromWho="1" sc="206,0,274,-10,294,0,226,10" />
</Scene>
<Scene>
<INIT seed="11,0,0,4,4,78" ten="206,264,294,236" oya="3" hai0="127,32,26,102,10,51,71,58,77,94,43,67,36" hai1="31,62,57,6,11,54,109,34,70,75,8,110,87" hai2="39,124,134,120,95,38,65,52,1,4,24,49,133" hai3="88,99,55,106,125,89,83,42,135,113,108,123,2"/><W33/><G33/><T30/><D127/><U90/><E75/><V66/><F124/><W35/><G35/><T59/><D36/><N who="2" m="13866" /><F24/><W40/><G125/><T118/><D118/><U91/><E70/><V53/><F120/><W126/><G126/><T111/><D111/><U81/><E90/><V60/><F95/><N who="3" m="56807" /><G2/><T28/><D28/><U64/><E64/><N who="2" m="24683" /><F4/><W128/><G106/><T45/><D77/><U5/><E34/><V122/><F1/><W41/><G113/><T69/><D10/><U129/><E31/><V61/><F122/><W104/><G104/><T112/><D112/><U12/><REACH who="1" step="1"/><E129/><REACH who="1" ten="206,254,294,236" step="2"/><V23/><F23/><W48/><G128/><T107/><D94/><U16/><E16/><V22/><F22/><W92/><G123/><T103/><D69/><U14/><AGARI ba="0,1" hai="5,6,8,11,12,14,54,57,62,81,87,91,109,110" machi="14" ten="20,8000,1" yaku="1,1,0,1,7,1,9,1,52,1,53,0" doraHai="78" doraHaiUra="117" who="1" fromWho="1" sc="206,-20,254,90,294,-20,236,-40" owari="186,-31.0,344,44.0,274,7.0,196,-20.0" />
</Scene>
</mjloggm>