<mjloggm ver="2.3"><GO type="169" lobby="0"/><UN n0="%E5%8D%81%E5%85%AD%E5%A4%9C%E2%99%AA" n1="%2D%61%76%61%74%61%72%2D" n2="%41%53%41%50%49%4E" n3="%E9%B7%B9%EF%BC%93" dan="16,17,19,16" rate="2036,2107,2238,2063" sx="M,M,M,M"/><TAIKYOKU oya="0"/>

<Scene>
<INIT seed="0,0,0,4,3,120" ten="250,250,250,250" oya="0" hai0="87,122,35,54,93,102,117,118,69,73,135,15,100" hai1="34,97,21,46,113,74,61,76,1,99,45,83,7" hai2="24,41,22,32,121,85,18,123,10,16,4,131,43" hai3="47,31,81,49,50,130,98,111,96,57,84,103,91"/><T116/><BYE who="1" /><D35/><U125/><E125/><V105/><F105/><UN n1="%2D%61%76%61%74%61%72%2D" /><W17/><G130/><T0/><D69/><U27/><E34/><V64/><F32/><W13/><G31/><T25/><D0/><U42/><E46/><V56/><F131/><W95/><G111/><T101/><D73/><U67/><E113/><V12/><F121/><W86/><G57/><T128/><D122/><U33/><E33/><V90/><F123/><W30/><G30/><T65/><D128/><U126/><E126/><V71/><F71/><W39/><G39/><T44/><D65/><U11/><E61/><N who="2" m="37927" /><F4/><W82/><G47/><T48/><D25/><U58/><E58/><V94/><AGARI ba="0,0" hai="10,12,16,18,22,24,41,43,85,90,94" m="37927" machi="94" ten="30,2000,0" yaku="8,1,54,1" doraHai="120" who="2" fromWho="2" sc="250,-10,250,-5,250,20,250,-5" />
</Scene>
<Scene>
<INIT seed="1,0,0,1,0,64" ten="240,245,270,245" oya="1" hai0="90,85,38,69,132,7,12,113,70,71,114,81,133" hai1="108,79,72,110,55,31,82,88,42,131,15,106,19" hai2="94,59,100,121,73,129,75,65,104,40,83,78,116" hai3="92,105,135,102,1,33,41,115,98,126,62,109,122"/><U63/><E106/><V130/><F121/><W46/><G122/><T76/><D38/><U117/><E31/><V17/><F116/><W84/><G115/><T124/><D124/><U120/><E120/><V53/><F104/><W119/><G126/><T101/><D101/><U50/><E117/><V123/><F123/><W86/><G119/><T54/><D54/><U56/><E131/><N who="2" m="50187" /><F65/><W28/><G135/><N who="0" m="51787" /><D76/><U16/><E19/><V112/><F112/><N who="0" m="43114" /><D12/><U3/><E3/><V74/><F40/><W27/><G1/><T67/><D7/><U39/><E39/><V24/><F94/><W5/><G109/><N who="1" m="42090" /><E42/><V30/><F17/><W2/><G92/><T80/><D81/><U52/><E88/><V6/><F100/><W93/><G93/><T13/><D13/><U9/><E55/><V44/><F6/><W29/><G5/><T48/><D48/><AGARI ba="0,0" hai="9,15,16,48,50,52,56,63,72,79,82" m="42090" machi="48" ten="30,11600,0" yaku="14,1,10,1,54,2" doraHai="64" who="1" fromWho="0" sc="240,-116,245,116,270,0,245,0" />
</Scene>
<Scene>
<INIT seed="1,1,0,0,1,21" ten="124,361,270,245" oya="1" hai0="1,69,36,99,10,129,97,85,60,115,91,48,19" hai1="9,44,72,18,103,12,46,67,124,80,58,66,71" hai2="7,49,131,135,113,55,70,79,95,106,59,93,51" hai3="29,38,68,27,123,15,75,110,16,33,101,34,76"/><U130/><E71/><V100/><F70/><W82/><G123/><T128/><D36/><U30/><E124/><V90/><F131/><W20/><G110/><T6/><D115/><U74/><E130/><N who="0" m="50281" /><D48/><U87/><E103/><V53/><F113/><W114/><G114/><T5/><D60/><U41/><E30/><V111/><F111/><W57/><G68/><T88/><D69/><U107/><E107/><V2/><F135/><W116/><G116/><T3/><D19/><U14/><E46/><V104/><F79/><W132/><G38/><T98/><D85/><U28/><E28/><V86/><F2/><N who="0" m="522" /><D10/><U8/><E72/><V121/><F7/><AGARI ba="1,0" hai="5,6,7,88,91,97,98,99" m="522,50281" machi="7" ten="40,8000,1" yaku="28,2,19,1,54,1" doraHai="21" who="0" fromWho="2" sc="124,83,361,0,270,-83,245,0" />
</Scene>
<Scene>
<INIT seed="2,0,0,5,0,20" ten="207,361,187,245" oya="2" hai0="115,48,87,108,128,80,10,28,14,50,73,85,27" hai1="102,7,133,86,25,75,107,17,130,94,15,53,57" hai2="123,119,79,106,21,45,3,77,30,29,131,31,8" hai3="110,52,95,67,64,51,47,23,135,22,26,16,122"/><V116/><F106/><W132/><G110/><T117/><D108/><U42/><E75/><V59/><F123/><W118/><G122/><T12/><D115/><U109/><E107/><V33/><F33/><W5/><G118/><T88/><D128/><U134/><E7/><V76/><F131/><W90/><G5/><T49/><D117/><U32/><E42/><V36/><F3/><W2/><G2/><T46/><D73/><U11/><E130/><V58/><F8/><W68/><G23/><N who="0" m="15487" /><D87/><U40/><E40/><V127/><F127/><W70/><G70/><T34/><D34/><U126/><E126/><V92/><F116/><W18/><G18/><N who="0" m="8471" /><D14/><U4/><E109/><V9/><F119/><W0/><G0/><T103/><D103/><U101/><E101/><V37/><F9/><W83/><G83/><T6/><D6/><U38/><E38/><V1/><F1/><W61/><REACH who="3" step="1"/><G67/><REACH who="3" ten="207,361,187,235" step="2"/><T35/><D35/><U19/><E19/><V66/><F21/><W72/><G72/><T44/><AGARI ba="0,1" hai="44,46,48,49,50,80,85,88" m="8471,15487" machi="44" ten="30,4000,0" yaku="8,1,52,1,54,1" doraHai="20" who="0" fromWho="0" sc="207,50,361,-10,187,-20,235,-10" />
</Scene>
<Scene>
<INIT seed="3,0,0,2,5,78" ten="257,351,167,225" oya="3" hai0="13,18,61,134,34,126,64,43,68,67,36,105,65" hai1="21,24,22,83,120,111,98,28,37,51,86,123,45" hai2="33,116,75,114,50,94,1,77,27,101,95,55,133" hai3="15,128,93,35,63,7,99,30,2,110,108,49,46"/><W32/><G128/><T14/><D34/><U104/><E37/><V20/><F114/><W44/><G2/><T52/><D105/><U5/><E5/><V47/><F116/><W72/><G72/><T81/><D36/><U87/><E87/><V26/><F1/><W125/><G125/><T8/><D43/><U53/><E111/><N who="3" m="42538" /><G63/><T6/><D126/><U29/><E98/><V73/><F133/><W12/><G46/><T71/><D134/><U85/><E85/><V124/><F124/><W48/><G48/><T62/><D81/><U127/><E104/><V96/><F33/><N who="3" m="12875" /><G30/><T4/><D67/><U97/><E97/><V121/><F121/><W42/><G7/><T69/><D71/><U10/><E10/><V130/><F130/><W41/><G41/><T76/><D76/><U17/><E29/><V66/><F66/><W131/><G131/><T89/><D4/><U80/><E127/><V40/><F40/><W82/><G82/><T88/><REACH who="0" step="1"/><D52/><REACH who="0" ten="247,351,167,225" step="2"/><U9/><E83/><V103/><F77/><W109/><G109/><T70/><D70/><U31/><E120/><V92/><F55/><W119/><G119/><T60/><D60/><U106/><E80/><V90/><F50/><W57/><G57/><T74/><D74/><U84/><E123/><V129/><F75/><W56/><G56/><T38/><D38/><U122/><E122/><V25/><F73/><W16/><G16/><T91/><D91/><AGARI ba="0,1" hai="12,15,42,44,49,91,93,99" m="12875,42538" machi="91" ten="30,2900,0" yaku="14,1,10,1" doraHai="78" who="3" fromWho="0" sc="247,-29,351,0,167,0,225,39" />
</Scene>
<Scene>
<INIT seed="3,1,0,2,2,85" ten="218,351,167,264" oya="3" hai0="97,22,17,126,117,2,36,116,121,91,88,83,86" hai1="92,89,12,66,55,61,4,21,52,54,79,106,29" hai2="102,84,46,11,94,81,1,77,58,37,74,78,127" hai3="133,118,41,112,67,128,45,105,96,27,87,70,49"/><W35/><G118/><T68/><D36/><U62/><E106/><V20/><F127/><W28/><G128/><T10/><D68/><U23/><E79/><V40/><F78/><W114/><G133/><T15/><D121/><U9/><E29/><V122/><F122/><W69/><G87/><T73/><D126/><U16/><E66/><V108/><F108/><W59/><G59/><T53/><D73/><U109/><E109/><V115/><F115/><W72/><G72/><T38/><D38/><U56/><E61/><V0/><F0/><W14/><G14/><T98/><D53/><N who="1" m="20587" /><E4/><V80/><F58/><W44/><G44/><T75/><D75/><U60/><E60/><V120/><F120/><W76/><G76/><N who="0" m="46439" /><D117/><U8/><E21/><V107/><F107/><W3/><G3/><T129/><D2/><U51/><E51/><V19/><F81/><W71/><REACH who="3" step="1"/><G67/><REACH who="3" ten="218,351,167,254" step="2"/><T131/><D116/><U24/><E12/><V39/><F74/><W34/><G34/><T63/><D63/><U25/><E24/><N who="2" m="14367" /><F1/><W18/><G18/><N who="0" m="8567" /><D129/><U13/><E13/><V103/><F77/><W99/><G99/><AGARI ba="1,1" hai="8,9,16,23,25,55,56,62,89,92,99" m="20587" machi="99" ten="30,8000,1" yaku="25,1,8,1,52,1,54,2" doraHai="85" who="1" fromWho="3" sc="218,0,351,93,167,0,254,-83" />
</Scene>
<Scene>
<INIT seed="4,0,0,3,3,53" ten="218,444,167,171" oya="0" hai0="17,3,74,72,93,34,67,110,106,84,73,128,52" hai1="113,125,47,12,79,58,63,131,31,83,64,80,71" hai2="112,51,89,94,1,87,127,14,121,22,40,8,18" hai3="2,82,100,117,86,77,104,61,70,103,20,60,66"/><T99/><D34/><U37/><E113/><V76/><F121/><W59/><G117/><T68/><D3/><U88/><E31/><V30/><F112/><W43/><G2/><T126/><D67/><U101/><E101/><V134/><F134/><W24/><G43/><T78/><D68/><U133/><E133/><V41/><F127/><W95/><G104/><T46/><D126/><U19/><E125/><V15/><F1/><W26/><G95/><T50/><D17/><U91/><E131/><V33/><F33/><W75/><G75/><T97/><D128/><U35/><E35/><V105/><F105/><W130/><G130/><T9/><D9/><U98/><E71/><V28/><F76/><W54/><REACH who="3" step="1"/><G26/><REACH who="3" ten="218,444,167,161" step="2"/><T21/><D73/><U124/><E124/><V6/><F40/><W0/><G0/><T62/><D74/><U107/><E107/><V23/><F23/><W5/><G5/><T120/><D72/><U109/><E80/><V36/><F36/><W116/><G116/><T111/><D106/><U119/><E119/><V102/><F102/><W16/><AGARI ba="0,1" hai="16,20,24,54,59,60,61,66,70,77,82,86,100,103" machi="16" ten="20,8000,1" yaku="1,1,0,1,7,1,52,1,54,1,53,0" doraHai="53" doraHaiUra="135" who="3" fromWho="3" sc="218,-40,444,-20,167,-20,161,90" />
</Scene>
<Scene>
<INIT seed="5,0,0,1,4,119" ten="178,424,147,251" oya="1" hai0="72,111,121,3,130,125,64,59,77,50,36,46,44" hai1="42,129,60,54,56,7,28,103,117,122,1,115,123" hai2="97,41,65,101,70,11,37,79,88,30,109,49,118" hai3="25,47,10,94,53,21,92,29,98,113,102,5,107"/><U134/><E28/><V108/><F118/><W90/><G113/><T16/><D3/><U13/><E1/><V2/><F37/><W83/><G83/><T6/><D111/><U35/><E35/><V81/><F30/><W9/><G5/><T66/><D6/><U71/><E103/><V131/><F131/><W48/><REACH who="3" step="1"/><G107/><REACH who="3" ten="178,424,147,241" step="2"/><T58/><D77/><U14/><E115/><V91/><F79/><W51/><G51/><T93/><D130/><U135/><E129/><V106/><F81/><W4/><G4/><T87/><D72/><U85/><E7/><V45/><F2/><W43/><G43/><T52/><D121/><U80/><E42/><V128/><F128/><W78/><G78/><T61/><D125/><U82/><E82/><V114/><F114/><W116/><G116/><T63/><D93/><U33/><E122/><V31/><F108/><W100/><G100/><T73/><D73/><U17/><E123/><V86/><F109/><W0/><G0/><T84/><D16/><U95/><E80/><V76/><F76/><W132/><G132/><T89/><D89/><U19/><E95/><V75/><F75/><W26/><G26/><T62/><D87/><AGARI ba="0,1" hai="9,10,21,25,29,47,48,53,87,90,92,94,98,102" machi="87" ten="30,3900,0" yaku="1,1,7,1,8,1,53,0" doraHai="119" doraHaiUra="104" who="3" fromWho="0" sc="178,-39,424,0,147,0,241,49" />
</Scene>
<Scene>
<INIT seed="6,0,0,3,0,103" ten="139,424,147,290" oya="2" hai0="133,64,58,22,88,82,76,9,134,5,129,42,63" hai1="92,126,113,47,117,67,13,43,36,74,54,56,3" hai2="2,65,68,57,127,89,79,24,28,17,55,83,31" hai3="35,27,62,131,94,85,26,4,106,104,49,121,21"/><V98/><F2/><W29/><G121/><T91/><D42/><U124/><E3/><V8/><F127/><W51/><G131/><T86/><D129/><U119/><E74/><V60/><F89/><W107/><G4/><T97/><D22/><U115/><E67/><V116/><F116/><N who="1" m="44617" /><E92/><V48/><F98/><W112/><G112/><N who="1" m="43082" /><E13/><V72/><REACH who="2" step="1"/><F24/><REACH who="2" ten="139,424,137,290" step="2"/><W45/><G27/><T135/><D97/><U100/><E100/><V108/><F108/><W95/><G26/><T1/><AGARI ba="0,1" hai="1,5,9,58,63,64,76,82,86,88,91,133,134,135" machi="1" ten="30,4000,0" yaku="0,1,20,1,54,1" doraHai="103" who="0" fromWho="0" sc="139,50,424,-10,137,-20,290,-10" />
</Scene>
<Scene>
<INIT seed="7,0,0,2,3,10" ten="189,414,117,280" oya="3" hai0="57,118,89,20,96,12,67,42,94,87,17,84,83" hai1="30,48,7,32,35,135,130,4,124,112,33,109,133" hai2="18,24,95,46,56,22,75,53,90,44,23,101,19" hai3="86,77,64,13,117,55,68,116,111,52,59,25,0"/><W11/><G0/><T14/><D118/><U82/><E109/><V5/><F5/><W97/><G111/><T105/><D42/><U41/><E30/><V29/><F101/><W27/><G68/><T39/><D39/><U92/><E112/><V115/><F75/><W63/><G116/><T16/><D105/><U51/><E124/><V54/><F29/><W37/><G37/><T62/><REACH who="0" step="1"/><D83/><REACH who="0" ten="179,414,117,280" step="2"/><U28/><E82/><V71/><F71/><W108/><G117/><T100/><D100/><U2/><E41/><V110/><F110/><W132/><G132/><T49/><D49/><U123/><E48/><V43/><F115/><W34/><G108/><T15/><D15/><U120/><E51/><V128/><F128/><W102/><G27/><T129/><D129/><U78/><E130/><V127/><F127/><W85/><G25/><T73/><D73/><U50/><E50/><V93/><F43/><W131/><G131/><T61/><D61/><U104/><E104/><V81/><F81/><W40/><G40/><T126/><D126/><U119/><E2/><V106/><F106/><W103/><G103/><T66/><D66/><U36/><E36/><V8/><F24/><W107/><G64/><T79/><D79/><U45/><E78/><V70/><F70/><W38/><G77/><T91/><D91/><U98/><E133/><V114/><F114/><W6/><G38/><T134/><D134/><U1/><E135/><V26/><F26/><W69/><G107/><T88/><D88/><N who="1" m="55559" /><E1/><V74/><F74/><W31/><G102/><T121/><D121/><U125/><E120/><RYUUKYOKU ba="0,1" sc="179,30,414,-10,117,-10,280,-10" hai0="12,14,16,17,20,57,62,67,84,87,89,94,96" owari="209,-19.0,414,51.0,107,-39.0,270,7.0" />
</Scene>
</mjloggm>