<mjloggm ver="2.3"><GO type="169" lobby="0"/><UN n0="%E5%94%90%E6%8F%9A%E5%A4%A7%E5%A5%BD%E3%81%8D" n1="%41%53%41%50%49%4E" n2="%61%6D%61%6A%69%73%68%69" n3="%E3%81%B4%E3%81%83%E3%81%B4%E3%81%83" dan="16,19,16,17" rate="2119.34,2275.84,2128.70,2148.14" sx="M,M,M,M"/><TAIKYOKU oya="0"/>

<Scene>
<INIT seed="0,0,0,5,4,70" ten="250,250,250,250" oya="0" hai0="10,40,95,69,121,55,14,85,1,28,36,133,26" hai1="16,68,23,66,101,48,18,96,24,38,130,122,2" hai2="89,59,100,76,31,0,123,43,25,118,42,17,19" hai3="114,112,120,74,108,103,51,44,53,134,106,34,49"/><T41/><D69/><U72/><E122/><V39/><F0/><W105/><G34/><T117/><D121/><U135/><E72/><V47/><F123/><W56/><G74/><T75/><D75/><U110/><E2/><V129/><F76/><W91/><G120/><T115/><D1/><U46/><E110/><V32/><F129/><W82/><G108/><T116/><D115/><U126/><E130/><V84/><F100/><W21/><G105/><T107/><D107/><U124/><E135/><V127/><F127/><N who="1" m="48681" /><E66/><V78/><F78/><W128/><G134/><T5/><D133/><U102/><E68/><V54/><F43/><W64/><G128/><T111/><D111/><U4/><E4/><V50/><REACH who="2" step="1"/><F118/><REACH who="2" ten="250,250,240,250" step="2"/><W9/><G103/><T94/><D117/><U33/><E101/><V3/><F3/><W86/><G112/><T97/><D116/><U57/><E102/><V37/><F37/><W132/><G106/><T87/><D36/><U79/><E79/><V6/><F6/><W52/><G114/><T125/><D125/><U131/><E38/><V113/><F113/><W63/><G132/><T104/><D104/><U65/><E131/><V98/><F98/><W88/><G91/><T93/><D97/><U11/><E96/><V119/><F119/><W81/><G88/><T8/><D41/><U13/><E33/><V62/><F62/><W30/><G63/><T29/><D40/><N who="1" m="24647" /><E65/><V73/><F73/><W71/><G64/><T35/><D35/><U7/><E7/><V99/><F99/><W22/><G71/><T27/><D5/><U60/><E60/><RYUUKYOKU ba="0,1" sc="250,-15,250,15,240,15,250,-15" hai1="11,13,16,18,23,24,57" hai2="17,19,25,31,32,39,42,47,50,54,59,84,89" />
</Scene>
<Scene>
<INIT seed="1,1,1,2,4,112" ten="235,265,255,235" oya="1" hai0="104,65,86,28,2,30,110,105,89,5,74,82,56" hai1="31,39,107,78,130,16,133,35,60,96,116,63,85" hai2="97,11,121,59,54,22,71,62,52,15,84,0,18" hai3="38,44,17,3,120,117,45,76,32,94,123,106,88"/><U10/><E39/><V37/><F71/><W124/><G106/><T26/><D74/><U7/><E130/><V131/><F131/><W132/><G32/><T33/><D30/><U21/><E133/><V46/><F84/><W58/><G3/><T79/><D110/><U8/><E116/><V68/><F68/><W24/><G132/><T42/><D42/><U12/><E10/><V80/><F80/><W49/><G76/><T115/><D115/><U67/><E67/><V95/><F121/><W70/><G70/><T73/><D5/><U87/><E107/><V102/><F0/><W1/><G1/><T43/><D43/><U128/><E128/><V66/><F37/><W91/><G38/><T55/><D65/><U51/><E96/><V36/><F46/><W53/><G117/><T134/><D2/><U111/><E111/><V125/><F125/><W109/><G124/><T93/><REACH who="0" step="1"/><D134/><REACH who="0" ten="225,265,255,235" step="2"/><U14/><E31/><V47/><F36/><W122/><G109/><T13/><D13/><U34/><E12/><V72/><F72/><W69/><G122/><T6/><D6/><U113/><E7/><V126/><F126/><W114/><G114/><T135/><D135/><U83/><E113/><V20/><F66/><W40/><G123/><T108/><D108/><U118/><E14/><V103/><F11/><W77/><G40/><T19/><D19/><U41/><E16/><V61/><F22/><W25/><G120/><T4/><D4/><U129/><E21/><V50/><F62/><AGARI ba="1,2" hai="26,28,33,55,56,62,73,79,82,86,89,93,104,105" machi="62" ten="30,2000,0" yaku="1,1,7,1,53,0" doraHai="112" doraHaiUra="64" who="0" fromWho="2" sc="225,43,265,0,255,-23,235,0" />
</Scene>
<Scene>
<INIT seed="2,0,0,3,0,6" ten="268,265,232,235" oya="2" hai0="34,117,23,29,106,69,99,71,50,91,46,53,111" hai1="41,60,0,104,77,101,57,67,86,114,35,98,15" hai2="134,120,115,32,90,58,24,83,26,66,126,36,56" hai3="48,7,80,121,110,124,65,74,78,10,79,59,112"/><V85/><F120/><W13/><G121/><T22/><D111/><U3/><E114/><V68/><F115/><W92/><G110/><T128/><D128/><U127/><E35/><V20/><F134/><W87/><G112/><T108/><D108/><U33/><E33/><V45/><F126/><W84/><G124/><T18/><D117/><U55/><E127/><V89/><F32/><W49/><G74/><T131/><D131/><U61/><E41/><V14/><F68/><W43/><G43/><T17/><D34/><U133/><E133/><V122/><F122/><W25/><G25/><T97/><D29/><U70/><E77/><V63/><F58/><W21/><G21/><T103/><D71/><U113/><E113/><V1/><F1/><W118/><G118/><T4/><D4/><U107/><E86/><V82/><F45/><W39/><G39/><T30/><D69/><U2/><REACH who="1" step="1"/><E15/><REACH who="1" ten="268,255,232,235" step="2"/><V31/><F36/><W16/><G79/><T100/><D30/><U51/><E51/><V102/><F14/><W19/><G49/><T47/><D50/><U64/><E64/><V135/><F135/><W88/><REACH who="3" step="1"/><G65/><REACH who="3" ten="268,255,232,225" step="2"/><T44/><D53/><AGARI ba="0,2" hai="7,10,13,16,19,48,53,59,78,80,84,87,88,92" machi="53" ten="40,12000,2" yaku="1,1,2,1,8,1,52,1,54,2,53,0" doraHai="6" doraHaiUra="27" who="3" fromWho="0" sc="268,-120,255,0,232,0,225,140" />
</Scene>
<Scene>
<INIT seed="3,0,0,3,5,83" ten="148,255,232,365" oya="3" hai0="115,97,64,56,23,36,37,105,125,71,100,110,76" hai1="104,131,134,26,69,34,114,119,8,24,58,16,132" hai2="45,57,82,47,48,25,75,89,87,91,62,33,10" hai3="108,43,84,67,111,103,107,81,80,38,77,19,2"/><W15/><G2/><T124/><D23/><N who="1" m="13415" /><E69/><V0/><F75/><W14/><G67/><T17/><D17/><U32/><E104/><V3/><F10/><W90/><G43/><T54/><D76/><U4/><E58/><V28/><F91/><W78/><G38/><T120/><D120/><U5/><E114/><V72/><F72/><N who="3" m="43047" /><G19/><T41/><D115/><U46/><E46/><V70/><F70/><W130/><G130/><T53/><D110/><N who="3" m="42025" /><G90/><T63/><D53/><U59/><E131/><V66/><F45/><W126/><G126/><N who="0" m="48747" /><D41/><AGARI ba="0,0" hai="0,3,25,28,33,41,47,48,57,62,66,82,87,89" machi="41" ten="30,2000,0" yaku="7,1,52,1" doraHai="83" who="2" fromWho="0" sc="148,-20,255,0,232,20,365,0" />
</Scene>
<Scene>
<INIT seed="4,0,0,1,4,76" ten="128,255,252,365" oya="0" hai0="121,98,118,24,128,50,3,41,103,65,57,94,21" hai1="52,15,29,82,39,86,63,4,75,10,28,95,81" hai2="91,104,19,11,38,89,59,26,61,74,120,78,99" hai3="33,43,119,17,27,134,5,127,102,80,7,124,20"/><T44/><D3/><U92/><E39/><V55/><F38/><W108/><G102/><T23/><D121/><U110/><E110/><V113/><F113/><W132/><G43/><T93/><D118/><U114/><E114/><V83/><F120/><W54/><G54/><T115/><D115/><U126/><E126/><N who="3" m="48170" /><G80/><N who="1" m="30826" /><E75/><V56/><F56/><W85/><G85/><T25/><D128/><U45/><E86/><V70/><F70/><W107/><G107/><T37/><D37/><U16/><E16/><V60/><F60/><W106/><G106/><T72/><D72/><U96/><E95/><V100/><F11/><W53/><G53/><T131/><D131/><U31/><E63/><V67/><F55/><W35/><G108/><T62/><REACH who="0" step="1"/><D93/><REACH who="0" ten="118,255,252,365" step="2"/><U97/><E92/><V112/><F112/><W129/><G119/><T14/><D14/><U46/><E46/><V47/><F47/><W84/><G129/><T125/><D125/><U1/><E1/><V12/><F12/><W40/><G84/><T2/><D2/><U116/><E116/><V48/><F104/><W88/><G132/><T49/><D49/><AGARI ba="0,1" hai="4,10,15,28,29,31,45,49,52,96,97" m="30826" machi="49" ten="30,8000,1" yaku="8,1,52,3,54,1" doraHai="76" who="1" fromWho="0" sc="118,-80,255,90,252,0,365,0" />
</Scene>
<Scene>
<INIT seed="5,0,0,2,3,106" ten="38,345,252,365" oya="1" hai0="97,44,2,89,32,64,36,12,83,3,59,27,78" hai1="114,66,90,70,126,29,41,119,45,128,91,57,102" hai2="25,95,61,130,0,86,92,76,54,6,16,62,50" hai3="10,115,74,109,75,85,8,84,63,13,123,132,131"/><U33/><E119/><V79/><F130/><W4/><G123/><T104/><D12/><U30/><E70/><V60/><F0/><W87/><G109/><T99/><D2/><U112/><E128/><V26/><F6/><W125/><G131/><T39/><D3/><U72/><E72/><V134/><F134/><W135/><G115/><N who="1" m="44074" /><E126/><V46/><F26/><W88/><G125/><T108/><D108/><U48/><E102/><V103/><F103/><W7/><G63/><T23/><D104/><U1/><E1/><V11/><F11/><W113/><G113/><T96/><D32/><U21/><E21/><V15/><F15/><N who="3" m="5511" /><G88/><N who="1" m="33834" /><E33/><V111/><F111/><W71/><G71/><T20/><D89/><U28/><E57/><V124/><F124/><W35/><G35/><T14/><D14/><U43/><E66/><V120/><F120/><W49/><G49/><T53/><D64/><U93/><E93/><V133/><F95/><W101/><G101/><T100/><D100/><U127/><E127/><V65/><F92/><W34/><G34/><T116/><D116/><U31/><N who="1" m="7168" /><DORA hai="47" /><U118/><E118/><V42/><F65/><W9/><G9/><T80/><D20/><U37/><E37/><V56/><F56/><W110/><G110/><T94/><D94/><U17/><E17/><V51/><F16/><W117/><G117/><T105/><D39/><U77/><E77/><V52/><F76/><W129/><G129/><T107/><D36/><U98/><E98/><V73/><F79/><W18/><G18/><T24/><D105/><U22/><E22/><V38/><F38/><RYUUKYOKU ba="0,0" sc="38,-15,345,15,252,-15,365,15" hai1="41,43,45,48" hai3="7,10,13,74,75,84,85,87,132,135" />
</Scene>
<Scene>
<INIT seed="5,1,0,2,5,75" ten="23,360,237,380" oya="1" hai0="68,71,52,30,9,83,82,29,16,19,14,20,28" hai1="115,89,57,32,79,119,61,60,3,56,95,94,108" hai2="47,78,11,55,50,118,41,85,109,116,49,22,38" hai3="59,10,44,99,23,131,13,125,27,128,39,80,1"/><U72/><E119/><V93/><F109/><W51/><G1/><T63/><D71/><U31/><E3/><V100/><F38/><W106/><G125/><T76/><D68/><U105/><E105/><V46/><F100/><W104/><G39/><T133/><D133/><U81/><E108/><V18/><F11/><W17/><G59/><T2/><D2/><U62/><E115/><V65/><F65/><W5/><G80/><T34/><D34/><U117/><E117/><V92/><F116/><W84/><G84/><T4/><D63/><U6/><E6/><V54/><F41/><N who="3" m="24975" /><G99/><T69/><D69/><U24/><REACH who="1" step="1"/><E95/><REACH who="1" ten="23,350,237,380" step="2"/><V0/><F0/><W37/><G37/><T126/><D126/><U25/><E25/><N who="2" m="14551" /><F118/><W97/><G106/><T77/><D4/><U134/><E134/><V96/><F96/><AGARI ba="1,1" hai="24,31,32,56,57,60,61,62,72,79,81,89,94,96" machi="96" ten="40,3900,0" yaku="1,1,52,1,53,0" doraHai="75" doraHaiUra="70" who="1" fromWho="2" sc="23,0,350,52,237,-42,380,0" />
</Scene>
<Scene>
<INIT seed="5,2,0,0,5,124" ten="23,402,195,380" oya="1" hai0="21,113,29,120,101,46,58,30,122,55,135,104,108" hai1="22,115,86,103,90,93,54,42,127,41,110,131,107" hai2="24,96,117,68,27,16,87,100,85,91,118,132,92" hai3="97,53,71,19,126,61,49,37,15,34,95,82,102"/><U44/><E127/><V8/><F68/><W129/><G37/><T130/><D108/><U78/><E110/><V39/><F39/><W35/><G126/><T88/><D135/><U121/><E121/><N who="0" m="46697" /><D113/><U72/><E115/><V2/><F132/><W52/><G82/><T45/><D101/><U111/><E111/><V134/><F134/><W4/><G4/><T74/><D74/><U109/><E109/><V28/><F87/><W116/><G116/><T98/><D104/><U76/><E54/><V70/><F70/><W13/><G13/><T40/><D21/><U125/><E125/><V73/><F73/><W36/><G36/><N who="0" m="21639" /><D46/><U48/><E41/><V64/><F64/><W9/><G35/><T59/><D55/><U105/><E22/><V6/><F28/><N who="0" m="10858" /><D130/><U1/><E131/><V62/><F27/><W79/><G34/><T112/><D112/><U0/><E105/><V20/><REACH who="2" step="1"/><F62/><REACH who="2" ten="23,402,185,380" step="2"/><W77/><G129/><T12/><D12/><U133/><E133/><V31/><F31/><W26/><G26/><T25/><D25/><U60/><E60/><V89/><F89/><W51/><G71/><T99/><D99/><N who="1" m="61951" /><E76/><V47/><F47/><N who="3" m="27711" /><G61/><T50/><D50/><U11/><E78/><V83/><AGARI ba="2,1" hai="2,6,8,16,20,24,83,85,91,92,96,100,117,118" machi="83" ten="20,5200,0" yaku="1,1,0,1,7,1,54,1,53,0" doraHai="124" doraHaiUra="69" who="2" fromWho="2" sc="23,-15,402,-28,185,68,380,-15" />
</Scene>
<Scene>
<INIT seed="6,0,0,2,4,26" ten="8,374,253,365" oya="2" hai0="34,15,108,122,127,106,24,17,83,14,16,129,68" hai1="94,65,41,64,109,96,6,18,40,58,80,62,88" hai2="121,101,72,33,128,133,78,124,0,131,10,45,110" hai3="49,71,54,95,84,1,25,107,135,93,69,130,61"/><V123/><F110/><W82/><G107/><T115/><D68/><U37/><E109/><V19/><F101/><W42/><G1/><T132/><D106/><U100/><E37/><V52/><F72/><W56/><G130/><N who="2" m="49705" /><F78/><W2/><G2/><T77/><D83/><U76/><E6/><N who="2" m="1351" /><F19/><N who="0" m="7242" /><D77/><U4/><E4/><V44/><F133/><W12/><G135/><T79/><D79/><U90/><E65/><V30/><F45/><N who="3" m="25783" /><G69/><T60/><D60/><U120/><E120/><V21/><F33/><W111/><G111/><T39/><D39/><U46/><E18/><V97/><F97/><W75/><G75/><T13/><D129/><U20/><E96/><V9/><F9/><W113/><G71/><T112/><D108/><U67/><E76/><V66/><F66/><W117/><G117/><T7/><D132/><U23/><E67/><V5/><F5/><W38/><G38/><T91/><D91/><U99/><E90/><V3/><F3/><W29/><G12/><N who="0" m="4715" /><D122/><U50/><E40/><V32/><F123/><W105/><G105/><T85/><D85/><AGARI ba="0,0" hai="20,23,41,46,50,58,62,64,80,85,88,94,99,100" machi="85" ten="40,2600,0" yaku="8,1,54,1" doraHai="26" who="1" fromWho="0" sc="8,-26,374,26,253,0,365,0" owari="-18,-52.0,400,50.0,253,-15.0,365,17.0" />
</Scene>
</mjloggm>