<mjloggm ver="2.3"><GO type="169"/><UN n0="%23%37%34%E5%A4%A7%E6%B2%BB%E9%83%8E" n1="%41%53%41%50%49%4E" n2="%E3%83%99%E3%82%BF%E3%82%AA%E3%83%AA%E3%82%B9%E3%82%AF" n3="%E5%B8%B8%E5%8B%9D%E7%87%95%E8%BB%8D%E5%9B%A3" dan="16,18,16,17" rate="2102,2209,2088,2127" sx="M,M,M,M"/><TAIKYOKU oya="0"/>

<Scene>
<INIT seed="0,0,0,0,0,52" ten="250,250,250,250" oya="0" hai0="41,86,10,123,108,7,19,69,48,115,21,88,76" hai1="113,20,119,129,67,110,6,92,45,133,61,26,82" hai2="131,97,80,84,95,134,30,42,46,106,18,2,50" hai3="90,100,122,64,96,102,38,109,126,17,14,59,5"/><T54/><D123/><U53/><E119/><V87/><F106/><W55/><G122/><T22/><D115/><U16/><E113/><V25/><F2/><W132/><G109/><T34/><D34/><U27/><E110/><V73/><F134/><W98/><G132/><T130/><D108/><U8/><E133/><V89/><F131/><W75/><G126/><T51/><D69/><U99/><E129/><V28/><F73/><W62/><G38/><T3/><D130/><U43/><E82/><V44/><F44/><W40/><G40/><T70/><D70/><U66/><E27/><V56/><F56/><N who="3" m="36935" /><G5/><T60/><D76/><U124/><E124/><V36/><F36/><W57/><G75/><T29/><D29/><N who="2" m="11370" /><F80/><W128/><G128/><T12/><D22/><AGARI ba="0,0" hai="18,22,25,42,46,50,84,87,89,95,97" m="11370" machi="22" ten="30,1000,0" yaku="8,1" doraHai="52" who="2" fromWho="0" sc="250,-10,250,0,250,10,250,0" />
</Scene>
<Scene>
<INIT seed="1,0,0,3,5,114" ten="240,250,260,250" oya="1" hai0="111,11,59,18,85,34,12,10,109,46,123,124,37" hai1="133,60,118,125,38,91,5,80,104,102,113,24,74" hai2="20,84,58,126,55,32,49,70,61,132,108,81,90" hai3="101,93,28,30,127,15,106,122,100,75,105,31,128"/><U67/><E113/><V13/><F32/><W112/><G122/><T63/><D123/><U68/><E38/><V110/><F126/><W86/><G112/><T83/><D34/><U121/><E121/><V57/><F70/><W1/><G1/><T33/><D33/><U44/><E125/><V48/><F132/><W4/><G75/><T92/><D92/><U51/><E133/><V129/><F129/><W41/><G128/><T22/><D124/><U3/><E24/><V40/><F40/><W62/><G127/><T116/><D116/><U29/><E29/><V21/><F49/><W35/><G35/><T50/><D37/><U0/><E5/><V73/><F73/><W94/><G41/><T103/><D103/><U42/><E118/><V95/><F81/><W2/><G2/><T99/><D99/><U71/><E71/><V23/><REACH who="2" step="1"/><F13/><REACH who="2" ten="240,250,250,250" step="2"/><W64/><G15/><T43/><D111/><U134/><E134/><V82/><F82/><W115/><G115/><T96/><D109/><U88/><E0/><V117/><F117/><W7/><G106/><T97/><D10/><U53/><E3/><V69/><F69/><W14/><G105/><T45/><D11/><U77/><REACH who="1" step="1"/><E42/><REACH who="1" ten="240,240,250,250" step="2"/><V131/><F131/><W26/><G4/><T47/><D43/><U130/><E130/><V78/><F78/><W135/><G7/><T72/><D12/><U56/><E56/><V89/><F89/><N who="3" m="53431" /><G14/><T17/><D59/><U19/><E19/><V120/><F120/><W8/><G8/><T36/><D18/><U65/><E65/><AGARI ba="0,2" hai="20,21,23,48,55,57,58,61,65,84,90,95,108,110" machi="65" ten="40,1300,0" yaku="1,1,53,0" doraHai="114" doraHaiUra="6" who="2" fromWho="1" sc="240,0,240,-13,250,33,250,0" />
</Scene>
<Scene>
<INIT seed="2,0,0,3,3,45" ten="240,227,283,250" oya="2" hai0="94,115,131,6,106,82,134,117,65,111,27,102,4" hai1="37,78,47,56,133,98,95,87,25,24,26,30,88" hai2="21,64,121,101,62,19,55,135,125,61,128,92,1" hai3="18,9,122,70,28,109,69,68,5,51,90,36,97"/><V130/><F121/><W93/><G122/><T12/><D117/><U42/><E133/><V91/><F1/><W83/><G109/><T84/><D115/><U73/><E73/><V108/><F135/><W85/><G36/><T74/><D134/><U60/><E78/><V132/><F132/><W129/><G129/><N who="2" m="49769" /><F125/><W3/><G28/><T48/><D131/><U58/><E58/><N who="2" m="35039" /><F101/><W72/><G18/><T41/><D111/><U119/><E119/><V16/><F21/><W105/><G105/><T81/><D65/><U123/><E123/><V23/><F23/><W112/><G72/><T86/><D74/><U54/><REACH who="1" step="1"/><E98/><REACH who="1" ten="240,217,283,250" step="2"/><N who="2" m="57631" /><F108/><W80/><G112/><T14/><D106/><U100/><E100/><V7/><F7/><W76/><G97/><T31/><D102/><U15/><E15/><V0/><F0/><W116/><G116/><T53/><D14/><U13/><E13/><V107/><F107/><W75/><G3/><T29/><D12/><U89/><E89/><V103/><F103/><W32/><G5/><T77/><D6/><U39/><E39/><V34/><F34/><AGARI ba="0,1" hai="24,25,26,30,34,37,42,47,54,56,60,87,88,95" machi="34" ten="30,7700,0" yaku="1,1,7,1,54,1,53,1" doraHai="45" doraHaiUra="38" who="1" fromWho="2" sc="240,0,217,87,283,-77,250,0" />
</Scene>
<Scene>
<INIT seed="3,0,0,4,2,49" ten="240,304,206,250" oya="3" hai0="135,102,32,58,110,6,53,23,64,13,16,118,126" hai1="77,101,96,56,131,79,8,119,7,46,30,26,90" hai2="40,65,98,55,41,68,124,45,91,51,129,36,27" hai3="21,121,12,108,109,82,34,4,47,25,63,2,74"/><W10/><G121/><T38/><D118/><U93/><E119/><V125/><F129/><W1/><G47/><T29/><D38/><U71/><E71/><V9/><F9/><W52/><G74/><T104/><D64/><U111/><E111/><N who="3" m="42570" /><G82/><T37/><D37/><U103/><E131/><V105/><F27/><W76/><G76/><T115/><D110/><U113/><E113/><V33/><F33/><W81/><G81/><T120/><D115/><U19/><E19/><V112/><F112/><W28/><G34/><T75/><D75/><U14/><E46/><V97/><F41/><W117/><G117/><T89/><D120/><U127/><E127/><N who="2" m="48715" /><F105/><W11/><G11/><T70/><D126/><U39/><E39/><V57/><F91/><W94/><G94/><T123/><D123/><U92/><E56/><AGARI ba="0,0" hai="1,2,4,10,12,21,25,28,52,56,63" m="42570" machi="56" ten="30,11600,0" yaku="14,1,10,1,52,1,54,1" doraHai="49" who="3" fromWho="1" sc="240,0,304,-116,206,0,250,116" />
</Scene>
<Scene>
<INIT seed="3,1,0,3,4,51" ten="240,188,206,366" oya="3" hai0="49,69,79,40,15,37,118,70,130,112,85,42,35" hai1="82,62,78,89,68,5,67,114,59,115,91,46,71" hai2="55,127,57,9,50,31,17,34,80,134,94,54,61" hai3="76,84,72,65,102,125,124,53,3,119,18,48,131"/><W133/><G119/><T111/><D118/><U83/><E5/><V93/><F127/><N who="3" m="48715" /><G133/><T87/><D35/><U86/><E46/><V1/><F134/><W30/><G72/><T7/><D112/><U10/><E10/><V105/><F105/><W116/><G131/><T109/><D37/><U98/><E98/><V117/><F117/><W100/><G3/><T121/><D121/><U2/><E2/><V20/><F80/><N who="3" m="47111" /><G30/><T103/><D103/><U122/><E122/><V6/><F31/><W110/><G110/><N who="0" m="41995" /><D130/><U19/><E114/><V41/><F34/><W56/><G116/><T63/><D79/><U33/><E33/><V14/><REACH who="2" step="1"/><F41/><REACH who="2" ten="240,188,196,366" step="2"/><W12/><G65/><T22/><D42/><U36/><E67/><V101/><F101/><W96/><G96/><T95/><D40/><U73/><E115/><V106/><F106/><W0/><G0/><T44/><D95/><U24/><E82/><V25/><F25/><W90/><G90/><T81/><D81/><U27/><E91/><V77/><F77/><W123/><G123/><T88/><D88/><U8/><E89/><V66/><F66/><W13/><G13/><T99/><D15/><U128/><E78/><V23/><F23/><AGARI ba="1,1" hai="12,18,23,48,53,56,100,102" m="47111,48715" machi="23" ten="30,2900,0" yaku="18,1,52,1" doraHai="51" who="3" fromWho="2" sc="240,0,188,0,196,-32,366,42" />
</Scene>
<Scene>
<INIT seed="3,2,0,5,2,38" ten="240,188,164,408" oya="3" hai0="24,55,67,109,75,18,6,104,107,60,13,62,86" hai1="17,116,90,48,35,8,83,120,105,123,117,27,50" hai2="74,25,111,3,68,49,77,115,10,57,98,119,72" hai3="2,100,84,34,110,82,7,131,106,59,64,36,92"/><W31/><G106/><T26/><D75/><U45/><E50/><V44/><F68/><W54/><G36/><T42/><D109/><U108/><E105/><V89/><F115/><W122/><G122/><T28/><D6/><U1/><E108/><V88/><F119/><N who="1" m="45641" /><E1/><V125/><F111/><W97/><G110/><T43/><D86/><N who="1" m="50527" /><E35/><V0/><F125/><W128/><G64/><T127/><D127/><U102/><E102/><V135/><F135/><W47/><G47/><T19/><D67/><U129/><E129/><V4/><F3/><W23/><G34/><T91/><D91/><U40/><E8/><V41/><F77/><W95/><G2/><T126/><D126/><U52/><E52/><V133/><F133/><W71/><G54/><T22/><D55/><U29/><E29/><V14/><F0/><W63/><G31/><T134/><D134/><U76/><E76/><V20/><F57/><W93/><G59/><T96/><D96/><U78/><E78/><V39/><F39/><W94/><G128/><T15/><D28/><U66/><E66/><V81/><F89/><W46/><G71/><T37/><D37/><U32/><E32/><V33/><F33/><W80/><G131/><T79/><D79/><U11/><E11/><V51/><F51/><W132/><G132/><T61/><D61/><U5/><E5/><V30/><REACH who="2" step="1"/><F81/><REACH who="2" ten="240,188,154,408" step="2"/><W87/><G80/><T114/><REACH who="0" step="1"/><D22/><AGARI ba="2,1" hai="17,22,27,40,45,48,120,123" m="50527,45641" machi="22" ten="30,2000,0" yaku="12,1,52,1" doraHai="38" who="1" fromWho="0" sc="240,-26,188,36,154,0,408,0" />
</Scene>
<Scene>
<INIT seed="4,0,0,4,3,1" ten="214,224,154,408" oya="0" hai0="88,60,100,113,56,54,67,53,25,103,106,48,92" hai1="13,21,83,99,86,129,12,122,39,18,69,133,17" hai2="63,89,57,95,70,82,115,76,30,32,87,135,80" hai3="75,90,84,33,74,0,9,73,55,2,35,66,105"/><T79/><D113/><U14/><E122/><V110/><F110/><W61/><G105/><T72/><D106/><U26/><E69/><V102/><F70/><W41/><G55/><T107/><D107/><U109/><E39/><V31/><F115/><W131/><G131/><T116/><D116/><U128/><E109/><V45/><F135/><W118/><G41/><T134/><D134/><U78/><E133/><V68/><F68/><W24/><G118/><T4/><D72/><U124/><E99/><N who="2" m="59775" /><F32/><W111/><G111/><T126/><D126/><U38/><E38/><V19/><F45/><W97/><G97/><T7/><D79/><U81/><E124/><V5/><F5/><N who="0" m="2122" /><D25/><U117/><E117/><V34/><F34/><W6/><G24/><T28/><D28/><N who="2" m="10794" /><F19/><W20/><G2/><T52/><D48/><U127/><E127/><V40/><F40/><W36/><G36/><T51/><D51/><U15/><REACH who="1" step="1"/><E81/><REACH who="1" ten="214,214,154,408" step="2"/><N who="2" m="49391" /><F76/><W85/><G0/><T114/><D114/><U22/><AGARI ba="0,1" hai="12,13,14,15,17,18,21,22,26,78,83,86,128,129" machi="22" ten="30,2000,0" yaku="1,1,0,1,53,0" doraHai="1" doraHaiUra="93" who="1" fromWho="1" sc="214,-10,214,30,154,-5,408,-5" />
</Scene>
<Scene>
<INIT seed="5,0,0,1,3,37" ten="204,244,149,403" oya="1" hai0="93,31,117,26,11,5,23,100,57,131,127,99,94" hai1="85,73,18,6,125,64,25,135,61,118,59,7,84" hai2="9,128,50,87,111,105,4,80,103,33,24,30,51" hai3="92,15,104,130,121,108,95,29,126,46,58,113,42"/><U122/><E118/><V133/><F111/><W70/><G108/><T124/><D117/><U55/><E122/><V22/><F133/><W129/><G70/><T68/><D68/><U66/><E73/><V39/><F39/><W106/><G121/><T12/><D131/><N who="3" m="50185" /><G113/><T16/><D57/><U76/><E135/><V62/><F128/><W134/><G126/><T19/><REACH who="0" step="1"/><D94/><REACH who="0" ten="194,244,149,403" step="2"/><U86/><E125/><AGARI ba="0,1" hai="5,11,12,16,19,23,26,31,93,99,100,124,125,127" machi="125" ten="40,8000,1" yaku="1,1,2,1,18,1,54,1,53,0" doraHai="37" doraHaiUra="49" who="0" fromWho="1" sc="194,90,244,-80,149,0,403,0" />
</Scene>
<Scene>
<INIT seed="6,0,0,1,4,15" ten="284,164,149,403" oya="2" hai0="9,95,116,36,23,125,118,106,5,94,53,81,101" hai1="123,37,17,33,56,66,4,38,57,124,68,35,48" hai2="0,24,74,112,117,2,121,126,22,44,87,26,46" hai3="6,109,20,69,80,12,21,103,128,40,25,11,28"/><V91/><F117/><N who="0" m="45162" /><D36/><U120/><E124/><V52/><F121/><N who="1" m="46665" /><E4/><V84/><F74/><W60/><G128/><T133/><D125/><U82/><E82/><V79/><F126/><W115/><G109/><T55/><D133/><U51/><E17/><V10/><F112/><W108/><G40/><T58/><D81/><U43/><E68/><V64/><F64/><W113/><G108/><T32/><D32/><N who="1" m="12363" /><E66/><V59/><F2/><W34/><G80/><T88/><D23/><U96/><E96/><V75/><F75/><W97/><G115/><T50/><D55/><N who="1" m="31847" /><E57/><V41/><F79/><W90/><G113/><T135/><D135/><U27/><E27/><V61/><F24/><W129/><G129/><T7/><D7/><U47/><AGARI ba="0,0" hai="37,38,43,47,51" m="31847,12363,46665" machi="47" ten="40,1500,0" yaku="13,1" doraHai="15" who="1" fromWho="1" sc="284,-4,164,15,149,-7,403,-4" />
</Scene>
<Scene>
<INIT seed="7,0,0,2,4,55" ten="280,179,142,399" oya="3" hai0="130,124,69,15,123,115,40,26,19,134,23,107,11" hai1="120,49,33,28,111,10,34,75,117,133,56,38,13" hai2="85,45,2,87,82,16,74,131,51,68,17,76,64" hai3="128,63,121,126,89,1,12,0,27,66,119,110,127"/><W14/><G119/><T47/><D107/><U53/><E111/><V48/><F2/><W95/><G110/><T44/><D69/><U70/><E120/><V30/><F131/><W71/><G121/><T46/><D123/><U31/><E70/><V43/><F30/><W36/><G36/><T24/><D130/><U54/><E75/><V79/><F51/><W125/><G27/><T41/><D124/><U81/><E38/><V21/><F79/><W3/><G128/><T101/><D101/><U92/><E81/><V62/><REACH who="2" step="1"/><F17/><REACH who="2" ten="280,179,132,399" step="2"/><W122/><G122/><T83/><D19/><N who="1" m="8631" /><E117/><V108/><F108/><W6/><G6/><T106/><D115/><U65/><E34/><V73/><F73/><W8/><G8/><T77/><D11/><U84/><E33/><V20/><F20/><W99/><AGARI ba="0,1" hai="0,1,3,12,14,63,66,71,89,95,99,125,126,127" machi="99" ten="40,3900,0" yaku="0,1,18,1" doraHai="55" who="3" fromWho="3" sc="280,-13,179,-13,132,-13,399,49" owari="267,7.0,166,-23.0,119,-38.0,448,54.0" />
</Scene>
</mjloggm>