<mjloggm ver="2.3"><GO type="169" lobby="0"/><UN n0="%E3%83%AD%E3%83%AA%E3%83%BC%E3%82%BF%E3%81%AA%E7%84%BC%E8%82%89" n1="%41%53%41%50%49%4E" n2="%E3%82%A2%E3%83%8B%E3%82%AA%E3%83%B3" n3="%E3%81%A0%E3%83%BC%E3%81%8F%E3%81%88%E3%82%8B%E3%81%B5" dan="17,19,17,16" rate="2122,2220,2144,2051" sx="M,M,F,F"/><TAIKYOKU oya="0"/>

<Scene>
<INIT seed="0,0,0,5,2,115" ten="250,250,250,250" oya="0" hai0="104,38,83,16,42,79,125,129,120,102,132,128,59" hai1="119,94,117,84,87,40,135,39,123,105,78,21,74" hai2="22,68,43,47,122,2,70,88,1,133,97,46,96" hai3="65,44,89,75,108,92,25,4,31,134,127,66,98"/><T99/><D120/><U126/><E123/><V116/><F116/><N who="1" m="44617" /><E21/><V20/><F43/><W33/><G108/><T54/><D125/><U34/><E34/><V5/><F5/><W14/><G134/><T19/><D132/><U56/><E56/><V49/><F49/><W69/><G127/><T30/><D30/><U64/><E64/><V50/><F122/><W124/><G124/><T37/><D42/><U13/><E13/><V113/><F50/><W6/><G75/><T55/><D38/><U17/><E17/><V118/><F118/><W36/><G66/><T52/><D37/><U130/><E40/><V67/><F133/><W3/><G3/><T18/><REACH who="0" step="1"/><D59/><REACH who="0" ten="240,250,250,250" step="2"/><U48/><E39/><V77/><F113/><W90/><G36/><T111/><D111/><U95/><E135/><V72/><F46/><W103/><G44/><T91/><D91/><U32/><E126/><V101/><F88/><W62/><G90/><T93/><D93/><U60/><E95/><V24/><F47/><W100/><G89/><T53/><N who="0" m="13312" /><DORA hai="82" /><T131/><D131/><U109/><E94/><V0/><F70/><W23/><G92/><T7/><D7/><U9/><E109/><V8/><F68/><W112/><G4/><T28/><D28/><U86/><E48/><V71/><F71/><W35/><G6/><T57/><D57/><U106/><E106/><V26/><F77/><W85/><G69/><T121/><D121/><U27/><E105/><V15/><F67/><W41/><G41/><T114/><D114/><U45/><E78/><V73/><F101/><W11/><G103/><RYUUKYOKU ba="0,1" sc="240,30,250,-10,250,-10,250,-10" hai0="16,18,19,79,83,99,102,104,128,129" />
</Scene>
<Scene>
<INIT seed="0,1,1,1,0,96" ten="270,240,240,240" oya="0" hai0="13,111,99,24,93,59,126,52,101,44,95,35,97" hai1="132,62,125,131,21,85,135,19,103,23,15,118,0" hai2="107,92,31,30,5,80,18,53,45,3,104,63,11" hai3="82,114,94,12,134,43,49,115,37,40,106,100,64"/><T39/><D126/><U8/><E118/><V121/><F121/><W116/><G116/><T130/><D130/><U33/><E33/><V113/><F113/><W6/><G37/><T90/><D111/><U108/><E108/><V69/><F80/><W9/><G106/><T68/><D68/><U20/><E131/><V10/><F10/><W84/><G134/><N who="1" m="51242" /><E125/><V51/><F18/><W46/><G64/><T77/><D77/><U56/><E85/><V98/><F107/><W79/><REACH who="3" step="1"/><G43/><REACH who="3" ten="270,240,240,230" step="2"/><T78/><D78/><U42/><E42/><V61/><F104/><W74/><G74/><T1/><D1/><U7/><E103/><V109/><F109/><W105/><G105/><T73/><D73/><U122/><E122/><V28/><REACH who="2" step="1"/><F69/><REACH who="2" ten="270,240,230,230" step="2"/><W133/><G133/><T57/><D39/><U17/><E0/><V86/><F86/><W89/><G89/><AGARI ba="1,3" hai="3,5,11,28,30,31,45,51,53,61,63,89,92,98" machi="89" ten="40,1300,0" yaku="1,1,53,0" doraHai="96" doraHaiUra="55" who="2" fromWho="3" sc="270,0,240,0,230,46,230,-16" />
</Scene>
<Scene>
<INIT seed="1,0,0,1,1,13" ten="270,240,276,214" oya="1" hai0="49,111,39,38,74,128,23,51,58,122,27,46,7" hai1="127,82,34,100,105,62,6,25,102,131,53,43,12" hai2="115,88,68,89,18,97,81,123,79,45,36,16,86" hai3="2,14,66,57,50,87,98,55,67,133,71,135,1"/><U47/><E105/><V95/><F123/><W0/><G98/><T41/><D74/><U108/><E131/><V92/><F68/><W10/><G87/><T78/><D128/><U116/><E116/><V117/><F117/><W121/><G121/><T124/><D111/><U31/><E127/><V48/><F36/><W15/><G15/><T113/><D124/><U93/><E108/><V56/><F56/><W84/><G84/><T69/><D122/><U5/><E82/><V54/><F115/><W75/><G75/><AGARI ba="0,0" hai="16,18,45,48,54,75,79,81,86,88,89,92,95,97" machi="75" ten="30,8000,1" yaku="7,1,52,2,54,2" doraHai="13" who="2" fromWho="3" sc="270,0,240,0,276,80,214,-80" />
</Scene>
<Scene>
<INIT seed="2,0,0,3,5,7" ten="270,240,356,134" oya="2" hai0="16,59,75,84,53,35,109,78,82,80,38,63,106" hai1="100,39,55,69,127,96,116,19,10,22,67,23,72" hai2="2,125,58,110,14,113,135,54,30,65,15,85,34" hai3="129,118,8,123,86,47,76,87,27,45,94,93,115"/><V62/><F2/><W119/><G123/><T46/><D35/><U51/><E116/><N who="3" m="44586" /><G129/><T66/><D106/><U42/><E127/><V56/><F125/><W61/><G61/><T24/><D109/><U112/><E72/><V40/><F113/><W124/><G115/><T132/><D132/><U43/><E112/><V120/><F120/><W13/><G124/><T122/><D122/><U104/><E39/><V83/><F110/><W36/><G36/><T64/><D38/><U99/><E99/><V5/><F135/><W74/><G27/><T50/><D24/><U18/><E67/><V134/><F134/><W41/><G74/><T111/><D111/><U79/><E79/><V0/><F40/><W90/><G90/><T37/><D37/><U114/><E69/><V131/><F131/><W70/><G70/><T68/><D16/><U17/><E114/><V48/><F34/><W102/><G102/><T12/><D12/><U81/><E81/><V98/><F30/><W95/><G76/><T21/><D21/><U101/><E101/><V29/><F29/><W9/><G13/><T88/><REACH who="0" step="1"/><D68/><REACH who="0" ten="260,240,356,134" step="2"/><U130/><E130/><V32/><F32/><W108/><G108/><T52/><AGARI ba="0,1" hai="46,50,52,53,59,63,64,66,75,78,80,82,84,88" machi="52" ten="20,12000,2" yaku="1,1,2,1,0,1,7,1,54,2,53,0" doraHai="7" doraHaiUra="20" who="0" fromWho="0" sc="260,130,240,-30,356,-60,134,-30" />
</Scene>
<Scene>
<INIT seed="3,0,0,1,5,16" ten="390,210,296,104" oya="3" hai0="109,12,66,9,41,26,112,48,135,10,45,101,117" hai1="40,59,34,62,14,118,33,113,84,46,42,103,105" hai2="104,93,98,89,5,64,123,52,63,8,94,128,87" hai3="44,80,134,132,61,18,102,85,72,83,37,111,133"/><W70/><G102/><T28/><D117/><U25/><E118/><V120/><F104/><W79/><G111/><T110/><D135/><N who="3" m="34561" /><W2/><DORA hai="131" /><G2/><T67/><D112/><U92/><E113/><V124/><F128/><W55/><G37/><T73/><D73/><U81/><E105/><V1/><F124/><W11/><G70/><T65/><D101/><U126/><E126/><V122/><F122/><W125/><G125/><T53/><D41/><U35/><E46/><V50/><F64/><W96/><G96/><T116/><D116/><U99/><E14/><V54/><F63/><W17/><G11/><T76/><D76/><U29/><E81/><V71/><F71/><W20/><G44/><T60/><D60/><U108/><E84/><V47/><F54/><W91/><G20/><T57/><D45/><U90/><E90/><V38/><REACH who="2" step="1"/><F38/><REACH who="2" ten="390,210,286,104" step="2"/><W21/><G55/><T23/><REACH who="0" step="1"/><D9/><REACH who="0" ten="380,210,286,104" step="2"/><U75/><E108/><V82/><F82/><W68/><G61/><T19/><AGARI ba="0,2" hai="10,12,19,23,26,28,48,53,57,65,66,67,109,110" machi="19" ten="30,8000,1" yaku="1,1,2,1,0,1,52,1,53,1" doraHai="16,131" doraHaiUra="97,7" who="0" fromWho="0" sc="380,100,210,-20,286,-20,104,-40" />
</Scene>
<Scene>
<INIT seed="4,0,0,2,3,21" ten="480,190,266,64" oya="0" hai0="101,72,35,63,67,120,55,53,100,19,107,65,59" hai1="49,29,42,86,126,81,75,106,3,12,131,95,1" hai2="27,135,48,132,28,25,119,121,108,98,54,11,5" hai3="2,124,32,111,76,57,88,78,40,117,122,58,51"/><T37/><D35/><U104/><E131/><V77/><F121/><W96/><G111/><T130/><D72/><U10/><E126/><V112/><F108/><W0/><G117/><T33/><D33/><U6/><E75/><V129/><F119/><W125/><G122/><T24/><D37/><U26/><E95/><V116/><F116/><W60/><G40/><T80/><D120/><U20/><E104/><V99/><F112/><W82/><G32/><T39/><D39/><U90/><REACH who="1" step="1"/><E106/><REACH who="1" ten="480,180,266,64" step="2"/><V47/><F129/><W113/><G125/><T9/><D107/><U34/><E34/><V103/><F77/><W13/><G124/><T85/><D130/><U123/><E123/><V128/><F128/><W23/><G113/><T83/><D83/><U118/><E118/><V38/><F99/><W79/><G78/><T62/><D80/><U74/><E74/><V84/><F98/><W105/><G79/><T14/><D85/><U92/><E92/><V87/><F84/><W41/><G105/><T52/><D100/><U16/><E16/><V17/><F87/><W114/><G114/><T66/><D101/><U61/><E61/><V110/><F103/><W64/><G76/><T8/><D62/><U133/><E133/><V94/><F94/><W15/><G82/><T46/><D63/><U71/><E71/><V93/><F110/><W115/><G96/><T30/><D59/><U70/><E70/><V97/><F93/><W91/><G115/><T45/><D19/><U73/><E73/><V127/><F97/><W7/><G58/><T50/><D46/><AGARI ba="0,1" hai="1,3,6,10,12,20,26,29,42,46,49,81,86,90" machi="46" ten="40,2600,0" yaku="1,1,52,1,53,0" doraHai="21" doraHaiUra="68" who="1" fromWho="0" sc="480,-26,180,36,266,0,64,0" />
</Scene>
<Scene>
<INIT seed="5,0,0,4,0,1" ten="454,216,266,64" oya="1" hai0="92,133,5,96,0,52,73,118,102,117,43,75,124" hai1="10,130,4,85,7,95,115,103,20,72,86,64,63" hai2="71,101,66,39,87,135,100,23,2,125,116,35,22" hai3="94,74,50,17,123,111,112,108,60,105,46,119,26"/><U62/><E72/><V41/><F35/><W21/><G105/><T47/><D52/><U14/><E115/><V44/><F2/><W99/><G112/><T93/><D93/><U114/><E114/><V18/><F116/><W107/><G123/><T97/><D97/><N who="1" m="59839" /><E130/><V67/><F125/><W91/><G119/><T19/><D92/><U120/><E120/><V16/><F135/><W83/><G107/><T3/><D96/><U40/><E40/><V45/><F71/><W37/><G37/><T81/><D43/><U15/><E20/><V49/><F87/><N who="1" m="33289" /><E64/><V54/><F67/><W132/><G132/><T30/><D0/><U104/><E104/><V84/><F84/><W25/><G74/><T56/><D3/><U61/><E15/><V68/><F66/><W109/><G83/><T51/><D81/><U11/><E11/><V55/><F68/><W70/><G70/><T78/><D75/><U31/><E31/><V59/><F18/><AGARI ba="0,0" hai="4,7,10,14,18,61,62,63" m="33289,59839" machi="18" ten="30,5800,0" yaku="8,1,52,2" doraHai="1" who="1" fromWho="2" sc="454,0,216,58,266,-58,64,0" />
</Scene>
<Scene>
<INIT seed="5,1,0,4,5,107" ten="454,274,208,64" oya="1" hai0="37,96,84,97,121,9,2,55,47,57,91,118,110" hai1="123,52,70,99,26,41,3,100,10,44,114,73,65" hai2="23,30,133,63,89,0,5,125,24,54,81,4,130" hai3="132,104,124,11,43,38,42,28,122,77,58,25,74"/><U75/><E123/><V27/><F125/><W131/><G122/><T76/><D76/><U13/><E114/><V87/><F133/><W88/><G124/><T115/><D110/><U93/><E3/><V117/><F117/><W34/><G132/><T108/><D108/><U120/><E120/><V82/><F130/><W129/><G104/><T56/><D118/><U119/><E119/><V64/><F0/><W14/><G58/><T101/><D57/><U128/><E128/><N who="3" m="49226" /><G38/><T45/><D56/><U68/><E52/><V102/><F102/><W6/><G88/><T111/><D55/><U50/><E26/><V135/><F135/><W78/><G78/><T29/><D37/><U18/><REACH who="1" step="1"/><E70/><REACH who="1" ten="454,264,208,64" step="2"/><V17/><F54/><W19/><G43/><T53/><D53/><U98/><E98/><V59/><REACH who="2" step="1"/><F82/><REACH who="2" ten="454,264,198,64" step="2"/><N who="3" m="45367" /><G42/><T127/><D121/><U83/><E83/><V86/><F86/><W20/><G34/><AGARI ba="1,2" hai="4,5,17,23,24,27,30,34,59,63,64,81,87,89" machi="34" ten="30,2000,0" yaku="1,1,7,1,53,0" doraHai="107" doraHaiUra="106" who="2" fromWho="3" sc="454,0,264,0,198,43,64,-23" />
</Scene>
<Scene>
<INIT seed="6,0,0,5,2,27" ten="454,264,241,41" oya="2" hai0="10,58,37,77,46,39,55,131,8,121,130,30,23" hai1="11,101,63,26,4,51,115,69,79,125,74,15,44" hai2="81,25,83,97,12,111,34,48,108,124,132,35,93" hai3="104,128,22,135,82,94,59,41,67,1,62,122,72"/><V38/><F38/><W56/><G122/><T127/><D121/><U123/><E123/><V49/><F124/><W109/><G109/><N who="2" m="42057" /><F132/><W54/><G104/><T18/><D127/><U2/><E125/><V76/><F12/><W36/><G128/><N who="0" m="49195" /><D30/><U3/><E115/><V32/><F25/><W105/><G135/><T43/><D77/><U73/><E26/><V88/><F81/><W113/><G105/><T120/><D39/><U133/><E133/><V24/><F24/><W119/><G119/><T71/><D71/><U42/><E3/><V99/><F99/><W96/><G113/><T70/><D70/><U80/><E2/><V90/><F90/><W98/><G1/><T87/><D87/><AGARI ba="0,0" hai="32,34,35,48,49,76,83,87,88,93,97" m="42057" machi="87" ten="40,3900,0" yaku="10,1,54,1" doraHai="27" who="2" fromWho="0" sc="454,-39,264,0,241,39,41,0" />
</Scene>
<Scene>
<INIT seed="6,1,0,4,5,13" ten="415,264,280,41" oya="2" hai0="87,83,129,4,46,109,16,22,76,32,53,70,55" hai1="51,84,96,20,124,11,99,58,29,2,90,35,26" hai2="125,44,117,134,98,40,123,27,122,107,34,39,135" hai3="28,68,17,72,132,56,71,60,8,112,119,24,33"/><V105/><F117/><W130/><G119/><T82/><D70/><U31/><E124/><V50/><F125/><W65/><G130/><T127/><D32/><U12/><E2/><V9/><F9/><W38/><G132/><N who="2" m="50729" /><F50/><W64/><G38/><T114/><D127/><U47/><E31/><N who="2" m="19839" /><F98/><W19/><G112/><T121/><D114/><U79/><E79/><V111/><F111/><W57/><G72/><T21/><D109/><U95/><E58/><V92/><F92/><W67/><G8/><T62/><D76/><U15/><E15/><V81/><F81/><W115/><G115/><T77/><D83/><U97/><E35/><V3/><F3/><W23/><G33/><T91/><D82/><U41/><E99/><V113/><F113/><W89/><G89/><T85/><D91/><U5/><AGARI ba="1,0" hai="5,11,12,20,26,29,41,47,51,84,90,95,96,97" machi="5" ten="20,2700,0" yaku="0,1,7,1,8,1" doraHai="13" who="1" fromWho="1" sc="415,-8,264,30,280,-14,41,-8" />
</Scene>
<Scene>
<INIT seed="7,0,0,4,0,66" ten="407,294,266,33" oya="3" hai0="9,123,64,122,58,101,1,126,115,113,87,124,82" hai1="130,20,71,92,89,121,83,94,53,74,15,79,29" hai2="95,32,3,57,8,63,99,80,86,56,61,68,35" hai3="25,34,47,7,133,13,14,27,37,51,30,96,78"/><W41/><G133/><T119/><D101/><U59/><E121/><N who="0" m="46089" /><D119/><U67/><E130/><V127/><F127/><N who="0" m="48682" /><D64/><U23/><E71/><V40/><F40/><W12/><G27/><T36/><D58/><U73/><E67/><V85/><F8/><W118/><G118/><T21/><D21/><U75/><E92/><V11/><F11/><W39/><G7/><N who="0" m="1263" /><D36/><U6/><E23/><V65/><F3/><W24/><G24/><T105/><D105/><U134/><E134/><V129/><F129/><W46/><G46/><T31/><D31/><U43/><E43/><V125/><F125/><W98/><REACH who="3" step="1"/><G78/><AGARI ba="0,0" hai="78,82,87,113,115" m="1263,48682,46089" machi="78" ten="40,1300,0" yaku="18,1" doraHai="66" who="0" fromWho="3" sc="407,13,294,0,266,0,33,-13" owari="420,52.0,294,9.0,266,-13.0,20,-48.0" />
</Scene>
</mjloggm>