<mjloggm ver="2.3"><GO type="169"/><UN n0="%E6%98%93%E5%88%A9%E8%96%A9%E4%BC%AF" n1="%49%47%41" n2="%41%53%41%50%49%4E" n3="%E6%9C%88%E9%95%B7%E7%9F%B3" dan="16,16,18,16" rate="2056,2130,2169,2124" sx="F,M,M,M"/><TAIKYOKU oya="0"/>

<Scene>
<INIT seed="0,0,0,0,2,87" ten="250,250,250,250" oya="0" hai0="102,1,114,121,6,56,76,17,34,120,86,109,50" hai1="42,44,65,103,77,94,37,52,122,133,82,47,38" hai2="124,45,83,18,98,97,0,74,106,27,41,117,92" hai3="49,51,132,13,19,73,33,9,72,88,59,2,84"/><T8/><D114/><U104/><E122/><V129/><F0/><W58/><G33/><T28/><D102/><U16/><E133/><V134/><F134/><W31/><G132/><T91/><D76/><U22/><E104/><V46/><F129/><W61/><G31/><T118/><D118/><U105/><E105/><V5/><F117/><W54/><G2/><T69/><D69/><U23/><E65/><V32/><F5/><W71/><G71/><T3/><D3/><U123/><E123/><V93/><F124/><W115/><G115/><T70/><D70/><U135/><E135/><V111/><F111/><W67/><REACH who="3" step="1"/><G49/><REACH who="3" ten="250,250,250,240" step="2"/><T62/><D28/><U57/><E38/><V63/><F32/><W95/><AGARI ba="0,1" hai="9,13,19,51,54,58,59,61,67,72,73,84,88,95" machi="95" ten="20,12000,2" yaku="1,1,2,1,0,1,7,1,52,1,54,1,53,0" doraHai="87" doraHaiUra="36" who="3" fromWho="3" sc="250,-60,250,-30,250,-30,240,130" />
</Scene>
<Scene>
<INIT seed="1,0,0,4,4,43" ten="190,220,220,370" oya="1" hai0="52,42,8,4,7,55,78,53,86,102,101,11,82" hai1="73,120,33,12,38,111,98,70,24,56,20,36,87" hai2="69,125,109,10,63,113,30,64,127,19,65,47,28" hai3="135,23,123,45,13,121,95,85,54,29,27,117,18"/><U103/><E70/><V34/><F109/><W44/><G135/><T107/><D107/><U105/><E73/><V31/><F113/><W83/><G95/><T132/><D132/><U5/><E120/><V80/><F65/><W96/><G96/><T71/><D71/><U41/><E33/><V110/><F110/><W9/><G117/><T91/><D78/><U81/><E41/><V115/><F115/><W60/><G123/><T97/><D42/><U0/><E0/><V67/><F67/><W122/><G122/><T62/><D62/><U1/><E56/><V35/><F80/><W72/><G72/><T133/><D133/><U112/><E1/><V51/><F19/><W49/><G60/><T21/><D21/><U59/><E59/><V131/><F10/><N who="0" m="3626" /><D97/><U134/><E134/><V66/><F131/><W68/><G68/><T119/><D119/><U108/><E112/><V100/><F100/><AGARI ba="0,0" hai="4,7,52,53,55,82,86,91,100,101,102" m="3626" machi="100" ten="30,2000,0" yaku="8,1,54,1" doraHai="43" who="0" fromWho="2" sc="190,20,220,0,220,-20,370,0" />
</Scene>
<Scene>
<INIT seed="2,0,0,2,4,64" ten="210,220,200,370" oya="2" hai0="49,46,124,26,2,97,25,106,84,30,65,67,88" hai1="0,62,129,39,91,55,105,42,41,98,112,95,120" hai2="134,52,14,122,82,86,35,47,3,73,125,36,13" hai3="44,93,24,43,70,28,45,87,21,109,132,22,12"/><V74/><F122/><W116/><G116/><T75/><D75/><U101/><E112/><V94/><F35/><W51/><G132/><T111/><D2/><U103/><E0/><V56/><F3/><W89/><G70/><T11/><D124/><U29/><E129/><V33/><F33/><W104/><G104/><T100/><D111/><U118/><E118/><V61/><F134/><W6/><G109/><T126/><D11/><U57/><E120/><V71/><F125/><W127/><G127/><T90/><D90/><U110/><E110/><V80/><F94/><W63/><G63/><T117/><D117/><U135/><E135/><V38/><F71/><W128/><G128/><T17/><D17/><U58/><E29/><V50/><F73/><W72/><G72/><T79/><D79/><U53/><E39/><V83/><F74/><W7/><G45/><T107/><D107/><U9/><E9/><V40/><REACH who="2" step="1"/><F86/><REACH who="2" ten="210,220,190,370" step="2"/><W69/><G69/><T114/><D126/><U20/><E105/><V123/><F123/><W34/><G34/><T121/><D121/><U85/><E85/><V102/><F102/><W18/><AGARI ba="0,1" hai="6,7,12,18,21,22,24,28,43,44,51,87,89,93" machi="18" ten="30,2000,0" yaku="0,1,8,1" doraHai="64" who="3" fromWho="3" sc="210,-5,220,-5,190,-10,370,30" />
</Scene>
<Scene>
<INIT seed="3,0,0,1,4,101" ten="205,215,180,400" oya="3" hai0="27,85,100,68,10,93,134,30,52,108,99,131,11" hai1="28,0,41,106,66,19,103,3,75,56,4,15,35" hai2="81,6,83,58,118,78,38,16,105,116,44,125,46" hai3="43,111,71,97,110,47,86,133,87,69,29,31,12"/><W1/><G1/><T73/><D73/><U102/><E75/><V13/><F125/><W55/><G55/><T40/><D68/><U127/><E127/><V89/><F105/><W123/><G123/><T90/><D134/><U129/><E129/><V122/><F122/><W14/><G133/><T39/><D131/><U117/><E41/><V124/><F124/><W88/><G97/><T79/><D79/><U2/><E4/><V121/><F121/><W26/><G71/><T23/><D108/><N who="3" m="41513" /><G69/><T49/><D39/><U51/><E106/><V24/><F6/><W36/><G86/><T67/><D40/><U33/><E117/><V37/><F24/><W112/><G112/><T135/><D67/><U48/><E48/><V63/><F116/><W77/><G77/><T62/><D62/><U128/><E128/><V76/><F118/><W5/><G5/><T115/><D115/><U74/><E74/><V42/><F89/><W65/><G65/><T25/><D25/><U9/><E28/><N who="3" m="10826" /><G26/><T60/><D60/><U22/><E66/><V114/><F114/><W21/><G21/><T92/><REACH who="0" step="1"/><D135/><REACH who="0" ten="195,215,180,400" step="2"/><U7/><E33/><V104/><F76/><W132/><G132/><T64/><D64/><U96/><E35/><V61/><F78/><W113/><G113/><T45/><AGARI ba="0,1" hai="10,11,23,27,30,45,49,52,85,90,92,93,99,100" machi="45" ten="20,8000,1" yaku="1,1,0,1,7,1,8,1,54,1,53,0" doraHai="101" doraHaiUra="8" who="0" fromWho="0" sc="195,90,215,-20,180,-20,400,-40" />
</Scene>
<Scene>
<INIT seed="4,0,0,0,5,49" ten="285,195,160,360" oya="0" hai0="19,76,22,103,102,78,125,94,135,60,35,62,84" hai1="81,134,34,21,9,85,13,126,89,133,132,15,1" hai2="92,25,129,14,90,31,54,112,106,67,64,61,16" hai3="131,114,68,33,36,58,98,47,17,80,111,122,104"/><T117/><D117/><U75/><E34/><V70/><F106/><W86/><G17/><T4/><D35/><U99/><E126/><V107/><F107/><W12/><G12/><T97/><D125/><U93/><E75/><V56/><F112/><W45/><G58/><T18/><D4/><N who="1" m="1167" /><E21/><N who="2" m="15791" /><F70/><W87/><G98/><T41/><D103/><AGARI ba="0,0" hai="13,15,81,85,89,93,99,103,132,133,134" m="1167" machi="103" ten="30,1000,0" yaku="20,1" doraHai="49" who="1" fromWho="0" sc="285,-10,195,10,160,0,360,0" />
</Scene>
<Scene>
<INIT seed="5,0,0,4,4,85" ten="275,205,160,360" oya="1" hai0="120,9,33,22,5,23,67,98,115,100,84,116,95" hai1="97,42,132,123,1,74,124,56,86,108,50,133,66" hai2="90,32,102,68,47,117,96,109,106,71,39,65,21" hai3="27,60,128,34,15,99,37,14,20,107,112,83,119"/><U43/><E123/><V131/><F109/><W135/><G34/><T121/><D33/><U93/><E74/><V12/><F117/><W63/><G37/><T70/><D116/><U82/><E1/><V61/><F131/><W3/><G3/><T8/><D115/><U127/><E108/><V59/><F32/><W88/><G112/><T18/><D22/><U87/><E66/><V76/><F76/><W113/><G113/><T129/><D129/><U28/><E28/><V110/><F110/><W80/><G135/><N who="1" m="51786" /><E56/><V89/><F39/><W114/><G15/><T118/><D67/><U44/><E42/><V10/><F21/><W6/><G60/><T19/><D70/><U46/><E46/><V0/><F0/><W105/><G83/><T36/><D118/><U72/><E72/><V101/><F101/><W4/><G63/><T64/><D64/><U24/><E24/><V48/><F71/><W25/><G27/><T38/><D38/><U11/><E11/><V134/><F68/><W58/><G25/><T29/><D36/><U111/><E111/><V81/><F81/><W122/><G58/><T13/><D9/><U2/><E2/><V52/><F134/><W73/><G128/><T103/><D29/><U45/><E45/><V53/><F65/><W62/><G73/><T126/><D8/><U77/><E87/><V54/><F54/><W91/><G122/><T69/><D69/><U30/><E30/><V55/><F55/><W51/><G119/><T17/><D84/><U26/><E26/><V40/><F53/><W104/><G114/><T94/><D121/><RYUUKYOKU ba="0,0" sc="275,-15,205,15,160,15,360,-15" hai1="43,44,50,77,82,86,93,97,124,127" hai2="10,12,40,47,48,52,59,61,89,90,96,102,106" />
</Scene>
<Scene>
<INIT seed="5,1,0,0,5,96" ten="260,220,175,345" oya="1" hai0="25,35,77,24,61,111,124,11,135,85,78,98,108" hai1="17,23,50,19,107,118,49,117,128,63,20,10,82" hai2="7,74,71,41,5,13,73,126,0,93,116,9,89" hai3="51,4,70,3,68,86,48,1,102,80,69,81,52"/><U14/><E107/><V100/><F116/><W16/><G102/><T72/><D72/><U110/><E128/><V27/><F71/><W60/><G60/><T94/><D61/><U92/><E110/><V112/><F126/><W32/><G32/><T67/><D67/><U53/><E82/><V55/><F112/><W90/><G48/><T123/><D35/><U106/><E106/><V76/><F41/><W28/><G28/><T40/><D40/><U122/><E122/><V105/><F76/><W15/><G4/><T58/><D58/><N who="1" m="35279" /><E117/><V91/><F55/><W8/><REACH who="3" step="1"/><G80/><REACH who="3" ten="260,220,175,335" step="2"/><T43/><D111/><U119/><E119/><V62/><F62/><W26/><G26/><T130/><D108/><U39/><E118/><V31/><F7/><W21/><G21/><T87/><D24/><N who="1" m="14351" /><E39/><V66/><F105/><W12/><G12/><T99/><D25/><N who="1" m="14591" /><E92/><V120/><F13/><W109/><G109/><T131/><D94/><U132/><E132/><V134/><F134/><W59/><AGARI ba="1,1" hai="1,3,8,15,16,51,52,59,68,69,70,81,86,90" machi="59" ten="30,7900,0" yaku="1,1,0,1,54,2,53,0" doraHai="96" doraHaiUra="75" who="3" fromWho="3" sc="260,-21,220,-40,175,-21,335,92" />
</Scene>
<Scene>
<INIT seed="6,0,0,1,0,57" ten="239,180,154,427" oya="2" hai0="36,31,127,11,104,22,46,27,134,19,131,68,80" hai1="99,4,77,40,74,95,33,26,5,96,53,83,30" hai2="16,114,98,23,90,13,82,86,111,3,18,8,112" hai3="85,106,17,70,67,97,93,101,56,35,100,130,54"/><V14/><F111/><W69/><G35/><T49/><D36/><U128/><E128/><V6/><REACH who="2" step="1"/><F98/><REACH who="2" ten="239,180,144,427" step="2"/><W109/><G130/><T119/><D131/><U122/><E99/><V39/><F39/><W63/><G109/><T55/><D119/><U124/><E122/><V81/><F81/><W129/><G129/><T65/><D80/><U12/><E124/><V103/><F103/><W24/><G101/><T71/><D127/><U123/><E123/><V43/><F43/><W117/><G117/><T15/><D134/><U115/><E40/><V44/><F44/><W25/><G100/><T133/><D133/><U118/><E118/><V38/><F38/><W42/><G97/><T76/><D46/><U66/><E115/><V116/><F116/><W121/><G42/><T51/><D104/><U75/><E96/><V89/><F89/><W84/><G106/><T32/><D76/><U91/><E83/><V21/><AGARI ba="0,1" hai="3,6,8,13,14,16,18,21,23,82,86,90,112,114" machi="21" ten="30,11700,0" yaku="1,1,0,1,9,1,54,1,53,0" doraHai="57" doraHaiUra="92" who="2" fromWho="2" sc="239,-39,180,-39,144,127,427,-39" />
</Scene>
<Scene>
<INIT seed="6,1,0,5,5,39" ten="200,141,271,388" oya="2" hai0="73,15,120,19,27,104,106,133,35,24,96,69,63" hai1="66,117,70,68,36,58,1,93,7,79,100,103,107" hai2="134,82,45,114,116,113,81,22,131,74,101,18,49" hai3="122,20,115,98,11,97,71,124,59,38,17,43,112"/><V3/><F116/><W32/><G71/><T72/><D120/><U105/><E117/><V44/><F3/><W92/><G32/><T62/><D35/><U121/><E36/><V88/><F74/><W51/><G122/><T86/><D86/><U10/><E121/><V67/><F131/><W127/><G11/><T21/><D133/><U65/><E79/><V76/><F134/><W55/><G43/><T48/><D48/><U9/><E58/><V118/><F118/><W83/><G83/><T14/><D21/><U91/><E93/><V25/><F101/><N who="3" m="60583" /><G38/><T5/><D19/><U57/><E57/><V46/><F67/><W12/><G98/><T53/><D53/><U111/><E1/><V126/><F126/><AGARI ba="1,0" hai="12,17,20,51,55,59,112,115,124,126,127" m="60583" machi="126" ten="30,1000,0" yaku="18,1" doraHai="39" who="3" fromWho="2" sc="200,0,141,0,271,-13,388,13" />
</Scene>
<Scene>
<INIT seed="7,0,0,5,1,123" ten="200,141,258,401" oya="3" hai0="128,92,84,45,110,19,53,75,24,39,87,5,35" hai1="28,47,48,80,21,118,65,10,133,56,63,46,43" hai2="44,61,59,83,134,66,68,8,72,4,96,14,77" hai3="114,9,130,98,103,126,64,105,17,107,51,113,74"/><W115/><G74/><T15/><D75/><U86/><E133/><V94/><F134/><W101/><G130/><T117/><D117/><U49/><E118/><V67/><F44/><W70/><G126/><T57/><D110/><U91/><E10/><V121/><F121/><W55/><G64/><T2/><D128/><U12/><E12/><V104/><F104/><W0/><G70/><T79/><D79/><U73/><E73/><V122/><F122/><W85/><G85/><T22/><D92/><U13/><E13/><V34/><F34/><W29/><G29/><N who="0" m="19879" /><D45/><U32/><E32/><V125/><F125/><W112/><G112/><T69/><D39/><U127/><E127/><V16/><F68/><W109/><G109/><T124/><D69/><U42/><REACH who="1" step="1"/><E28/><REACH who="1" ten="200,131,258,401" step="2"/><V37/><F14/><W76/><G115/><T102/><D124/><U58/><E58/><V111/><F8/><W50/><G114/><T81/><D15/><U18/><E18/><V99/><F16/><W93/><G17/><T3/><D57/><U82/><E82/><V71/><F83/><W31/><G9/><T95/><D81/><U41/><E41/><V116/><F59/><W1/><G113/><T60/><D19/><U27/><E27/><V33/><F116/><W88/><G31/><T25/><D3/><U108/><E108/><V38/><F111/><W129/><G0/><T119/><D2/><U89/><E89/><V131/><F33/><W26/><G1/><T30/><D119/><U120/><E120/><V62/><F71/><W100/><G129/><T52/><D30/><U40/><E40/><RYUUKYOKU ba="0,1" sc="200,-10,131,30,258,-10,401,-10" hai1="21,42,43,46,47,48,49,56,63,65,80,86,91" owari="190,-21.0,161,-34.0,248,5.0,401,50.0" />
</Scene>
</mjloggm>