<mjloggm ver="2.3"><GO type="169"/><UN n0="%E2%86%91%E3%81%93%E3%81%AE%E4%BA%BA%E5%A4%89%E6%85%8B" n1="%E3%81%94%E3%81%98%E3%82%83%E3%82%8B" n2="%E9%81%8A%E8%B5%B0" n3="%41%53%41%50%49%4E" dan="16,18,17,18" rate="2053,2187,2199,2220" sx="M,M,F,M"/><TAIKYOKU oya="0"/>

<Scene>
<INIT seed="0,0,0,3,0,29" ten="250,250,250,250" oya="0" hai0="112,90,18,116,133,2,105,94,127,33,104,25,27" hai1="93,102,16,83,135,43,86,60,30,77,103,51,121" hai2="100,79,72,70,35,109,108,23,87,76,59,66,19" hai3="31,110,122,50,15,124,20,44,8,119,101,126,91"/><T64/><D116/><U57/><E121/><V11/><F70/><W45/><G119/><T9/><D112/><U5/><E135/><V74/><F100/><W69/><G122/><T68/><D133/><U73/><E5/><V0/><F0/><W12/><G69/><T48/><D127/><U34/><E43/><V129/><F11/><W36/><G36/><T63/><D48/><U21/><E51/><V95/><F129/><W37/><G101/><T99/><D25/><U10/><E34/><V117/><F117/><W55/><G110/><N who="2" m="42601" /><F35/><W134/><G134/><T89/><D89/><U38/><E38/><V62/><F95/><W22/><G91/><T80/><D80/><U106/><E106/><V7/><F7/><W54/><G37/><T53/><D53/><N who="1" m="33839" /><E73/><N who="2" m="28267" /><F87/><W46/><G8/><T82/><D82/><U41/><E93/><V28/><F28/><W75/><G31/><T123/><D123/><U92/><E92/><V39/><F39/><W61/><G75/><T131/><D131/><U98/><E41/><V118/><F118/><W24/><G124/><T6/><REACH who="0" step="1"/><D33/><REACH who="0" ten="240,250,250,250" step="2"/><U42/><E103/><V114/><F114/><W32/><G126/><T17/><D17/><U120/><E120/><V132/><F132/><W65/><G32/><T125/><D125/><U67/><E102/><V81/><F81/><W97/><G50/><T71/><D71/><U85/><E83/><V88/><F88/><W1/><G24/><AGARI ba="0,1" hai="19,23,24,59,62,66,76,79" m="28267,42601" machi="24" ten="30,1000,0" yaku="14,1" doraHai="29" who="2" fromWho="3" sc="240,0,250,0,250,20,250,-10" />
</Scene>
<Scene>
<INIT seed="1,0,0,2,5,16" ten="240,250,270,240" oya="1" hai0="46,108,66,28,53,51,4,14,58,27,123,79,127" hai1="54,71,42,60,64,87,33,63,121,34,17,39,11" hai2="13,129,8,62,107,111,120,106,126,96,80,70,115" hai3="55,69,83,84,50,37,73,25,26,95,134,5,81"/><U113/><E113/><V93/><F120/><W131/><G69/><T100/><D123/><U124/><E121/><V116/><F116/><W15/><G37/><T23/><D127/><U65/><E124/><V18/><F126/><W125/><G125/><T30/><D108/><U98/><E98/><V40/><F111/><W68/><G68/><T75/><D75/><U82/><E54/><V22/><F115/><W57/><G131/><T9/><D79/><U3/><E42/><V119/><F119/><W101/><G134/><T133/><D133/><U0/><E39/><V135/><F135/><W61/><G73/><T102/><REACH who="0" step="1"/><D30/><REACH who="0" ten="230,250,270,240" step="2"/><U21/><E3/><V86/><F129/><W89/><G81/><T92/><D92/><U103/><E0/><V36/><F106/><W132/><G95/><T52/><D52/><U56/><E103/><V122/><F107/><W47/><G101/><T85/><D85/><U99/><E99/><V94/><F96/><W7/><G132/><T2/><D2/><U76/><REACH who="1" step="1"/><E11/><REACH who="1" ten="230,240,270,240" step="2"/><V77/><F8/><W38/><G55/><T20/><D20/><U114/><E114/><V110/><F122/><W24/><G38/><T43/><D43/><U118/><E118/><V59/><F110/><W128/><G128/><T45/><D45/><U78/><E78/><V31/><F40/><W74/><G47/><T12/><D12/><AGARI ba="0,2" hai="12,17,21,33,34,56,60,63,64,65,71,76,82,87" machi="12" ten="30,5800,0" yaku="1,1,7,1,52,1,53,0" doraHai="16" doraHaiUra="130" who="1" fromWho="0" sc="230,-58,240,78,270,0,240,0" />
</Scene>
<Scene>
<INIT seed="1,1,0,5,5,24" ten="172,318,270,240" oya="1" hai0="118,37,63,70,104,35,3,135,120,6,48,43,98" hai1="86,99,68,126,82,96,20,21,57,67,122,59,115" hai2="132,7,83,2,127,25,121,64,34,87,66,31,29" hai3="125,46,28,52,103,114,32,130,84,94,117,131,107"/><U128/><E115/><V106/><F121/><W72/><G72/><T13/><D118/><U17/><E122/><V9/><F106/><W44/><G114/><T76/><D120/><U77/><E128/><N who="3" m="49194" /><G107/><T113/><D113/><U49/><E126/><V56/><F127/><W22/><G32/><T5/><D135/><U47/><E68/><V112/><F112/><W12/><G125/><T101/><D48/><U42/><E21/><V119/><F119/><W78/><G12/><T129/><D129/><U26/><E67/><V116/><F116/><W23/><G117/><T16/><D76/><U53/><REACH who="1" step="1"/><E57/><REACH who="1" ten="172,308,270,240" step="2"/><V30/><F132/><W90/><G23/><T71/><D35/><U133/><E133/><V61/><REACH who="2" step="1"/><F64/><REACH who="2" ten="172,308,260,240" step="2"/><W55/><G22/><T4/><D3/><U36/><AGARI ba="1,2" hai="17,20,26,36,42,47,49,53,59,77,82,86,96,99" machi="36" ten="20,3900,0" yaku="1,1,0,1,7,1,53,0" doraHai="24" doraHaiUra="33" who="1" fromWho="1" sc="172,-14,308,62,260,-14,240,-14" />
</Scene>
<Scene>
<INIT seed="1,2,0,4,3,62" ten="158,370,246,226" oya="1" hai0="83,4,30,135,85,55,45,1,68,59,22,134,35" hai1="116,28,95,63,61,92,98,75,8,37,89,19,24" hai2="40,38,110,111,130,102,58,32,57,115,18,52,104" hai3="23,72,17,94,107,16,60,29,84,43,73,7,123"/><U11/><E75/><V33/><F104/><W106/><G123/><T5/><D35/><U65/><E37/><V132/><F102/><W90/><G29/><T41/><D68/><U47/><E116/><V120/><F120/><W88/><G7/><T15/><D1/><U66/><E47/><N who="2" m="23959" /><F18/><W114/><G114/><T67/><D134/><U99/><E19/><V50/><F33/><W76/><G43/><T70/><D135/><U128/><E128/><V121/><F132/><W122/><G122/><T39/><D30/><U14/><E14/><V118/><F32/><W71/><G17/><T34/><D34/><U44/><E44/><N who="2" m="27719" /><F121/><W109/><G76/><T81/><D81/><U97/><E97/><V25/><F25/><W12/><G73/><T80/><D80/><U9/><E28/><V105/><F105/><W54/><G72/><T20/><D5/><U103/><E24/><V27/><F27/><W2/><G107/><T21/><D4/><U126/><E126/><V86/><F115/><W101/><G106/><T79/><D15/><U51/><E51/><V125/><F125/><W49/><G2/><T48/><D22/><U113/><E113/><V64/><F118/><W46/><G12/><T26/><D26/><U131/><E131/><V13/><F130/><W42/><G16/><T10/><D10/><U108/><E108/><N who="2" m="41515" /><F64/><AGARI ba="2,0" hai="8,9,11,61,63,64,65,66,89,92,95,98,99,103" machi="64" ten="40,12000,1" yaku="8,1,52,3" doraHai="62" who="1" fromWho="2" sc="158,0,370,126,246,-126,226,0" />
</Scene>
<Scene>
<INIT seed="1,3,0,3,0,80" ten="158,496,120,226" oya="1" hai0="61,108,22,44,84,74,129,93,124,70,21,79,114" hai1="41,46,32,6,36,132,2,125,86,95,66,128,24" hai2="101,43,35,102,42,30,96,20,88,76,9,16,77" hai3="109,85,18,19,12,72,127,4,51,57,8,104,112"/><U60/><E125/><V55/><F35/><W26/><G72/><T15/><D114/><U49/><E128/><V133/><F133/><W37/><G37/><T48/><D124/><U126/><E126/><V122/><F122/><W11/><G127/><T116/><D116/><U121/><E121/><V78/><F30/><W131/><G112/><T94/><D129/><U99/><E132/><V115/><F115/><W45/><G104/><T119/><D119/><U29/><E6/><V103/><F55/><W135/><G131/><T75/><D75/><U39/><E2/><V90/><F9/><W118/><G118/><T17/><D74/><U71/><REACH who="1" step="1"/><E86/><REACH who="1" ten="158,486,120,226" step="2"/><V111/><F111/><W73/><G85/><T59/><D108/><U81/><E81/><V27/><REACH who="2" step="1"/><F96/><REACH who="2" ten="158,486,110,226" step="2"/><W68/><G109/><T3/><D3/><U34/><E34/><V10/><F10/><W33/><G11/><T7/><D7/><U25/><E25/><V31/><F31/><W92/><G4/><T130/><D130/><U0/><E0/><V62/><F62/><W106/><G8/><T52/><D22/><U58/><E58/><V67/><F67/><W23/><G57/><T89/><D70/><U38/><E38/><V123/><F123/><W100/><G68/><T98/><D98/><U64/><E64/><V40/><AGARI ba="3,2" hai="16,20,27,40,42,43,76,77,78,88,90,101,102,103" machi="40" ten="40,12000,2" yaku="1,1,0,1,29,2,8,1,54,2,53,0" doraHai="80" doraHaiUra="83" who="2" fromWho="2" sc="158,-33,486,-63,110,149,226,-33" />
</Scene>
<Scene>
<INIT seed="2,0,0,5,0,70" ten="125,423,259,193" oya="2" hai0="35,49,3,94,130,77,14,52,90,108,135,21,62" hai1="84,36,41,5,74,73,47,13,100,118,11,107,110" hai2="97,64,82,32,30,105,124,38,16,119,25,117,22" hai3="134,128,59,113,106,57,40,125,126,54,127,95,133"/><V33/><F38/><W112/><G106/><T4/><D35/><U86/><E118/><V67/><F124/><W48/><G95/><T78/><D108/><U55/><E110/><V96/><F82/><W15/><G15/><T7/><D130/><U60/><E100/><V92/><F105/><W71/><G71/><T115/><D115/><N who="3" m="44105" /><G40/><T80/><D135/><N who="3" m="51721" /><G59/><N who="0" m="35175" /><D3/><U75/><E107/><V42/><F42/><W37/><G37/><T56/><D80/><U129/><E129/><AGARI ba="0,0" hai="48,54,57,125,126,127,128,129" m="51721,44105" machi="129" ten="40,12000,2" yaku="30,2,18,1,11,1,20,1,34,2" doraHai="70" who="3" fromWho="1" sc="125,0,423,-120,259,0,193,120" />
</Scene>
<Scene>
<INIT seed="3,0,0,1,3,133" ten="125,303,259,313" oya="3" hai0="55,92,6,123,106,38,81,23,134,13,29,96,20" hai1="43,86,14,5,49,41,24,121,64,115,2,118,51" hai2="10,119,132,75,127,11,0,70,12,31,8,113,78" hai3="105,4,56,111,99,107,39,61,67,62,68,89,54"/><W50/><G39/><T63/><D123/><U80/><E2/><V131/><F119/><W85/><G111/><T16/><D134/><U125/><E121/><V42/><F113/><W110/><G110/><T33/><D33/><U116/><E115/><V108/><F132/><W109/><G109/><T82/><D38/><U101/><E101/><V9/><F70/><W83/><G4/><T129/><D106/><U95/><E95/><V90/><F108/><W69/><REACH who="3" step="1"/><G99/><REACH who="3" ten="125,303,259,303" step="2"/><T120/><D120/><U36/><E36/><V58/><F0/><W35/><G35/><T72/><D6/><U117/><E5/><V28/><F131/><W71/><G71/><T135/><D129/><U7/><E7/><V77/><F75/><W112/><G112/><T79/><D135/><U97/><E97/><V21/><F58/><W104/><G104/><T60/><D72/><U66/><E118/><V34/><F34/><W18/><G18/><T98/><D98/><U17/><E17/><V48/><F28/><W93/><G93/><T88/><D82/><U44/><E80/><V122/><F31/><W65/><AGARI ba="0,1" hai="50,54,56,61,62,65,67,68,69,83,85,89,105,107" machi="65" ten="30,6000,0" yaku="1,1,0,1,9,1,53,0" doraHai="133" doraHaiUra="25" who="3" fromWho="3" sc="125,-20,303,-20,259,-20,303,70" />
</Scene>
<Scene>
<INIT seed="3,1,0,4,0,117" ten="105,283,239,373" oya="3" hai0="83,36,26,130,103,45,94,23,133,93,102,70,92" hai1="47,11,18,106,96,27,29,52,37,72,101,104,16" hai2="12,43,127,135,107,129,21,31,66,126,13,30,91" hai3="19,4,111,73,5,51,79,33,8,84,17,123,49"/><W109/><G33/><T60/><D133/><U131/><E72/><V48/><F107/><W77/><G84/><T56/><D70/><U76/><E76/><N who="3" m="29258" /><G73/><T78/><D130/><U99/><E131/><V122/><F129/><W100/><G100/><T80/><D45/><U128/><E128/><V65/><F135/><W118/><G118/><T14/><D14/><U64/><E64/><V2/><F2/><W120/><G49/><T67/><D36/><U53/><E11/><V68/><F91/><W59/><G51/><T40/><D40/><U41/><E99/><V32/><F48/><W89/><G89/><T63/><D63/><U97/><E97/><V61/><F43/><W69/><G59/><T124/><D124/><N who="2" m="47658" /><F122/><N who="3" m="46635" /><G69/><T115/><D115/><U54/><REACH who="1" step="1"/><E104/><REACH who="1" ten="105,273,239,373" step="2"/><V1/><F68/><W87/><G87/><T58/><D78/><U6/><E6/><N who="3" m="2666" /><G8/><T113/><D113/><U34/><AGARI ba="1,1" hai="16,18,27,29,34,37,41,47,52,53,54,96,101,106" machi="34" ten="30,7900,0" yaku="1,1,0,1,54,2,53,0" doraHai="117" doraHaiUra="121" who="1" fromWho="1" sc="105,-21,273,92,239,-21,373,-40" />
</Scene>
<Scene>
<INIT seed="4,0,0,5,4,124" ten="84,365,218,333" oya="0" hai0="24,5,101,79,109,133,59,36,30,91,13,38,44" hai1="3,21,132,74,34,75,45,95,123,90,20,31,114" hai2="10,83,48,22,16,70,77,126,32,65,86,62,82" hai3="58,33,105,35,50,84,96,56,69,67,63,125,92"/><T14/><D133/><U102/><E123/><V128/><F126/><W19/><G125/><T97/><D91/><U61/><E3/><V11/><F32/><W6/><G105/><T18/><D79/><U47/><E102/><V110/><F110/><W42/><G6/><T119/><D119/><U85/><E34/><V88/><F128/><W72/><G72/><T87/><D87/><U129/><E129/><V51/><F48/><W52/><G84/><T1/><D1/><U71/><E75/><V39/><F39/><W107/><G107/><T15/><D109/><U111/><E74/><V46/><F83/><W8/><G42/><T118/><D118/><U131/><E131/><V93/><F51/><W122/><G122/><T120/><D120/><U9/><E111/><V23/><F46/><W49/><G8/><T130/><D130/><U106/><E106/><V2/><F23/><W100/><G19/><T73/><D73/><U53/><E114/><V117/><F2/><W104/><G104/><N who="0" m="63535" /><D59/><N who="1" m="35055" /><E71/><V76/><F117/><W57/><G69/><T28/><D5/><U135/><E135/><V66/><F66/><W27/><REACH who="3" step="1"/><G27/><REACH who="3" ten="84,365,218,323" step="2"/><T121/><D121/><U7/><E132/><V17/><F17/><W113/><G113/><T4/><D4/><U103/><E7/><V41/><F41/><W68/><G68/><T108/><D108/><U55/><E85/><N who="2" m="52367" /><F77/><W37/><G37/><N who="0" m="14443" /><D44/><U112/><E47/><V134/><F134/><W78/><G78/><T12/><N who="0" m="3072" /><DORA hai="98" /><T89/><D89/><U26/><E45/><V80/><F80/><W60/><G60/><T99/><D99/><RYUUKYOKU ba="0,1" sc="84,10,365,-30,218,10,323,10" hai0="18,24,28,30" hai2="10,11,16,22,62,65,70,76,82,86" hai3="33,35,49,50,52,56,57,58,63,67,92,96,100" />
</Scene>
<Scene>
<INIT seed="4,1,1,4,1,8" ten="94,335,228,333" oya="0" hai0="56,71,6,37,0,134,78,101,87,110,36,65,35" hai1="70,21,42,24,120,66,58,45,100,107,48,89,103" hai2="11,55,97,59,99,51,132,115,126,92,22,74,34" hai3="49,106,38,130,129,85,18,14,93,15,73,102,72"/><T81/><D35/><U111/><E120/><V32/><F74/><N who="3" m="28779" /><G38/><T23/><D134/><U27/><E107/><V46/><F132/><W3/><G3/><T96/><D71/><U57/><E70/><V47/><F126/><W113/><G18/><T105/><D110/><U91/><E111/><V17/><F115/><W16/><G106/><T7/><D23/><U86/><E27/><N who="2" m="14799" /><F32/><W79/><G113/><T5/><REACH who="0" step="1"/><D0/><REACH who="0" ten="84,335,228,333" step="2"/><U2/><E2/><V69/><F69/><W109/><G109/><T94/><D94/><U95/><E95/><V119/><F34/><W1/><G1/><T75/><D75/><U76/><E21/><V131/><F131/><W128/><G93/><T26/><D26/><U112/><E24/><V54/><F92/><W52/><G102/><T98/><D98/><U13/><E112/><V12/><F99/><W62/><G129/><T31/><D31/><U44/><E103/><V9/><F97/><W25/><G25/><T108/><D108/><U67/><E100/><V104/><F104/><W83/><G130/><T135/><D135/><U114/><E114/><V122/><F122/><W68/><G128/><T29/><D29/><U84/><E84/><V4/><F9/><W123/><G123/><T127/><D127/><U80/><E86/><V64/><F11/><W82/><G85/><T124/><D124/><U77/><E80/><V60/><F12/><W20/><G14/><T117/><D117/><U61/><E13/><V63/><F119/><W88/><G82/><T43/><D43/><U41/><E41/><V90/><F90/><W40/><G88/><RYUUKYOKU ba="1,2" sc="84,30,335,-10,228,-10,333,-10" hai0="5,6,7,36,37,56,65,78,81,87,96,101,105" />
</Scene>
<Scene>
<INIT seed="4,2,2,4,1,110" ten="114,325,218,323" oya="0" hai0="81,40,62,121,63,120,90,3,50,91,107,130,19" hai1="54,9,29,38,129,71,42,94,2,124,57,76,32" hai2="6,106,92,28,23,99,80,95,118,70,85,13,135" hai3="48,72,1,47,117,116,17,4,86,103,26,20,113"/><T31/><D3/><U25/><E71/><V52/><F70/><W83/><G72/><T5/><D107/><U30/><E30/><V105/><F118/><W98/><G113/><T27/><D5/><U46/><E124/><V111/><F111/><W21/><G21/><T104/><D104/><U44/><E129/><V97/><F135/><W53/><G4/><T24/><D130/><U108/><E108/><V55/><F106/><W60/><G1/><T37/><D37/><U102/><E76/><V41/><F41/><W131/><G131/><T7/><D7/><U73/><E73/><V33/><F33/><W58/><G98/><N who="2" m="37385" /><F105/><W115/><G115/><T16/><D40/><U78/><E78/><N who="2" m="46231" /><F28/><W18/><G103/><T79/><D50/><U10/><E2/><V35/><F35/><W65/><G18/><N who="0" m="6699" /><D121/><U69/><E69/><V133/><F133/><W0/><G0/><T68/><D68/><U45/><E42/><V61/><F23/><W39/><G39/><T114/><D114/><U125/><E38/><V89/><F61/><N who="0" m="23050" /><D120/><U8/><E32/><V88/><F6/><W36/><G36/><T43/><D43/><U14/><E9/><V12/><F12/><W56/><G116/><T132/><D132/><U134/><E14/><V101/><F13/><W49/><G117/><T123/><D123/><U128/><E134/><V15/><F15/><W51/><G47/><T109/><D109/><U122/><E128/><V59/><F101/><W127/><G127/><T74/><D31/><U100/><E29/><V22/><F22/><W11/><G11/><N who="1" m="4138" /><E122/><V96/><F59/><RYUUKYOKU ba="2,2" sc="114,10,325,-30,218,10,323,10" hai0="24,27,74,79,81,90,91" hai2="52,55,88,89,92,95,96" hai3="17,20,26,48,49,51,53,56,58,60,65,83,86" />
</Scene>
<Scene>
<INIT seed="4,3,2,1,4,10" ten="124,295,228,333" oya="0" hai0="41,5,59,126,91,22,90,92,118,81,87,102,84" hai1="16,131,72,68,15,66,50,124,29,60,34,77,18" hai2="109,97,4,3,106,8,36,23,113,1,100,96,95" hai3="11,13,48,27,44,130,115,119,51,71,117,64,33"/><T17/><D118/><U14/><E131/><V2/><F109/><W52/><G130/><T114/><D114/><U0/><E0/><V74/><F74/><W111/><G111/><T45/><D126/><U49/><E124/><V120/><F120/><W105/><G105/><T112/><D112/><U78/><E29/><V86/><F113/><W101/><G115/><T12/><D102/><U47/><E34/><V46/><F86/><W7/><G101/><T133/><D133/><U20/><E72/><V9/><F8/><W32/><G64/><T104/><D104/><U37/><E37/><V31/><F31/><W42/><G71/><T129/><D129/><U65/><E50/><V70/><F23/><W89/><G89/><T43/><D59/><N who="1" m="37023" /><E66/><V83/><F83/><W73/><G73/><T30/><D30/><U85/><E85/><V21/><F21/><W108/><G108/><T110/><D110/><U132/><E68/><V26/><F70/><W128/><G128/><T55/><REACH who="0" step="1"/><D5/><REACH who="0" ten="114,295,228,333" step="2"/><U103/><E103/><V107/><F107/><W88/><G117/><T25/><D25/><U93/><E132/><V135/><F135/><W116/><G27/><T58/><D58/><U125/><E125/><V61/><F26/><W67/><G119/><T6/><D6/><U76/><E18/><V19/><F19/><W127/><G116/><T40/><D40/><U54/><E16/><V99/><F106/><W79/><G127/><T56/><D56/><U123/><E123/><V62/><F100/><W39/><G7/><T121/><D121/><U53/><E47/><V69/><F46/><RYUUKYOKU ba="3,3" sc="114,30,295,-10,228,-10,333,-10" hai0="12,17,22,41,43,45,55,81,84,87,90,91,92" />
</Scene>
<Scene>
<INIT seed="4,4,3,4,4,59" ten="144,285,218,323" oya="0" hai0="29,69,87,92,0,121,70,135,43,107,79,10,57" hai1="21,98,93,82,24,127,90,27,26,117,53,103,86" hai2="48,8,4,109,50,66,15,94,41,51,40,67,47" hai3="73,7,54,123,131,89,34,106,104,110,25,55,60"/><T9/><D107/><U105/><E117/><V6/><F109/><W63/><G110/><T83/><D121/><U99/><E127/><V61/><F6/><W114/><G73/><T3/><D135/><U1/><E1/><V75/><F75/><W39/><G39/><T119/><D119/><U113/><E113/><V18/><F4/><W78/><G78/><T36/><D3/><U122/><E122/><V74/><F74/><W31/><G123/><T112/><D112/><U19/><REACH who="1" step="1"/><E53/><REACH who="1" ten="144,275,218,323" step="2"/><V81/><F41/><W42/><G55/><T118/><D118/><U108/><E108/><V38/><F40/><W52/><G52/><T134/><D134/><U111/><E111/><V22/><F47/><W102/><G54/><T13/><D0/><U125/><E125/><V23/><F38/><W37/><G42/><T96/><D43/><U35/><E35/><V32/><F32/><W95/><G37/><T97/><D36/><U128/><E128/><V129/><F129/><W46/><G46/><T20/><D69/><U12/><E12/><V44/><F44/><W72/><G131/><T85/><D70/><U71/><E71/><N who="2" m="42447" /><F50/><W14/><G34/><T115/><D115/><U33/><E33/><V91/><F51/><W56/><G14/><T28/><D57/><U58/><E58/><V16/><F48/><W80/><G56/><T133/><D133/><U130/><E130/><V49/><F49/><W68/><G68/><T64/><D64/><U88/><AGARI ba="4,4" hai="19,21,24,26,27,82,86,88,90,93,98,99,103,105" machi="88" ten="20,5200,0" yaku="1,1,0,1,7,1,54,1,53,0" doraHai="59" doraHaiUra="124" who="1" fromWho="1" sc="144,-30,275,104,218,-17,323,-17" />
</Scene>
<Scene>
<INIT seed="5,0,0,3,1,33" ten="114,379,201,306" oya="1" hai0="130,86,54,109,102,13,26,58,84,9,42,22,32" hai1="28,35,3,113,118,31,78,93,121,2,21,65,24" hai2="4,18,129,14,132,94,80,110,64,59,20,107,128" hai3="123,105,115,40,79,34,112,101,41,46,62,99,63"/><U68/><E118/><V61/><F110/><W30/><G123/><T57/><D109/><U122/><E78/><V51/><F107/><W135/><G135/><T6/><D130/><N who="2" m="50282" /><F132/><W56/><G79/><T55/><D32/><U100/><E113/><N who="3" m="43594" /><G56/><T67/><D102/><U73/><E73/><V119/><F119/><W43/><G46/><T27/><D42/><U23/><E35/><V38/><F38/><W19/><G19/><T104/><D104/><U131/><E131/><V49/><F80/><W114/><G114/><T0/><D0/><U8/><E8/><N who="2" m="4359" /><F94/><W124/><G124/><T1/><D1/><U53/><E93/><V66/><F64/><W125/><G125/><T69/><D67/><U90/><E65/><V127/><F127/><W48/><G48/><N who="0" m="30919" /><D69/><U50/><E68/><V91/><F91/><W52/><G52/><T72/><D72/><U12/><E90/><V120/><F120/><W111/><G111/><T92/><D92/><U77/><E77/><V95/><F95/><W76/><G76/><T89/><D89/><U75/><E75/><V44/><F44/><W37/><G37/><T106/><D106/><U5/><E122/><V103/><F103/><W47/><G47/><T60/><D27/><AGARI ba="0,0" hai="18,20,27,49,51,59,61,66" m="4359,50282" machi="27" ten="30,1000,0" yaku="19,1" doraHai="33" who="2" fromWho="0" sc="114,-10,379,0,201,10,306,0" /><AGARI ba="0,0" hai="27,30,34,40,41,43,62,63,99,101,105" m="43594" machi="27" ten="30,1000,0" yaku="15,1" doraHai="33" who="3" fromWho="0" sc="104,-10,379,0,211,0,306,10" />
</Scene>
<Scene>
<INIT seed="6,0,0,5,2,46" ten="94,379,211,316" oya="2" hai0="42,55,9,67,100,120,114,20,76,124,34,70,7" hai1="37,14,90,130,135,56,57,58,91,81,105,106,40" hai2="1,4,101,99,65,129,47,77,11,68,5,127,53" hai3="30,8,74,23,88,98,13,119,116,38,115,97,49"/><V131/><F127/><W85/><G38/><T12/><D120/><U89/><E130/><N who="2" m="49675" /><F4/><W108/><G108/><T26/><D124/><U109/><E109/><V117/><F117/><W2/><G74/><T25/><D114/><U43/><E135/><V10/><F10/><W95/><G115/><T22/><D42/><U73/><E14/><V132/><F132/><W84/><G2/><T33/><D76/><U133/><E133/><V29/><F29/><W126/><G126/><T87/><D87/><U21/><E21/><N who="0" m="8297" /><D55/><U18/><E18/><V75/><F53/><W123/><G85/><T72/><D100/><U41/><E37/><V0/><F47/><W66/><G66/><T79/><D79/><AGARI ba="0,0" hai="40,41,43,56,57,58,73,79,81,89,90,91,105,106" machi="79" ten="50,3200,0" yaku="29,2" doraHai="46" who="1" fromWho="0" sc="94,-32,379,32,211,0,316,0" />
</Scene>
<Scene>
<INIT seed="7,0,0,1,3,34" ten="62,411,211,316" oya="3" hai0="135,48,33,117,75,24,63,114,61,81,91,85,127" hai1="129,97,68,41,23,74,102,88,79,115,21,18,12" hai2="46,55,6,93,42,27,130,59,62,10,31,80,107" hai3="35,101,132,122,64,119,11,56,90,16,45,131,30"/><W38/><G119/><T78/><D117/><U120/><E68/><V3/><F107/><W40/><G122/><T69/><D135/><U51/><E120/><V71/><F130/><W123/><G132/><T83/><D127/><U39/><E39/><V32/><F71/><W5/><G123/><T118/><D118/><U36/><E36/><V17/><F93/><W43/><G131/><T110/><D110/><U2/><E2/><V8/><F80/><W126/><G40/><T89/><D114/><U1/><E1/><V112/><F112/><W26/><G126/><T76/><D69/><U29/><E115/><V106/><F106/><W77/><G101/><T116/><D116/><U65/><E65/><V7/><F17/><W87/><G77/><T121/><D121/><U47/><E129/><V20/><F32/><W15/><G56/><T54/><D33/><U108/><E108/><V49/><F8/><W70/><G70/><T53/><D24/><N who="1" m="16543" /><E74/><V13/><REACH who="2" step="1"/><F7/><REACH who="2" ten="62,411,201,316" step="2"/><W82/><REACH who="3" step="1"/><G64/><REACH who="3" ten="62,411,201,306" step="2"/><T124/><D124/><U9/><E9/><V103/><F103/><W105/><G105/><T19/><D19/><AGARI ba="0,2" hai="5,11,15,16,19,26,30,35,38,43,45,82,87,90" machi="19" ten="40,3900,0" yaku="1,1,54,1,53,0" doraHai="34" doraHaiUra="60" who="3" fromWho="0" sc="62,-39,411,0,201,0,306,59" />
</Scene>
<Scene>
<INIT seed="7,1,0,2,1,65" ten="23,411,201,365" oya="3" hai0="15,94,56,73,43,35,62,125,21,75,106,1,60" hai1="74,114,115,130,50,96,63,119,80,77,55,38,16" hai2="76,49,70,111,17,13,87,48,85,2,100,133,33" hai3="84,31,47,93,41,101,116,14,27,3,118,11,68"/><W120/><G120/><T54/><D106/><U112/><E38/><V64/><F2/><W122/><G122/><T67/><D35/><U36/><E36/><V59/><F70/><W90/><G3/><T88/><D1/><U29/><E130/><V24/><F111/><W46/><G101/><T40/><D125/><U20/><E119/><V6/><F133/><W61/><G61/><T107/><D107/><U4/><E4/><V26/><F100/><W9/><G9/><T108/><D108/><U69/><E29/><V104/><F104/><W102/><G102/><T127/><D127/><U10/><E10/><V134/><F134/><W113/><G113/><T89/><D89/><U82/><E96/><V109/><F109/><W5/><G68/><T18/><D75/><U81/><E63/><V123/><F123/><W28/><G28/><T98/><D73/><U30/><E30/><V121/><F121/><W22/><REACH who="3" step="1"/><G47/><REACH who="3" ten="23,411,201,355" step="2"/><T72/><D72/><U103/><E69/><V52/><F6/><W58/><G58/><T99/><D99/><U79/><E103/><V44/><F33/><W42/><G42/><T45/><D45/><N who="1" m="28111" /><E74/><V8/><F64/><W117/><G117/><T39/><D39/><AGARI ba="1,1" hai="5,11,14,22,27,31,39,41,46,84,90,93,116,118" machi="39" ten="30,2900,0" yaku="1,1,7,1,53,0" doraHai="65" doraHaiUra="57" who="3" fromWho="0" sc="23,-32,411,0,201,0,355,42" owari="-9,-51.0,411,51.0,201,-20.0,397,20.0" />
</Scene>
</mjloggm>