<mjloggm ver="2.3"><GO type="169"/><UN n0="%E3%82%82%E3%81%A3%E3%81%97%E3%83%BC" n1="%E3%83%98%E3%83%9C%EF%BC%A0%E6%9D%B1%E9%A2%A8" n2="%7A%65%72%6F%52%58" n3="%41%53%41%50%49%4E" dan="17,16,16,18" rate="2151,2146,2164,2232" sx="M,M,M,M"/><TAIKYOKU oya="0"/>

<Scene>
<INIT seed="0,0,0,3,0,41" ten="250,250,250,250" oya="0" hai0="20,18,116,99,24,94,2,3,118,120,11,35,70" hai1="135,34,72,95,75,111,54,27,134,132,14,104,16" hai2="60,22,62,82,28,93,76,13,81,0,114,10,101" hai3="59,43,79,105,91,65,121,130,106,80,8,127,32"/><T38/><D120/><U85/><E104/><V74/><F114/><W21/><G121/><T126/><D70/><U7/><E7/><V129/><F0/><W61/><G32/><T26/><D38/><U19/><E111/><V133/><F133/><W33/><G33/><T5/><D99/><U58/><E95/><V86/><F129/><W108/><G130/><T98/><D98/><U96/><E96/><V47/><F93/><W15/><G91/><T23/><D35/><U102/><E102/><V37/><F101/><W89/><G89/><T71/><D94/><U64/><E64/><V45/><F37/><W39/><G108/><T128/><D128/><U78/><E85/><V36/><F36/><W9/><G21/><T52/><D52/><U63/><E78/><V57/><F62/><W4/><G9/><T25/><D71/><U46/><E46/><N who="2" m="17419" /><F81/><W40/><G39/><T12/><D126/><U51/><E63/><V122/><F74/><N who="1" m="28201" /><E14/><V103/><F122/><W100/><G127/><T56/><D56/><U97/><E97/><V49/><F103/><W123/><G100/><T44/><D44/><U107/><E107/><V119/><F119/><N who="0" m="45610" /><D2/><U1/><E1/><V31/><F49/><W30/><G123/><T68/><D68/><U67/><E67/><N who="2" m="39311" /><F22/><AGARI ba="0,0" hai="3,5,11,12,18,20,22,23,24,25,26" m="45610" machi="22" ten="30,2900,0" yaku="34,2" doraHai="41" who="0" fromWho="2" sc="250,29,250,0,250,-29,250,0" />
</Scene>
<Scene>
<INIT seed="0,1,0,1,5,59" ten="279,250,221,250" oya="0" hai0="81,118,87,83,85,49,95,47,116,122,133,23,65" hai1="125,92,26,75,106,105,80,126,25,31,119,86,56" hai2="73,8,112,18,94,93,70,62,58,45,108,79,11" hai3="63,29,99,0,72,130,77,2,51,134,90,109,97"/><T71/><D122/><U15/><E119/><V42/><F112/><W132/><G109/><T76/><D133/><N who="3" m="51305" /><G130/><T43/><D95/><U12/><E75/><V69/><F108/><W36/><G36/><T103/><D103/><U40/><E40/><V102/><F73/><W50/><G29/><T52/><D23/><U54/><E92/><V3/><F79/><W35/><G35/><T89/><REACH who="0" step="1"/><D43/><REACH who="0" ten="269,250,221,250" step="2"/><U131/><E131/><V21/><F93/><N who="3" m="56503" /><G99/><T113/><D113/><U9/><E105/><V27/><F94/><W114/><G114/><T53/><D53/><U121/><E106/><V39/><F102/><W88/><G0/><T46/><D46/><U17/><E121/><V30/><F3/><W38/><G2/><T28/><D28/><U82/><E31/><V44/><F45/><W16/><G72/><T91/><D91/><U7/><E125/><V13/><F8/><W124/><G88/><T66/><D66/><AGARI ba="1,1" hai="11,13,18,21,27,30,39,42,44,58,62,66,69,70" machi="66" ten="30,2000,0" yaku="7,1,52,1" doraHai="59" who="2" fromWho="0" sc="269,-23,250,0,221,33,250,0" />
</Scene>
<Scene>
<INIT seed="1,0,0,2,2,12" ten="246,250,254,250" oya="1" hai0="56,54,27,29,8,14,66,113,63,101,61,53,94" hai1="41,43,89,65,96,58,75,46,64,39,38,114,26" hai2="108,5,135,109,84,60,86,78,111,112,34,132,83" hai3="79,99,57,81,40,28,36,20,124,11,115,1,131"/><U62/><E75/><N who="2" m="43487" /><F34/><W123/><G115/><T98/><D113/><U134/><E114/><V121/><F112/><W74/><G123/><T88/><D101/><U51/><E26/><V91/><F60/><W47/><G131/><T102/><D63/><N who="1" m="38007" /><E89/><V97/><F5/><W9/><G124/><T48/><D48/><U30/><E30/><V31/><F31/><W37/><G37/><N who="1" m="13834" /><E134/><N who="2" m="51243" /><F121/><W42/><G28/><T118/><D118/><U125/><E96/><V69/><F69/><W52/><G99/><T50/><D50/><U13/><E13/><V77/><F77/><W104/><G1/><T59/><D59/><N who="1" m="37087" /><E125/><V23/><F23/><W126/><G20/><N who="0" m="15591" /><D88/><U16/><E16/><AGARI ba="0,0" hai="8,14,16,53,54,56,61,66,94,98,102" m="15591" machi="16" ten="30,7700,0" yaku="25,1,8,1,52,1,54,1" doraHai="12" who="0" fromWho="1" sc="246,77,250,-77,254,0,250,0" />
</Scene>
<Scene>
<INIT seed="2,0,0,0,4,33" ten="323,173,254,250" oya="2" hai0="89,4,39,125,96,109,101,5,106,10,50,29,112" hai1="57,15,59,69,100,81,86,40,88,12,19,103,25" hai2="120,73,99,116,44,117,13,1,91,94,64,20,114" hai3="118,27,56,68,18,134,83,14,3,36,92,135,82"/><V28/><F120/><W26/><G118/><T62/><D112/><U51/><E69/><V65/><F114/><W53/><G68/><T42/><D109/><U2/><E2/><V52/><F73/><W11/><G36/><T6/><D39/><U80/><E25/><N who="3" m="9226" /><G92/><T76/><D76/><U23/><E12/><V128/><F1/><W90/><G90/><T87/><D62/><U130/><E130/><V77/><F128/><W54/><G54/><T78/><D78/><U31/><E31/><V66/><F77/><W79/><G79/><T47/><D29/><U85/><E40/><V63/><F28/><W74/><G74/><T67/><D67/><U97/><E51/><N who="2" m="28775" /><F117/><W98/><G98/><T34/><D34/><U38/><E38/><V70/><F116/><W22/><G22/><T48/><D48/><U60/><E97/><V0/><F0/><W21/><G21/><T58/><D58/><U24/><E24/><V124/><F70/><W133/><G3/><T8/><REACH who="0" step="1"/><D125/><REACH who="0" ten="313,173,254,250" step="2"/><U107/><E57/><N who="2" m="36975" /><F124/><W41/><G134/><T9/><D9/><U126/><E126/><V71/><F71/><W119/><G135/><T131/><D131/><U7/><E7/><V93/><F66/><W110/><G133/><T123/><D123/><U55/><REACH who="1" step="1"/><E107/><REACH who="1" ten="313,163,254,250" step="2"/><V75/><F20/><W16/><G119/><T121/><D121/><U108/><E108/><V17/><F65/><W35/><G110/><T72/><D72/><U129/><E129/><V104/><F75/><W49/><G35/><T46/><D46/><U45/><E45/><V30/><F104/><W122/><G122/><RYUUKYOKU ba="0,2" sc="313,15,163,15,254,-15,250,-15" hai0="4,5,6,8,10,42,47,50,87,89,96,101,106" hai1="15,19,23,55,59,60,80,81,85,86,88,100,103" />
</Scene>
<Scene>
<INIT seed="3,1,2,1,1,16" ten="328,178,239,235" oya="3" hai0="45,70,26,17,103,14,69,68,36,21,38,81,55" hai1="63,90,102,106,133,85,130,30,92,132,87,110,99" hai2="53,100,124,52,35,117,42,66,120,7,96,107,74" hai3="37,56,95,33,0,60,4,72,62,31,58,13,8"/><W18/><G72/><T86/><D103/><U108/><E30/><V59/><F117/><W61/><G37/><T5/><D45/><U10/><E10/><V6/><F74/><W39/><G39/><T125/><D125/><U104/><E63/><V34/><F124/><W84/><G84/><N who="1" m="32330" /><E130/><V22/><F120/><W122/><G122/><T134/><D134/><N who="1" m="51819" /><E102/><V101/><F101/><W51/><G95/><T46/><D46/><U2/><E2/><V65/><F42/><W77/><G77/><T25/><D55/><U80/><E80/><V64/><F53/><W32/><G51/><T93/><D93/><U20/><E20/><V116/><F116/><W126/><G126/><T113/><D113/><U83/><E83/><V131/><F131/><W114/><G114/><T115/><D115/><U9/><E9/><V78/><F78/><W127/><G127/><T71/><D70/><U40/><E40/><V49/><REACH who="2" step="1"/><F22/><REACH who="2" ten="328,178,229,235" step="2"/><N who="3" m="11599" /><G33/><AGARI ba="1,3" hai="6,7,33,34,35,49,52,59,64,65,66,96,100,107" machi="33" ten="40,2600,0" yaku="1,1,54,1,53,0" doraHai="16" doraHaiUra="111" who="2" fromWho="3" sc="328,0,178,0,229,59,235,-29" />
</Scene>
<Scene>
<INIT seed="4,0,0,0,2,128" ten="328,178,288,206" oya="0" hai0="69,34,29,35,101,59,21,30,41,55,57,46,105" hai1="126,56,115,124,45,9,5,28,4,112,27,75,24" hai2="19,58,49,132,131,6,25,63,117,118,67,70,0" hai3="78,61,121,12,65,36,3,11,53,32,15,40,8"/><T82/><D69/><U111/><E75/><V44/><F131/><W13/><G121/><T50/><D59/><U51/><E111/><V77/><F70/><W68/><G32/><T102/><D82/><U86/><E56/><V108/><F108/><W71/><G71/><T10/><D10/><U92/><E92/><V54/><F77/><W38/><G78/><T122/><D122/><U83/><E86/><V1/><F132/><W89/><G53/><T26/><D105/><U99/><E99/><V52/><F54/><W47/><G38/><T2/><D2/><N who="1" m="151" /><E83/><V37/><F37/><W17/><REACH who="3" step="1"/><G89/><REACH who="3" ten="328,178,288,196" step="2"/><T80/><D35/><N who="1" m="20871" /><E27/><V103/><F25/><W94/><G94/><T104/><D26/><U106/><E106/><V64/><F52/><W133/><G133/><T48/><D104/><U91/><E91/><V81/><F118/><W127/><G127/><N who="1" m="48682" /><E5/><AGARI ba="0,1" hai="3,5,8,11,12,13,15,17,36,40,47,61,65,68" machi="5" ten="40,1300,0" yaku="1,1,53,0" doraHai="128" doraHaiUra="129" who="3" fromWho="1" sc="328,0,178,-13,288,0,196,23" />
</Scene>
<Scene>
<INIT seed="5,0,0,4,1,5" ten="328,165,288,219" oya="1" hai0="76,72,77,26,96,83,42,118,33,71,25,105,108" hai1="37,82,7,66,103,126,97,19,14,65,40,123,52" hai2="130,57,112,6,128,119,132,75,17,2,88,93,68" hai3="129,95,106,98,92,87,131,63,117,114,24,79,22"/><U51/><E123/><V104/><F68/><W43/><G114/><T47/><D108/><U74/><E126/><V69/><F119/><W55/><G117/><T31/><D77/><U60/><E7/><V78/><F69/><W125/><G125/><T121/><D118/><U3/><E3/><V89/><F104/><W127/><G127/><T45/><D121/><U81/><E74/><V94/><F112/><W91/><G106/><T101/><D25/><U110/><E37/><V11/><F132/><W56/><G43/><T35/><D71/><U64/><E40/><V1/><F1/><W46/><G46/><T100/><D100/><U13/><E60/><V109/><F109/><W107/><G107/><T15/><D15/><U120/><E120/><V54/><F17/><W135/><G135/><T27/><D42/><U41/><E41/><V49/><F78/><W29/><REACH who="3" step="1"/><G79/><REACH who="3" ten="328,165,288,209" step="2"/><T12/><D47/><N who="1" m="27775" /><E110/><V20/><F130/><W86/><G86/><T9/><D45/><U48/><E48/><V111/><F128/><W115/><G115/><T134/><D134/><U0/><E0/><V73/><F111/><W122/><G122/><T70/><D72/><U28/><E28/><V61/><F73/><W85/><G85/><T90/><D31/><U39/><E39/><V30/><F49/><W67/><G67/><N who="1" m="17154" /><U113/><DORA hai="38" /><E113/><V36/><F75/><W116/><G116/><T133/><D133/><U21/><E13/><V32/><F36/><W59/><G59/><T62/><D12/><U18/><E18/><V80/><F30/><W53/><G53/><T10/><D105/><AGARI ba="0,1" hai="14,19,21,81,82,97,103,105" m="17154,27775" machi="105" ten="30,2900,0" yaku="6,1,54,1" doraHai="5,38" who="1" fromWho="0" sc="328,-29,165,39,288,0,209,0" />
</Scene>
<Scene>
<INIT seed="5,1,0,0,3,105" ten="299,204,288,209" oya="1" hai0="36,55,129,93,45,33,94,130,6,3,35,101,41" hai1="16,135,80,124,71,83,65,97,91,51,37,1,84" hai2="131,0,89,42,106,74,133,102,15,38,17,2,104" hai3="70,96,78,90,122,72,77,9,108,109,123,49,115"/><U98/><E37/><V40/><F74/><W54/><G70/><T4/><D55/><U111/><E111/><V125/><F133/><W12/><G115/><T126/><D126/><U76/><E124/><V23/><F125/><W68/><G68/><T100/><D94/><U8/><E135/><V75/><F75/><W99/><G78/><T60/><D60/><U69/><E71/><V18/><F131/><N who="0" m="50186" /><D93/><U92/><E69/><V31/><F31/><W39/><G39/><T53/><D53/><U62/><E51/><V59/><F89/><W56/><G90/><T58/><D58/><N who="1" m="37079" /><E1/><V116/><F59/><W119/><G119/><T43/><D43/><U48/><E48/><V13/><F102/><N who="0" m="39530" /><D3/><U7/><E7/><AGARI ba="1,0" hai="4,6,7,33,35,36,41,45" m="39530,50186" machi="7" ten="30,1000,0" yaku="19,1" doraHai="105" who="0" fromWho="1" sc="299,13,204,-13,288,0,209,0" />
</Scene>
<Scene>
<INIT seed="6,0,0,2,3,19" ten="312,191,288,209" oya="2" hai0="127,129,82,5,89,49,100,23,78,15,77,39,84" hai1="46,75,115,14,58,41,32,4,122,113,81,125,44" hai2="38,11,57,72,25,21,64,111,50,1,105,131,120" hai3="97,130,56,88,114,8,2,74,62,92,16,26,110"/><V31/><F120/><W103/><G110/><T9/><D39/><U33/><E122/><V24/><F105/><W45/><G74/><T17/><D129/><U67/><E125/><V94/><F72/><W104/><G130/><T36/><D36/><U52/><E67/><V85/><F38/><W90/><G114/><N who="1" m="43530" /><E4/><V102/><F131/><W73/><G73/><T108/><D108/><U86/><E14/><V76/><F111/><W135/><G135/><T79/><D127/><U7/><E7/><V128/><F1/><W99/><G2/><T119/><D119/><U83/><E75/><V55/><F64/><W66/><G45/><N who="1" m="17514" /><E41/><V34/><F11/><W98/><G104/><T37/><D37/><U101/><E101/><V91/><F128/><W27/><G27/><N who="0" m="14831" /><D100/><U13/><E13/><V134/><F134/><W93/><G103/><T0/><D0/><U80/><E86/><V12/><F102/><W29/><G8/><T48/><AGARI ba="0,0" hai="5,9,15,48,49,77,78,79,82,84,89" m="14831" machi="48" ten="30,2000,0" yaku="8,1,52,1" doraHai="19" who="0" fromWho="0" sc="312,20,191,-5,288,-10,209,-5" />
</Scene>
<Scene>
<INIT seed="7,0,0,5,5,101" ten="332,186,278,204" oya="3" hai0="42,37,99,130,55,67,125,116,13,36,40,108,66" hai1="131,26,31,65,46,12,25,129,68,85,43,47,58" hai2="61,122,94,6,91,23,20,110,48,112,74,113,86" hai3="118,21,27,62,87,96,64,95,34,114,75,105,17"/><W29/><G118/><T5/><D108/><U76/><E68/><V135/><F110/><W63/><G75/><T84/><D130/><N who="1" m="49675" /><E12/><V71/><F135/><W80/><G114/><N who="2" m="44137" /><F74/><W102/><G95/><T3/><D99/><U2/><E2/><V78/><F122/><W22/><G17/><T45/><D84/><U90/><E76/><V33/><F33/><W104/><G104/><T16/><D45/><N who="1" m="16907" /><E43/><V107/><F78/><N who="3" m="46487" /><G63/><T9/><D116/><U92/><E31/><V81/><F107/><W41/><G41/><T128/><D42/><U70/><E70/><AGARI ba="0,0" hai="21,22,27,29,34,62,64,70,96,102,105" m="46487" machi="70" ten="30,2900,0" yaku="25,1,52,1" doraHai="101" who="3" fromWho="1" sc="332,0,186,-29,278,0,204,29" />
</Scene>
<Scene>
<INIT seed="7,1,0,0,3,123" ten="332,157,278,233" oya="3" hai0="83,30,28,42,25,63,99,7,100,101,132,95,62" hai1="68,9,129,70,107,119,121,97,133,89,112,27,103" hai2="37,81,72,79,11,49,57,39,48,50,111,58,80" hai3="54,31,19,20,40,117,94,2,87,61,108,84,46"/><W134/><G117/><T128/><D132/><U93/><E121/><V122/><F122/><W41/><G2/><T53/><D128/><U109/><E109/><V35/><F35/><W77/><G134/><T118/><D118/><U104/><E133/><V124/><F111/><W12/><G108/><T52/><D42/><N who="3" m="16489" /><G77/><T116/><D116/><U47/><E119/><V105/><F105/><W21/><G94/><T78/><D7/><U113/><E129/><V73/><F124/><W0/><G0/><T18/><D101/><U1/><E107/><V33/><F33/><W65/><G65/><T69/><D18/><U64/><E27/><V102/><F102/><W45/><G61/><N who="0" m="23051" /><D69/><U71/><E64/><V75/><F11/><W135/><G135/><T86/><D25/><U34/><E34/><V91/><F91/><W126/><G126/><T92/><D95/><U13/><E1/><V26/><F26/><N who="3" m="16847" /><G46/><T125/><D125/><U59/><E47/><V127/><F127/><W10/><G10/><T32/><D32/><U76/><E76/><V106/><F106/><W23/><G23/><T90/><D78/><U55/><E55/><AGARI ba="1,0" hai="28,30,52,53,55,83,86,90,92,99,100" m="23051" machi="55" ten="30,2000,0" yaku="8,1,54,1" doraHai="123" who="0" fromWho="1" sc="332,23,157,-23,278,0,233,0" owari="355,46.0,134,-37.0,278,8.0,233,-17.0" />
</Scene>
</mjloggm>