<mjloggm ver="2.3"><GO type="169"/><UN n0="%43%52%41%57%4C" n1="%E3%81%A9%E3%82%80%E3%81%93" n2="%E5%A5%88%E8%90%BD%E3%81%AE%E7%8E%8B" n3="%41%53%41%50%49%4E" dan="16,16,17,18" rate="2093,2078,2205,2245" sx="M,F,M,M"/><TAIKYOKU oya="0"/>

<Scene>
<INIT seed="0,0,0,4,2,7" ten="250,250,250,250" oya="0" hai0="42,89,85,112,3,72,77,124,68,38,32,87,81" hai1="5,8,34,10,57,28,118,93,23,105,59,27,47" hai2="132,9,135,101,104,121,61,48,20,56,83,103,19" hai3="63,109,90,128,46,116,65,37,98,25,26,120,123"/><T54/><D112/><U1/><E105/><V69/><F121/><N who="3" m="46667" /><G116/><T96/><D68/><U17/><E118/><V51/><F69/><W22/><G109/><T92/><D32/><U49/><E93/><V129/><F129/><W44/><G128/><T53/><D124/><U84/><E84/><V100/><F104/><W58/><G37/><T117/><D117/><U102/><E102/><V21/><F83/><W11/><G26/><T108/><D108/><U113/><E113/><V40/><F9/><W82/><G11/><T14/><D3/><U29/><E29/><V16/><F40/><W79/><G98/><T2/><D2/><U67/><E8/><V39/><F39/><W78/><G90/><T12/><D42/><U35/><E67/><V31/><F31/><N who="3" m="17847" /><G79/><T70/><D38/><U114/><E35/><V73/><F73/><AGARI ba="0,0" hai="44,46,58,63,65,73,78,82" m="17847,46667" machi="73" ten="30,1000,0" yaku="13,1" doraHai="7" who="3" fromWho="2" sc="250,0,250,0,250,-10,250,10" />
</Scene>
<Scene>
<INIT seed="1,0,0,2,5,36" ten="250,250,240,260" oya="1" hai0="69,84,20,86,26,131,124,102,81,123,19,89,96" hai1="18,100,15,55,133,51,25,80,9,97,122,24,116" hai2="83,29,58,48,67,39,134,60,22,64,74,117,127" hai3="34,114,129,87,79,47,111,5,27,44,2,0,121"/><U16/><E133/><V38/><F117/><W126/><G114/><T54/><D69/><U130/><E122/><V125/><F134/><W37/><G121/><T53/><D123/><U56/><E116/><V50/><F29/><W118/><G118/><T75/><D75/><U66/><E130/><V101/><F22/><W10/><G129/><T90/><D131/><U63/><E80/><V11/><F101/><W135/><G135/><T13/><D124/><N who="2" m="47690" /><F11/><W35/><G111/><T57/><D57/><U98/><E18/><V76/><F67/><W41/><G126/><T70/><D70/><U28/><E28/><V105/><F105/><W109/><G109/><T78/><D26/><N who="1" m="10347" /><E100/><V72/><F72/><W92/><G27/><T115/><D115/><U14/><E14/><V91/><F91/><W88/><G0/><T32/><D32/><U46/><AGARI ba="0,0" hai="9,15,16,46,51,55,56,63,66,97,98" m="10347" machi="46" ten="30,3000,0" yaku="8,1,54,1" doraHai="36" who="1" fromWho="1" sc="250,-10,250,30,240,-10,260,-10" />
</Scene>
<Scene>
<INIT seed="1,1,0,0,2,103" ten="240,280,230,250" oya="1" hai0="40,129,42,119,100,126,54,81,52,127,73,128,94" hai1="83,39,107,62,70,44,7,74,122,26,64,28,9" hai2="67,17,29,30,78,14,63,116,25,86,21,117,132" hai3="102,31,121,48,87,49,6,15,8,120,96,35,130"/><U47/><E122/><V93/><F132/><W33/><G130/><N who="0" m="50283" /><D119/><U0/><E39/><V98/><F116/><W82/><G121/><T18/><D18/><U12/><E12/><V118/><F118/><W19/><G120/><T37/><D94/><U133/><E133/><V90/><F117/><W106/><G19/><T46/><D100/><U134/><E134/><V124/><F124/><N who="0" m="47658" /><D42/><U2/><E2/><V22/><F30/><W57/><G31/><T56/><D56/><U65/><E65/><V13/><F98/><W27/><G27/><T20/><D20/><U89/><E107/><V10/><F67/><W5/><G5/><T34/><D34/><U79/><REACH who="1" step="1"/><E89/><REACH who="1" ten="240,270,230,250" step="2"/><V55/><F90/><W92/><G106/><T131/><D131/><U68/><E68/><V11/><F14/><W101/><G101/><T45/><D45/><U24/><E24/><V112/><F13/><W95/><G102/><T135/><D135/><U114/><E114/><V123/><F25/><W110/><G33/><AGARI ba="1,1" hai="0,7,9,26,28,33,44,47,62,64,70,74,79,83" machi="33" ten="30,5800,0" yaku="1,1,7,1,53,1" doraHai="103" doraHaiUra="75" who="1" fromWho="3" sc="240,0,270,71,230,0,250,-61" />
</Scene>
<Scene>
<INIT seed="1,2,0,0,2,36" ten="240,341,230,189" oya="1" hai0="97,128,98,121,58,24,33,127,57,47,0,77,19" hai1="106,9,109,22,29,5,99,37,60,11,113,12,20" hai2="94,83,38,101,69,104,10,111,68,34,81,44,100" hai3="51,89,82,65,76,64,72,53,130,42,59,8,122"/><U28/><E37/><V87/><F34/><W7/><G130/><T78/><D0/><N who="1" m="167" /><E60/><V49/><F38/><W129/><G129/><T13/><D128/><U114/><E99/><N who="0" m="37897" /><D121/><U131/><E106/><V6/><F104/><W23/><G122/><T134/><D33/><U107/><E107/><V67/><F94/><W71/><G71/><T56/><D24/><U21/><E131/><V25/><F25/><W43/><G89/><T102/><D102/><U110/><E29/><V62/><F69/><W55/><G23/><N who="0" m="11759" /><D47/><U32/><E28/><V63/><F100/><W119/><G119/><T35/><D35/><U15/><E32/><V16/><F101/><W54/><G51/><T75/><D75/><U45/><E45/><V79/><F44/><W70/><G70/><T118/><D118/><U18/><E15/><V135/><F49/><W125/><G125/><T115/><D127/><U95/><E95/><V105/><F105/><W84/><G72/><T74/><D74/><U92/><E92/><V96/><F68/><W93/><G93/><T108/><D77/><U50/><E50/><V26/><F79/><W48/><G48/><T1/><D78/><U124/><E124/><V41/><F96/><W30/><G30/><T46/><D46/><U39/><E39/><V52/><F63/><W85/><G85/><T86/><D86/><U27/><E27/><V90/><F87/><W116/><G116/><T4/><D57/><U112/><AGARI ba="2,0" hai="11,12,18,20,21,22,109,110,112,113,114" m="167" machi="112" ten="40,3900,0" yaku="34,2" doraHai="36" who="1" fromWho="1" sc="240,-15,341,45,230,-15,189,-15" />
</Scene>
<Scene>
<INIT seed="1,3,0,0,4,2" ten="225,386,215,174" oya="1" hai0="13,39,66,41,71,54,75,120,85,7,114,112,29" hai1="50,108,133,115,6,86,53,124,19,4,51,68,111" hai2="93,37,60,47,55,38,49,127,122,102,79,88,45" hai3="42,132,43,20,74,31,18,30,84,69,57,119,126"/><U103/><E115/><V15/><F122/><W3/><G69/><T32/><D75/><U76/><E68/><V87/><F127/><W28/><G74/><T34/><D120/><U109/><E124/><V17/><F79/><W131/><G126/><T92/><D39/><U52/><E133/><V98/><F60/><W80/><G132/><T11/><D41/><U22/><E103/><V77/><F77/><W23/><G131/><T128/><D128/><U44/><E86/><V73/><F73/><W61/><G119/><T59/><D71/><U65/><E65/><V5/><F47/><W72/><G3/><T121/><D66/><U104/><E104/><V97/><F97/><W8/><G8/><T83/><D121/><U70/><E76/><V21/><REACH who="2" step="1"/><F5/><REACH who="2" ten="225,386,205,174" step="2"/><N who="1" m="2153" /><E70/><V125/><F125/><W63/><G72/><T36/><D114/><U9/><E9/><V123/><F123/><W117/><G63/><T130/><D112/><U35/><E35/><V135/><F135/><W62/><G62/><N who="0" m="36215" /><D130/><U48/><E44/><V90/><F90/><N who="3" m="51463" /><G117/><T25/><D34/><U16/><E19/><V105/><AGARI ba="3,1" hai="15,17,21,37,38,45,49,55,87,88,93,98,102,105" machi="105" ten="20,5200,0" yaku="1,1,0,1,7,1,54,1,53,0" doraHai="2" doraHaiUra="56" who="2" fromWho="2" sc="225,-16,386,-29,205,71,174,-16" />
</Scene>
<Scene>
<INIT seed="2,0,0,0,3,13" ten="209,357,276,158" oya="2" hai0="81,50,63,75,115,98,111,33,40,32,19,95,25" hai1="51,84,24,17,1,80,120,41,65,73,64,113,132" hai2="87,90,85,124,16,97,128,103,27,46,135,99,38" hai3="112,62,110,101,42,105,106,55,36,79,96,72,68"/><V8/><F128/><W119/><G119/><T121/><D115/><U118/><E113/><V3/><F135/><W37/><G112/><T21/><D121/><U14/><E118/><V43/><F124/><W4/><G106/><T26/><D111/><U117/><E1/><V28/><F87/><W39/><G110/><T74/><D63/><U125/><E117/><V122/><F122/><W10/><G55/><T59/><D81/><U58/><E125/><V134/><F134/><W107/><G107/><T5/><D5/><U47/><E132/><V67/><F67/><N who="3" m="41079" /><G42/><T130/><D130/><U57/><E73/><V45/><F45/><W54/><G54/><T12/><D33/><U126/><E24/><V76/><F76/><W86/><G86/><T129/><D129/><U88/><E120/><V104/><F99/><W102/><G102/><T131/><D131/><U100/><E100/><V94/><F3/><N who="3" m="287" /><G79/><T108/><D108/><U30/><E30/><V82/><F104/><W20/><G20/><T109/><D109/><U93/><E93/><V6/><F6/><W56/><G56/><N who="1" m="21610" /><E126/><V18/><F8/><AGARI ba="0,0" hai="8,14,17,41,47,51,64,65,80,84,88" m="21610" machi="8" ten="30,3900,0" yaku="8,1,52,1,54,1" doraHai="13" who="1" fromWho="2" sc="209,0,357,39,276,-39,158,0" />
</Scene>
<Scene>
<INIT seed="3,0,0,5,4,106" ten="209,396,237,158" oya="3" hai0="121,75,52,87,94,117,133,31,41,50,59,19,23" hai1="77,38,12,66,86,109,3,10,92,39,81,131,9" hai2="135,7,4,97,36,13,5,43,21,113,128,58,129" hai3="78,62,115,32,70,119,61,134,54,112,27,124,89"/><W101/><G119/><T11/><D117/><U111/><E131/><N who="2" m="50251" /><F113/><W24/><G134/><T72/><D133/><U40/><E66/><V15/><F135/><W29/><G124/><T51/><D121/><U125/><E125/><V88/><F58/><W80/><G101/><T33/><D11/><U69/><E69/><V30/><F43/><W16/><G89/><N who="0" m="53567" /><D31/><U55/><E55/><V76/><F36/><W103/><G103/><T104/><D33/><U99/><E40/><V47/><F47/><W83/><G83/><T26/><D26/><U107/><E107/><V34/><F76/><W73/><G61/><T79/><D79/><U98/><E3/><V20/><F88/><W90/><G90/><T114/><D104/><U67/><E67/><V6/><F97/><N who="1" m="36873" /><E92/><V105/><F105/><W118/><G118/><T49/><D114/><U108/><E10/><N who="2" m="4295" /><F15/><W2/><G2/><T91/><D91/><U71/><E71/><V82/><F82/><W0/><G0/><T84/><D84/><U25/><E25/><AGARI ba="0,0" hai="5,6,7,20,21,25,30,34" m="4295,50251" machi="25" ten="30,3900,0" yaku="19,1,34,2" doraHai="106" who="2" fromWho="1" sc="209,0,396,-39,237,39,158,0" />
</Scene>
<Scene>
<INIT seed="4,0,0,1,3,90" ten="209,357,276,158" oya="0" hai0="127,58,33,41,8,110,12,105,102,74,11,7,49" hai1="52,10,15,98,68,25,89,116,37,43,80,39,30" hai2="120,44,23,29,91,27,114,111,57,125,2,130,121" hai3="108,51,53,0,69,5,59,22,134,19,1,63,95"/><T46/><D33/><U4/><E68/><V24/><F111/><W70/><G108/><T18/><D110/><U60/><E116/><V94/><F2/><W128/><G128/><T109/><D109/><U103/><E43/><V129/><F114/><W87/><G134/><T42/><D74/><U54/><E80/><V62/><F44/><W86/><G86/><T107/><D127/><U101/><E89/><V50/><F50/><W35/><G35/><T132/><D132/><U36/><E60/><V85/><F125/><W100/><G5/><T26/><D42/><U61/><E61/><V34/><F121/><W79/><G79/><T113/><D113/><U31/><E31/><V13/><F13/><W40/><G40/><T92/><D58/><U38/><E103/><V20/><F120/><W118/><G118/><T32/><D32/><U106/><N who="1" m="9216" /><DORA hai="75" /><U55/><REACH who="1" step="1"/><E54/><REACH who="1" ten="209,347,276,158" step="2"/><V72/><F29/><W93/><G63/><T133/><D133/><U47/><E47/><V115/><F62/><W3/><G100/><T9/><D46/><U76/><E76/><V97/><F91/><W119/><G119/><T66/><D41/><U14/><E14/><V6/><F115/><W71/><REACH who="3" step="1"/><G87/><REACH who="3" ten="209,347,276,148" step="2"/><T112/><D102/><U88/><E88/><N who="2" m="55495" /><F85/><W17/><G17/><T78/><D18/><U124/><E124/><V99/><F130/><W135/><G135/><T131/><D112/><U28/><E28/><V16/><F129/><W117/><G117/><T123/><D131/><U104/><E104/><V81/><F72/><W126/><G126/><T21/><D107/><U45/><E45/><RYUUKYOKU ba="0,2" sc="209,-15,347,15,276,-15,148,15" hai1="4,10,15,25,30,52,55,98,101,106" hai3="0,1,3,19,22,51,53,59,69,70,71,93,95" />
</Scene>
<Scene>
<INIT seed="5,1,2,0,0,53" ten="194,362,261,163" oya="1" hai0="76,52,84,65,19,78,38,3,8,125,14,131,18" hai1="45,107,37,79,40,0,22,63,41,48,113,5,55" hai2="126,68,129,117,36,71,64,44,39,11,122,100,88" hai3="98,26,135,85,15,16,134,61,54,66,111,2,130"/><U73/><E107/><V33/><F33/><W127/><G111/><T112/><D38/><U105/><E105/><V67/><F100/><W59/><G2/><T56/><D3/><U28/><E113/><V102/><F102/><W29/><G130/><T60/><D112/><U87/><E73/><V34/><F34/><W116/><G98/><T13/><D131/><U124/><E124/><V83/><F11/><W91/><G127/><T108/><D108/><U57/><E0/><V110/><F83/><W133/><G116/><T81/><D125/><U94/><E5/><V58/><F126/><W20/><G66/><T6/><D6/><U4/><E4/><V12/><F12/><W62/><G62/><T121/><D121/><U32/><E32/><V21/><F21/><W7/><G7/><T95/><D95/><U35/><E35/><V101/><F129/><W77/><G77/><N who="0" m="46127" /><D65/><U89/><E79/><V82/><F122/><W23/><G85/><T99/><D99/><U46/><E22/><AGARI ba="1,2" hai="8,13,14,18,19,22,52,56,60,76,78" m="46127" machi="22" ten="30,3900,0" yaku="8,1,52,1,54,1" doraHai="53" who="0" fromWho="1" sc="194,62,362,-42,261,0,163,0" />
</Scene>
<Scene>
<INIT seed="6,0,0,5,5,35" ten="256,320,261,163" oya="2" hai0="107,55,40,109,101,13,6,96,78,115,135,88,15" hai1="7,25,21,22,73,37,123,51,67,56,118,23,17" hai2="26,126,103,106,28,97,41,33,72,130,94,69,3" hai3="127,68,39,57,111,38,58,89,92,65,53,114,129"/><V132/><F130/><W0/><G111/><T27/><D109/><U14/><E73/><V61/><F132/><W125/><G92/><T82/><D135/><U112/><E37/><N who="3" m="13834" /><G89/><T113/><D40/><U121/><E118/><V76/><F126/><N who="3" m="48139" /><G0/><T87/><D27/><U102/><E102/><V75/><F94/><W74/><G74/><N who="0" m="43351" /><D55/><N who="1" m="31871" /><E67/><N who="2" m="41199" /><F76/><W116/><G116/><T93/><D6/><U62/><E62/><V66/><F66/><W128/><G114/><AGARI ba="0,0" hai="13,15,87,88,93,96,101,107,113,114,115" m="43351" machi="114" ten="30,3900,0" yaku="24,1,15,1,54,1" doraHai="35" who="0" fromWho="3" sc="256,39,320,0,261,0,163,-39" />
</Scene>
<Scene>
<INIT seed="7,0,0,3,2,88" ten="295,320,261,124" oya="3" hai0="20,53,121,12,45,44,75,50,129,74,131,82,87" hai1="90,98,57,81,34,27,54,46,110,48,83,67,22" hai2="76,31,92,104,96,15,89,105,120,16,56,117,109" hai3="41,125,55,49,30,127,7,106,13,73,18,64,133"/><W93/><G106/><T102/><D121/><U19/><E34/><V112/><F109/><W111/><G73/><T38/><D102/><U95/><E110/><V66/><F117/><W36/><G111/><T128/><D38/><U42/><E67/><V79/><F120/><W123/><G123/><T62/><D44/><U72/><E72/><V39/><F39/><AGARI ba="0,0" hai="19,22,27,39,42,46,48,54,57,81,83,90,95,98" machi="39" ten="30,2000,0" yaku="7,1,52,1" doraHai="88" who="1" fromWho="2" sc="295,0,320,20,261,-20,124,0" owari="295,10.0,340,44.0,241,-16.0,124,-38.0" />
</Scene>
</mjloggm>