<mjloggm ver="2.3"><GO type="169"/><UN n0="%E3%81%A9%E3%82%80%E3%81%93" n1="%E3%81%94%E3%82%8D%E3%81%AB%E3%82%83%E3%83%BC" n2="%41%53%41%50%49%4E" n3="%E3%81%8A%EF%BC%81%E3%81%AA%E3%81%AB%EF%BD%9E%EF%BC%9F" dan="17,16,19,16" rate="2147,2141,2269,2121" sx="M,M,M,M"/><TAIKYOKU oya="0"/>

<Scene>
<INIT seed="0,0,0,3,3,52" ten="250,250,250,250" oya="0" hai0="107,94,121,86,123,80,28,109,64,9,34,35,29" hai1="101,110,131,23,114,0,54,135,112,37,70,20,4" hai2="57,10,51,55,26,111,58,88,69,3,43,96,30" hai3="84,127,31,105,129,108,18,90,95,93,76,99,50"/><T33/><D107/><U14/><E37/><V133/><F69/><W79/><G31/><T102/><D64/><U89/><E70/><V44/><F111/><W85/><G108/><T45/><D109/><U39/><E39/><V117/><F133/><W119/><G119/><T87/><D45/><U122/><E101/><V73/><F73/><W72/><G50/><T22/><D9/><N who="1" m="2183" /><E89/><V113/><F113/><N who="1" m="43625" /><E54/><V118/><F10/><W100/><G18/><T27/><D102/><U82/><E82/><V81/><F3/><W48/><G48/><T59/><D59/><U11/><E110/><V67/><F67/><W77/><G127/><T12/><D94/><U1/><E122/><V49/><F58/><W38/><G38/><T68/><D68/><U6/><E131/><V15/><F15/><W104/><G129/><T62/><D62/><U17/><E135/><V125/><F125/><W92/><G85/><T71/><D71/><U5/><E5/><V13/><F13/><W56/><G56/><T7/><D87/><U106/><E106/><N who="3" m="41066" /><G93/><T66/><D66/><U132/><E132/><V134/><F134/><W91/><G100/><T42/><D42/><U36/><E36/><V126/><F126/><W53/><G53/><T8/><REACH who="0" step="1"/><D29/><REACH who="0" ten="240,250,250,250" step="2"/><U19/><E19/><V61/><F61/><W98/><G84/><T16/><D16/><U40/><E40/><V24/><F30/><W124/><G124/><T103/><D103/><U32/><E32/><V120/><F43/><W78/><N who="3" m="19456" /><DORA hai="63" /><W2/><G2/><T83/><D83/><U65/><E65/><V60/><F81/><RYUUKYOKU ba="0,1" sc="240,10,250,10,250,-30,250,10" hai0="7,8,12,22,27,28,33,34,35,80,86,121,123" hai1="1,6,11,14,17,20,23" hai3="72,90,91,92,95,98,99" />
</Scene>
<Scene>
<INIT seed="0,1,1,2,3,119" ten="250,260,220,260" oya="0" hai0="31,109,23,11,134,41,78,114,112,65,60,22,95" hai1="15,117,33,98,83,122,79,3,124,77,128,34,101" hai2="52,35,54,70,62,93,125,13,84,102,29,59,1" hai3="20,61,88,81,64,44,7,131,75,40,5,91,111"/><T132/><D41/><U36/><E3/><V2/><F125/><W82/><G131/><T105/><D105/><U85/><E117/><V28/><F70/><W18/><G111/><T45/><D109/><U38/><E128/><V90/><F102/><W76/><G7/><T116/><D45/><U103/><E124/><V126/><F126/><W32/><G5/><T51/><D51/><U37/><E79/><V53/><F2/><W56/><G32/><T110/><D110/><U10/><E103/><V68/><F1/><W0/><G0/><T8/><D78/><U30/><E122/><V99/><F68/><W86/><G75/><T47/><D47/><U71/><E30/><V21/><F99/><W46/><G82/><T107/><D95/><U19/><REACH who="1" step="1"/><E71/><REACH who="1" ten="250,250,220,260" step="2"/><V49/><F29/><W121/><G121/><T100/><D116/><U6/><E6/><V104/><F28/><W12/><REACH who="3" step="1"/><G46/><REACH who="3" ten="250,250,220,250" step="2"/><T72/><D114/><U97/><E97/><V27/><F35/><W9/><G9/><T129/><D112/><U118/><E118/><V74/><F74/><W42/><G42/><T87/><D129/><U108/><E108/><V63/><F104/><AGARI ba="1,3" hai="10,15,19,33,34,36,37,38,77,83,85,98,101,104" machi="104" ten="40,1300,0" yaku="1,1,53,0" doraHai="119" doraHaiUra="127" who="1" fromWho="2" sc="250,0,250,46,220,-16,250,0" />
</Scene>
<Scene>
<INIT seed="1,0,0,2,3,44" ten="250,296,204,250" oya="1" hai0="50,75,71,15,103,51,58,76,23,126,39,113,55" hai1="134,42,10,8,82,78,111,77,26,65,33,128,30" hai2="73,107,87,98,91,27,70,127,64,60,93,54,124" hai3="6,19,41,100,40,14,69,81,17,74,110,116,43"/><U49/><E134/><V48/><F73/><W18/><G69/><T62/><D113/><U25/><E128/><V79/><F27/><W114/><G114/><T46/><D126/><U88/><E65/><V61/><F61/><W68/><G68/><T86/><D75/><U16/><E111/><V99/><F79/><W35/><G35/><T80/><D103/><U53/><E42/><V56/><REACH who="2" step="1"/><F107/><REACH who="2" ten="250,296,194,250" step="2"/><W95/><G110/><T36/><D71/><U89/><E78/><V108/><F108/><W24/><G74/><T0/><D62/><U118/><E26/><V90/><F90/><W115/><G115/><T85/><D76/><U47/><E77/><V122/><F122/><W120/><G120/><T109/><D109/><U123/><E123/><V28/><F28/><W34/><G34/><T132/><D132/><U32/><E89/><V67/><F67/><W131/><G24/><T133/><D133/><U3/><E30/><V5/><F5/><W125/><G6/><T83/><D0/><U129/><E25/><V57/><F57/><W66/><G66/><T21/><D58/><U22/><E32/><V135/><F135/><W102/><G14/><T38/><D15/><U59/><E33/><V37/><F37/><W105/><G105/><T7/><D7/><U13/><E3/><V20/><F20/><W12/><G12/><T97/><D38/><U29/><E29/><V4/><F4/><W84/><G17/><T112/><D112/><U31/><E59/><V11/><F11/><W2/><G18/><T119/><D36/><U63/><E63/><V117/><F117/><RYUUKYOKU ba="0,1" sc="250,-10,296,-10,194,30,250,-10" hai2="48,54,56,60,64,70,87,91,93,98,99,124,127" />
</Scene>
<Scene>
<INIT seed="2,1,1,2,4,32" ten="240,286,224,240" oya="2" hai0="45,117,21,111,13,112,118,99,83,61,107,116,71" hai1="132,35,90,2,70,120,89,92,127,133,73,46,60" hai2="8,16,59,84,88,29,25,27,123,110,10,74,129" hai3="125,122,81,98,57,105,63,82,124,18,65,104,115"/><V33/><F123/><W44/><G122/><T103/><D112/><U31/><E120/><V42/><F74/><W23/><G115/><T24/><D111/><U94/><E73/><V6/><F129/><W66/><G66/><N who="0" m="41423" /><D45/><U62/><E70/><V36/><F110/><W41/><G82/><T4/><D83/><U15/><E46/><V80/><F42/><W49/><G81/><T50/><D50/><U7/><E15/><V126/><F36/><W69/><G69/><T17/><D4/><U78/><E78/><V97/><F126/><N who="3" m="48747" /><G98/><T67/><D67/><U43/><E43/><V79/><F59/><W91/><G91/><T30/><D13/><AGARI ba="1,1" hai="13,18,23,41,44,49,57,63,65,104,105" m="48747" machi="13" ten="30,1000,0" yaku="18,1" doraHai="32" who="3" fromWho="0" sc="240,-13,286,0,224,0,240,23" />
</Scene>
<Scene>
<INIT seed="3,0,0,1,3,130" ten="227,286,224,263" oya="3" hai0="119,118,15,17,90,100,29,30,44,82,87,56,132" hai1="38,73,93,71,103,3,19,113,84,62,46,112,110" hai2="79,28,81,18,22,135,131,98,76,64,54,32,123" hai3="68,34,2,58,1,75,108,4,99,91,40,69,60"/><W78/><G34/><T63/><D100/><U128/><E73/><V121/><F131/><W48/><G108/><T126/><D126/><U129/><E3/><V39/><F39/><W125/><G125/><T106/><D106/><U47/><E110/><V50/><F64/><W74/><G48/><T27/><D44/><U49/><E38/><V65/><F65/><W86/><G40/><T41/><D41/><U10/><E62/><V127/><F127/><W70/><G99/><T109/><D109/><U85/><E103/><V89/><F28/><W97/><G97/><T23/><D30/><U61/><E61/><V6/><F6/><W77/><G75/><T51/><D51/><U94/><E10/><V133/><F32/><W80/><G4/><T20/><REACH who="0" step="1"/><D132/><REACH who="0" ten="217,286,224,263" step="2"/><N who="2" m="50762" /><F123/><W107/><G107/><T9/><D9/><U26/><E49/><V111/><F121/><W5/><G5/><T11/><D11/><U7/><E7/><V117/><F111/><W25/><G2/><T59/><D59/><U95/><E71/><V102/><F102/><W52/><G1/><T134/><D134/><U0/><E0/><V24/><F117/><W105/><G105/><T13/><D13/><U36/><E36/><V96/><F89/><W33/><G74/><T88/><D88/><U35/><E128/><V101/><F101/><W104/><G104/><T122/><D122/><U124/><E129/><V43/><F43/><W120/><G120/><T8/><D8/><U114/><E124/><V14/><F14/><W37/><G37/><T57/><D57/><U45/><E113/><V16/><F50/><RYUUKYOKU ba="0,1" sc="217,15,286,-15,224,-15,263,15" hai0="15,17,20,23,27,29,56,63,82,87,90,118,119" hai3="25,33,52,58,60,68,69,70,77,78,80,86,91" />
</Scene>
<Scene>
<INIT seed="3,1,1,1,5,43" ten="232,271,209,278" oya="3" hai0="68,84,67,102,75,131,24,30,48,11,53,128,15" hai1="116,81,97,45,70,104,25,110,66,9,113,12,40" hai2="46,132,5,7,87,14,100,124,108,109,49,78,27" hai3="3,73,115,21,133,33,28,117,130,50,29,37,82"/><W10/><G115/><T88/><D75/><U95/><E113/><V16/><F132/><W76/><G117/><T107/><D102/><U72/><E116/><V112/><F112/><W127/><G133/><T90/><D107/><U86/><E72/><V42/><F124/><W106/><G33/><T55/><D67/><U17/><E104/><V77/><F100/><W91/><G106/><T1/><D68/><U63/><E25/><V65/><F65/><W98/><G127/><T56/><D1/><U18/><E110/><N who="2" m="42603" /><F27/><W59/><G37/><T8/><D55/><U121/><E121/><V31/><F31/><W13/><G3/><T32/><D90/><U44/><E40/><V6/><F87/><W41/><G21/><AGARI ba="1,1" hai="5,6,7,14,16,21,42,46,49,77,78" m="42603" machi="21" ten="30,3900,0" yaku="14,1,52,1,54,1" doraHai="43" who="2" fromWho="3" sc="232,0,271,0,209,52,278,-42" />
</Scene>
<Scene>
<INIT seed="4,0,0,1,1,77" ten="232,271,261,236" oya="0" hai0="74,30,63,65,116,18,76,10,11,50,73,104,55" hai1="134,130,52,93,25,101,23,123,133,128,46,70,125" hai2="58,16,103,24,15,81,119,72,44,56,117,20,129" hai3="0,131,53,62,21,83,29,5,61,95,108,41,66"/><T114/><D116/><N who="2" m="44618" /><F129/><N who="1" m="49769" /><E70/><V9/><F103/><W98/><G131/><T113/><D104/><U92/><E123/><V102/><F44/><W68/><G41/><T78/><D30/><N who="1" m="17727" /><E101/><V14/><F14/><W132/><G132/><N who="1" m="50794" /><E46/><V26/><F102/><W126/><G108/><T59/><D18/><U4/><E4/><N who="2" m="3495" /><F26/><W90/><G5/><T33/><D33/><U111/><E111/><V60/><F60/><W122/><G122/><T45/><D73/><U86/><E52/><V96/><F96/><W28/><G0/><T127/><D74/><U43/><E43/><V19/><F19/><W91/><G21/><T110/><D110/><U35/><E35/><V42/><F42/><W69/><G53/><T54/><D54/><U82/><E125/><V87/><F72/><W31/><G126/><T1/><D127/><U49/><E49/><V67/><F67/><W7/><G7/><N who="0" m="1391" /><D11/><U51/><E51/><V13/><F24/><W38/><G38/><T89/><D89/><AGARI ba="0,0" hai="82,86,89,92,93" m="50794,17727,49769" machi="89" ten="30,3900,0" yaku="19,1,20,1,52,1" doraHai="77" who="1" fromWho="0" sc="232,-39,271,39,261,0,236,0" /><AGARI ba="0,0" hai="13,16,20,56,58,81,87,89" m="3495,44618" machi="89" ten="30,3900,0" yaku="12,1,52,1,54,1" doraHai="77" who="2" fromWho="0" sc="193,-39,310,0,261,39,236,0" />
</Scene>
<Scene>
<INIT seed="5,0,0,3,0,5" ten="154,310,300,236" oya="1" hai0="67,37,87,0,61,108,75,68,134,29,21,52,25" hai1="97,113,2,55,33,76,58,107,56,16,9,114,34" hai2="77,46,94,72,42,126,6,102,57,40,96,117,79" hai3="70,17,100,124,28,123,14,133,66,11,69,122,112"/><U4/><E76/><V105/><F126/><W89/><G124/><T23/><D75/><U26/><E107/><V44/><F117/><W60/><G133/><T71/><D108/><U32/><E97/><V1/><F105/><W129/><G129/><T53/><D134/><U127/><E127/><V13/><F1/><W125/><G125/><T54/><D37/><U82/><E82/><V85/><F72/><W35/><G70/><T132/><D132/><U47/><E47/><N who="2" m="17963" /><F57/><W3/><G3/><T8/><D87/><U59/><E55/><V63/><F63/><W74/><G74/><T90/><D90/><U104/><E104/><V15/><F15/><W10/><G112/><N who="1" m="43114" /><E16/><V128/><F128/><W22/><G100/><T95/><D95/><U98/><E98/><V135/><F135/><W106/><G106/><T48/><D71/><U121/><E121/><V92/><F92/><W109/><G109/><T99/><D99/><U86/><E86/><V116/><F85/><W39/><G39/><T31/><D31/><AGARI ba="0,0" hai="2,4,9,26,31,32,33,34,56,58,59" m="43114" machi="31" ten="30,2900,0" yaku="15,1,52,1" doraHai="5" who="1" fromWho="0" sc="154,-29,310,29,300,0,236,0" />
</Scene>
<Scene>
<INIT seed="5,1,0,3,5,126" ten="125,339,300,236" oya="1" hai0="125,10,84,99,30,41,27,115,26,121,36,108,102" hai1="28,60,8,1,113,51,92,2,0,25,18,88,117" hai2="59,98,34,101,104,100,118,66,132,74,14,11,61" hai3="38,44,69,89,97,23,128,13,123,78,63,72,29"/><U50/><E117/><V57/><F118/><W19/><G123/><T12/><D121/><U110/><E113/><V54/><F74/><W71/><G29/><T107/><D108/><U112/><E112/><V45/><F132/><W65/><G128/><T24/><D115/><U37/><E37/><V86/><F34/><W135/><G135/><T21/><D125/><U109/><E60/><V40/><F100/><W64/><G72/><T62/><D84/><U134/><E134/><V119/><F119/><W122/><G78/><T85/><D85/><N who="1" m="52239" /><E18/><V93/><F86/><W53/><G122/><T15/><D15/><U124/><E8/><V94/><F59/><W87/><G97/><T130/><D130/><U39/><E39/><V129/><F129/><W6/><G6/><T106/><D106/><U103/><E103/><V33/><F33/><W82/><G53/><T95/><D107/><U76/><E76/><V131/><F54/><W42/><REACH who="3" step="1"/><G65/><REACH who="3" ten="125,339,300,226" step="2"/><T56/><D41/><U32/><E124/><V81/><F131/><W16/><G16/><N who="0" m="8215" /><D36/><U73/><E73/><V105/><F66/><AGARI ba="1,1" hai="21,24,26,27,30,56,62,66,95,99,102" m="8215" machi="66" ten="30,3900,0" yaku="25,1,8,1,54,1" doraHai="126" who="0" fromWho="2" sc="125,52,339,0,300,-42,226,0" />
</Scene>
<Scene>
<INIT seed="6,0,0,4,1,43" ten="177,339,258,226" oya="2" hai0="122,1,74,12,121,27,52,119,92,39,5,101,93" hai1="115,75,0,58,123,95,49,131,77,37,45,127,68" hai2="86,80,90,81,104,103,4,102,33,19,3,14,69" hai3="76,31,73,23,56,15,114,16,64,62,94,126,55"/><V83/><F69/><W48/><G126/><T22/><D74/><U6/><E68/><V67/><F67/><W44/><G114/><T116/><D39/><U84/><E115/><V54/><F33/><W113/><G113/><T99/><D1/><U35/><E35/><V107/><F4/><W41/><G73/><T108/><D108/><U17/><E37/><V130/><F3/><W117/><G117/><T82/><D82/><N who="2" m="31850" /><F54/><W32/><G76/><T89/><D12/><U106/><E77/><V28/><F28/><W71/><G32/><T91/><D5/><U100/><E75/><V47/><F47/><W30/><REACH who="3" step="1"/><G94/><REACH who="3" ten="177,339,258,216" step="2"/><T129/><D93/><U40/><E127/><V132/><F83/><W98/><G98/><T63/><D122/><U109/><E123/><V18/><F107/><W10/><G10/><T88/><D121/><U120/><E120/><V38/><F104/><W24/><G24/><T50/><D129/><U118/><E106/><V70/><F130/><W125/><G125/><T72/><D72/><U21/><E131/><V85/><F86/><W29/><G29/><N who="0" m="17655" /><D119/><U87/><E118/><V97/><F85/><W13/><G13/><T36/><D116/><U57/><E84/><V133/><F14/><W124/><G124/><T11/><D11/><U111/><E111/><V112/><F112/><W65/><G65/><T9/><D9/><N who="1" m="2247" /><E109/><V26/><F26/><W78/><G78/><T51/><D36/><AGARI ba="0,1" hai="15,16,23,30,31,36,41,44,48,55,56,62,64,71" machi="36" ten="30,12000,2" yaku="1,1,7,1,24,2,52,1,54,1,53,1" doraHai="43" doraHaiUra="61" who="3" fromWho="0" sc="177,-120,339,0,258,0,216,130" />
</Scene>
<Scene>
<INIT seed="7,0,0,2,3,63" ten="57,339,258,346" oya="3" hai0="31,87,127,33,133,52,92,95,29,76,2,53,56" hai1="124,120,50,88,57,75,121,1,35,45,64,41,15" hai2="19,67,3,117,79,46,84,5,21,55,54,134,82" hai3="51,62,112,89,125,47,58,123,9,108,72,119,109"/><W65/><G119/><T37/><D37/><U27/><E1/><V38/><F134/><W107/><G123/><T25/><D133/><U113/><E75/><V16/><F117/><W34/><G34/><T12/><D127/><U73/><E73/><V122/><F122/><W131/><G125/><T23/><D2/><U116/><E124/><V115/><F115/><W68/><G112/><T59/><D31/><U81/><E113/><V114/><F114/><W28/><G28/><T60/><D33/><U10/><E116/><V110/><F110/><N who="3" m="42603" /><G131/><T42/><D42/><U97/><E35/><V70/><F5/><W66/><G107/><T36/><D12/><U32/><E32/><V43/><F3/><W102/><G102/><T86/><D36/><U48/><E27/><V85/><F85/><W83/><G9/><T26/><D76/><U106/><E106/><V111/><F111/><W8/><G8/><T74/><D74/><U129/><E129/><V39/><F39/><W90/><G66/><T71/><D71/><U105/><E64/><V49/><F38/><W98/><G98/><T17/><D26/><U24/><E24/><V77/><F77/><N who="3" m="44455" /><G68/><T6/><D29/><U0/><E0/><V118/><F118/><W135/><G135/><T69/><D6/><N who="1" m="3543" /><E105/><V104/><F104/><W44/><G44/><T101/><D69/><U14/><E14/><V13/><REACH who="2" step="1"/><F19/><REACH who="2" ten="57,339,248,346" step="2"/><W91/><G91/><T30/><D30/><U80/><E120/><V130/><F130/><W126/><G126/><T18/><D18/><U99/><E121/><V22/><F22/><W40/><AGARI ba="0,1" hai="40,47,51,58,62,65,89,90" m="44455,42603" machi="40" ten="30,6000,0" yaku="5,1,10,1,52,1" doraHai="63" who="3" fromWho="3" sc="57,-20,339,-20,248,-20,346,70" owari="37,-46.0,319,12.0,228,-17.0,416,51.0" />
</Scene>
</mjloggm>