<mjloggm ver="2.3"><GO type="169" lobby="0"/><UN n0="%6D%65%24%6F" n1="%41%53%41%50%49%4E" n2="%E2%98%86%E3%82%82%E3%81%B5%E3%82%82%E3%81%B5%E2%98%86" n3="%E9%8A%80%E3%81%AE%E4%BA%BA" dan="16,19,16,16" rate="2071.24,2234.53,2057.53,2043.12" sx="M,M,M,M"/><TAIKYOKU oya="0"/>

<Scene>
<INIT seed="0,0,0,4,4,22" ten="250,250,250,250" oya="0" hai0="70,125,32,79,19,105,98,15,88,131,5,38,109" hai1="89,72,45,24,1,42,91,10,56,49,59,20,28" hai2="97,17,33,55,54,21,50,6,77,133,135,30,134" hai3="8,7,123,11,3,118,124,4,87,121,74,36,101"/><T58/><D70/><U47/><E72/><V64/><F64/><W18/><G74/><T93/><D38/><U40/><E1/><V31/><F6/><W110/><G36/><T80/><D131/><U111/><E111/><V34/><F77/><W106/><G106/><T103/><D109/><U43/><E10/><V117/><F97/><W52/><G101/><T83/><D32/><N who="2" m="12394" /><F117/><W13/><G118/><T2/><D125/><U120/><E120/><N who="3" m="46154" /><G124/><T84/><D2/><U122/><E122/><V35/><N who="2" m="12402" /><V44/><DORA hai="60" /><F55/><W129/><G87/><T65/><D5/><U86/><E91/><V75/><F75/><W107/><G107/><T69/><D69/><U63/><E47/><V85/><F85/><W130/><G52/><T73/><D58/><U61/><E56/><V119/><F119/><W94/><G94/><T81/><REACH who="0" step="1"/><D65/><REACH who="0" ten="240,250,250,250" step="2"/><N who="1" m="39103" /><E63/><V16/><F17/><W46/><G110/><T23/><AGARI ba="0,1" hai="15,19,23,73,79,80,81,83,84,88,93,98,103,105" machi="23" ten="20,18000,2" yaku="1,1,0,1,7,1,24,2,54,1,53,1" doraHai="22,60" doraHaiUra="96,114" who="0" fromWho="0" sc="240,190,250,-60,250,-60,250,-60" />
</Scene>
<Scene>
<INIT seed="0,1,0,1,1,94" ten="430,190,190,190" oya="0" hai0="133,8,30,26,21,39,45,58,27,65,96,60,10" hai1="134,0,114,131,112,76,24,61,88,101,108,70,99" hai2="123,47,98,91,38,52,62,42,89,35,74,93,132" hai3="113,44,84,56,43,54,25,1,83,19,36,46,13"/><T117/><D117/><U92/><E0/><V2/><F123/><W100/><G1/><T4/><D133/><U118/><E118/><V48/><F74/><W69/><G113/><N who="1" m="43626" /><E134/><V79/><F132/><W64/><G25/><T121/><D121/><U105/><E108/><V9/><F79/><W68/><G100/><T124/><D124/><U104/><E131/><V40/><F35/><W77/><G46/><T29/><D4/><U34/><E76/><V67/><F91/><W3/><G3/><T87/><D87/><U126/><E126/><V23/><F23/><W111/><G111/><T127/><D127/><U17/><E101/><V86/><F86/><W102/><G102/><T11/><D39/><U28/><E17/><V20/><F20/><W51/><REACH who="3" step="1"/><G64/><AGARI ba="1,0" hai="24,28,34,61,64,70,88,92,99,104,105" m="43626" machi="64" ten="30,3900,0" yaku="11,1,52,1,54,1" doraHai="94" who="1" fromWho="3" sc="430,0,190,42,190,0,190,-42" />
</Scene>
<Scene>
<INIT seed="1,0,0,1,1,68" ten="430,232,190,148" oya="1" hai0="35,28,126,30,16,39,43,117,108,128,12,112,116" hai1="42,78,121,105,103,118,89,23,17,14,106,38,113" hai2="85,131,83,135,67,97,86,56,13,69,51,99,60" hai3="64,40,10,4,0,55,74,25,18,58,33,91,129"/><U72/><E113/><V110/><F110/><W6/><G74/><T114/><D43/><U100/><E118/><N who="0" m="45673" /><D39/><U20/><E121/><V62/><F135/><W111/><G111/><T115/><D108/><U109/><E109/><V77/><F131/><W124/><G129/><T96/><D96/><U7/><E7/><V73/><F51/><W101/><G101/><T46/><D46/><U127/><E127/><V31/><F31/><N who="0" m="11818" /><D35/><U53/><E23/><V26/><F26/><W47/><G124/><T104/><D104/><U1/><E1/><V11/><F85/><W21/><G64/><T79/><D79/><U15/><E15/><V93/><F73/><W32/><G6/><T94/><D94/><U63/><E89/><V9/><F13/><W2/><G2/><T48/><D48/><U120/><E105/><V44/><F44/><W5/><G5/><T80/><D80/><U29/><E106/><V27/><F27/><W52/><G55/><T84/><D84/><U134/><E53/><V71/><F99/><W22/><G22/><N who="0" m="11527" /><D128/><U107/><E107/><V88/><REACH who="2" step="1"/><F71/><REACH who="2" ten="430,232,180,148" step="2"/><W34/><G47/><T130/><D130/><U132/><E72/><V24/><F24/><W57/><G40/><T125/><AGARI ba="0,1" hai="112,114,115,125,126" m="11527,11818,45673" machi="125" ten="40,5200,0" yaku="34,2,54,1" doraHai="68" who="0" fromWho="0" sc="430,62,232,-26,180,-13,148,-13" />
</Scene>
<Scene>
<INIT seed="2,0,0,0,0,12" ten="492,206,167,135" oya="2" hai0="93,87,131,50,126,59,43,58,11,117,14,64,69" hai1="79,128,75,115,106,127,63,80,116,23,56,16,47" hai2="62,92,90,97,85,9,99,18,84,22,49,35,121" hai3="0,30,34,110,40,32,94,51,111,73,130,119,102"/><V132/><F35/><W103/><G73/><T31/><D126/><U70/><E128/><V109/><F121/><W72/><G72/><T133/><D131/><U5/><E127/><V4/><F132/><W74/><G74/><T108/><D117/><U135/><E135/><V44/><F109/><N who="3" m="41483" /><G130/><T68/><D133/><U105/><E115/><V54/><F62/><W123/><G0/><T24/><D108/><U17/><E116/><V120/><F120/><W25/><G119/><T45/><D68/><U29/><E70/><V27/><REACH who="2" step="1"/><F99/><REACH who="2" ten="492,206,157,135" step="2"/><N who="3" m="59767" /><G123/><T78/><D69/><U8/><E63/><V129/><F129/><W112/><G112/><T28/><D64/><U36/><E105/><V57/><F57/><W39/><G39/><T21/><D59/><U19/><E56/><V91/><F91/><W124/><G124/><T113/><D58/><U82/><E106/><V48/><F48/><W65/><G65/><T122/><D113/><U46/><E36/><V61/><F61/><W86/><G34/><T81/><D122/><U125/><E125/><V15/><AGARI ba="0,1" hai="4,9,15,18,22,27,44,49,54,84,85,90,92,97" machi="15" ten="20,18000,2" yaku="1,1,0,1,7,1,8,1,52,1,53,1" doraHai="12" doraHaiUra="3" who="2" fromWho="2" sc="492,-60,206,-60,157,190,135,-60" />
</Scene>
<Scene>
<INIT seed="2,1,0,4,5,38" ten="432,146,347,75" oya="2" hai0="5,31,71,0,14,101,86,134,90,135,39,11,128" hai1="32,41,107,53,23,80,18,82,122,129,24,30,6" hai2="94,21,97,93,125,44,74,99,65,84,126,58,40" hai3="89,69,55,124,20,54,26,64,12,123,10,34,77"/><V119/><F119/><W111/><G123/><T22/><D71/><U68/><E107/><V70/><F74/><W37/><G37/><T76/><D76/><U85/><E122/><V36/><F70/><W47/><G111/><T121/><D121/><U117/><E117/><V73/><F73/><W46/><G34/><T132/><D101/><U19/><E129/><V79/><F21/><W110/><G110/><T102/><D102/><U56/><E68/><V108/><F108/><W51/><G77/><T35/><D39/><U27/><E6/><V50/><F79/><W131/><G124/><N who="2" m="47721" /><F84/><W104/><G104/><T103/><D103/><U105/><E105/><V45/><F58/><W118/><G131/><T115/><D115/><U112/><E112/><V62/><F62/><W52/><G118/><T95/><D128/><U25/><E85/><V63/><F63/><W92/><G64/><T87/><D87/><U91/><E56/><V96/><F65/><W88/><G89/><T9/><D35/><U114/><E91/><V106/><F106/><W49/><G69/><T116/><D116/><U59/><E114/><V28/><F28/><W4/><G54/><AGARI ba="1,0" hai="36,40,44,45,50,54,93,94,96,97,99" m="47721" machi="54" ten="30,2900,0" yaku="18,1,52,1" doraHai="38" who="2" fromWho="3" sc="432,0,146,0,347,32,75,-32" />
</Scene>
<Scene>
<INIT seed="2,2,0,4,3,76" ten="432,146,379,43" oya="2" hai0="4,115,16,79,25,74,105,135,9,121,36,39,28" hai1="100,54,68,60,110,53,40,17,102,55,81,63,94" hai2="72,112,122,107,6,13,18,10,114,51,119,35,47" hai3="71,132,37,91,86,57,19,33,20,104,130,65,32"/><V23/><F119/><W108/><G37/><T131/><D121/><U97/><E110/><V95/><F122/><W1/><G1/><T96/><D115/><U92/><E40/><V46/><F107/><W73/><G73/><T24/><D135/><U66/><E17/><V99/><F72/><W109/><G71/><T11/><D131/><U5/><E5/><V56/><F35/><W43/><G104/><T89/><D74/><U21/><E21/><V77/><F77/><W58/><G33/><T101/><D79/><U83/><E63/><V67/><F114/><W111/><G130/><T29/><D89/><U61/><E61/><N who="2" m="38311" /><F112/><W31/><G132/><T118/><D118/><U127/><E127/><V84/><F84/><W116/><G32/><T106/><D4/><U126/><E126/><V80/><F80/><W117/><G117/><T27/><D27/><U129/><E129/><V64/><F64/><W34/><G34/><T87/><D87/><U85/><E85/><V103/><F51/><W49/><G116/><T41/><D41/><U48/><E48/><V93/><F93/><W15/><G109/><T22/><D101/><U38/><E38/><V128/><F128/><W14/><G108/><T62/><D96/><AGARI ba="2,0" hai="53,54,55,60,66,68,81,83,92,94,96,97,100,102" machi="96" ten="40,5200,0" yaku="9,1,52,2" doraHai="76" who="1" fromWho="0" sc="432,-58,146,58,379,0,43,0" />
</Scene>
<Scene>
<INIT seed="3,0,0,0,3,64" ten="374,204,379,43" oya="3" hai0="91,27,84,14,30,99,70,116,54,86,103,31,100" hai1="3,120,42,114,37,132,68,72,115,60,11,135,122" hai2="105,46,101,57,34,12,28,45,5,109,38,95,16" hai3="1,107,83,7,93,33,43,8,119,130,44,13,106"/><W32/><G119/><T65/><D116/><U121/><E72/><V69/><F69/><W118/><G118/><T22/><D31/><U89/><E89/><V75/><F75/><W36/><G93/><T110/><D110/><U82/><E82/><V113/><F113/><N who="1" m="43017" /><E11/><V111/><F105/><W63/><G130/><T19/><D54/><U40/><E3/><V127/><F127/><W53/><G13/><T92/><D65/><N who="1" m="40999" /><E37/><V52/><F38/><W35/><REACH who="3" step="1"/><G83/><REACH who="3" ten="374,204,379,33" step="2"/><T9/><D92/><U48/><E42/><V77/><F95/><W58/><AGARI ba="0,1" hai="1,7,8,32,33,35,36,43,44,53,58,63,106,107" machi="58" ten="40,12000,1" yaku="1,1,2,1,0,1,53,1" doraHai="64" doraHaiUra="6" who="3" fromWho="3" sc="374,-40,204,-40,379,-40,33,130" />
</Scene>
<Scene>
<INIT seed="3,1,0,1,2,115" ten="334,164,339,163" oya="3" hai0="55,133,134,114,40,121,62,50,111,91,56,39,96" hai1="25,18,30,54,85,24,72,41,78,13,132,131,22" hai2="38,31,60,33,11,14,16,107,28,112,79,46,128" hai3="97,102,73,116,36,135,1,117,70,104,119,109,53"/><W68/><G53/><T19/><D121/><U4/><E72/><V61/><F112/><W75/><G135/><N who="0" m="51723" /><D114/><U45/><E132/><V32/><F107/><W63/><G63/><T37/><D19/><U51/><E131/><V9/><F128/><W64/><G64/><N who="0" m="38983" /><D91/><U110/><E110/><V118/><F118/><W88/><G88/><T124/><D96/><U71/><E71/><N who="3" m="27178" /><G109/><T27/><D27/><U2/><E25/><V90/><F90/><W105/><G1/><T58/><D111/><U57/><E2/><V23/><F38/><N who="0" m="14346" /><D40/><U52/><E4/><V93/><F32/><W129/><G104/><T35/><D35/><U77/><E85/><V113/><F33/><W5/><G5/><T8/><D8/><U34/><REACH who="1" step="1"/><E54/><REACH who="1" ten="334,154,339,163" step="2"/><V6/><F6/><W130/><G36/><AGARI ba="1,1" hai="13,18,22,24,30,34,36,41,45,51,52,57,77,78" machi="36" ten="30,7700,0" yaku="1,1,2,1,7,1,54,1,53,0" doraHai="115" doraHaiUra="92" who="1" fromWho="3" sc="334,0,154,90,339,0,163,-80" />
</Scene>
<Scene>
<INIT seed="4,0,0,2,5,34" ten="334,244,339,83" oya="0" hai0="86,74,49,70,92,122,18,9,59,44,45,68,25" hai1="52,102,58,81,21,27,93,121,12,116,123,105,36" hai2="51,11,96,22,17,94,84,72,91,75,120,115,50" hai3="99,76,124,16,47,131,114,108,71,118,46,42,78"/><T104/><D74/><U97/><E116/><V7/><F120/><W6/><G71/><T107/><D122/><U13/><E36/><V8/><F115/><W127/><G6/><T85/><D68/><U57/><E121/><V111/><F111/><W23/><G108/><T119/><D70/><U35/><E123/><V20/><F75/><W60/><G114/><T43/><D119/><U95/><E35/><V106/><F72/><W54/><G118/><T135/><D135/><U24/><E81/><V129/><F129/><W117/><G117/><T32/><D32/><U15/><E57/><V41/><F106/><W103/><G131/><T38/><D59/><U90/><E21/><V98/><F22/><W69/><G69/><T77/><D86/><U132/><E132/><V125/><F125/><N who="3" m="48203" /><G60/><T48/><D38/><U89/><E105/><V64/><F64/><W87/><G87/><T55/><D25/><N who="1" m="9803" /><E95/><V10/><F7/><W66/><G66/><T1/><D1/><U33/><E33/><V73/><F73/><W100/><G54/><T30/><D30/><U83/><E83/><V109/><F109/><W67/><G67/><T112/><D112/><U31/><E31/><V82/><F41/><W56/><G56/><T134/><D134/><U40/><E40/><V0/><F0/><W79/><G99/><N who="2" m="37929" /><F82/><W80/><G80/><T4/><D4/><U88/><E89/><V26/><AGARI ba="0,0" hai="8,10,11,17,20,26,50,51,84,91,94" m="37929" machi="26" ten="30,1100,0" yaku="8,1" doraHai="34" who="2" fromWho="2" sc="334,-5,244,-3,339,11,83,-3" />
</Scene>
<Scene>
<INIT seed="5,0,0,5,4,80" ten="329,241,350,80" oya="1" hai0="66,15,96,122,55,19,111,53,100,14,93,29,113" hai1="56,5,72,117,116,45,50,54,83,86,36,88,22" hai2="107,64,78,110,132,84,121,40,105,25,2,99,28" hai3="75,52,76,79,128,114,91,123,16,82,8,20,39"/><U120/><E120/><V35/><F121/><W24/><G39/><T68/><D122/><U38/><E72/><V10/><F110/><W63/><G114/><T4/><D111/><U42/><E38/><V7/><F132/><W130/><G123/><T6/><D113/><U71/><E71/><V89/><F64/><W125/><G125/><T51/><D29/><U23/><REACH who="1" step="1"/><E5/><REACH who="1" ten="329,231,350,80" step="2"/><V27/><F7/><W81/><G75/><T103/><D68/><U108/><E108/><V58/><F107/><W49/><G63/><T95/><D4/><U60/><E60/><V47/><F105/><W21/><G130/><T87/><D6/><U124/><E124/><V62/><F62/><W17/><G128/><T30/><D66/><U119/><AGARI ba="0,1" hai="22,23,36,42,45,50,54,56,83,86,88,116,117,119" machi="119" ten="30,11700,0" yaku="1,1,0,1,52,1,54,1,53,0" doraHai="80" doraHaiUra="34" who="1" fromWho="1" sc="329,-39,231,127,350,-39,80,-39" />
</Scene>
<Scene>
<INIT seed="5,1,0,0,0,125" ten="290,358,311,41" oya="1" hai0="48,113,101,60,77,120,105,131,1,116,114,41,119" hai1="17,98,79,8,62,87,51,24,86,58,29,59,63" hai2="83,133,124,81,61,80,36,53,91,10,104,111,82" hai3="50,106,65,14,31,6,92,115,66,57,71,28,107"/><U46/><E98/><V27/><F104/><W7/><G71/><T132/><D1/><U117/><E117/><N who="0" m="45129" /><D77/><U112/><E112/><N who="0" m="43113" /><D105/><U23/><E8/><V95/><F111/><W2/><G115/><T54/><D101/><U11/><E11/><V5/><F36/><W118/><G118/><T108/><D108/><U12/><E79/><V100/><F124/><W67/><G2/><T69/><D120/><U20/><E59/><V76/><F133/><W33/><G33/><T15/><D15/><U3/><E3/><V130/><F100/><W32/><G32/><T40/><D132/><U45/><E45/><V97/><F27/><W43/><G107/><T25/><D25/><U102/><E102/><V110/><F110/><W70/><G106/><T13/><D13/><U72/><E72/><V0/><F76/><W52/><G70/><T19/><D19/><U16/><E17/><V134/><F134/><W126/><G126/><T109/><D109/><U74/><E74/><V135/><F135/><W56/><G92/><T121/><D121/><U30/><E30/><N who="3" m="11306" /><G43/><T38/><D38/><U73/><E73/><V127/><F127/><W99/><G99/><T89/><D89/><U26/><E26/><V129/><REACH who="2" step="1"/><F82/><REACH who="2" ten="290,358,301,41" step="2"/><W93/><G93/><T103/><D103/><U9/><E24/><V122/><F122/><W75/><G75/><T64/><D40/><U96/><E29/><V18/><F18/><W94/><G94/><T49/><D41/><U47/><E16/><V35/><F35/><W39/><G39/><T88/><D88/><U78/><E78/><V42/><F42/><RYUUKYOKU ba="1,1" sc="290,-10,358,-10,301,30,41,-10" hai2="0,5,10,53,61,80,81,83,91,95,97,129,130" />
</Scene>
<Scene>
<INIT seed="6,2,1,5,2,66" ten="280,348,331,31" oya="2" hai0="116,88,89,108,60,36,125,93,55,115,45,118,94" hai1="117,78,53,28,26,84,122,73,80,98,107,103,102" hai2="25,68,119,6,7,52,110,20,13,100,43,54,5" hai3="10,126,27,29,131,56,87,101,15,57,65,31,58"/><V4/><F119/><N who="0" m="45610" /><D108/><U74/><E117/><V111/><F43/><W113/><G126/><T8/><D125/><U75/><E122/><V47/><F68/><W71/><G131/><T123/><D123/><U104/><E53/><V34/><F34/><W130/><G130/><T59/><D115/><U95/><E26/><V24/><F100/><N who="1" m="38441" /><E28/><V46/><F4/><W82/><G113/><T49/><D36/><U128/><E128/><V50/><F13/><W121/><G121/><T124/><D124/><U79/><E79/><V114/><F114/><W39/><G39/><T85/><D8/><U63/><E63/><V12/><F12/><W72/><G72/><T35/><D35/><U42/><E42/><V86/><F86/><W76/><G101/><AGARI ba="2,1" hai="73,74,75,78,80,84,95,98,101,104,107" m="38441" machi="101" ten="30,8000,1" yaku="35,5" doraHai="66" who="1" fromWho="3" sc="280,0,348,96,331,0,31,-86" owari="280,-12.0,444,55.0,331,13.0,-55,-56.0" />
</Scene>
</mjloggm>