<mjloggm ver="2.3"><GO type="169"/><UN n0="%41%6B%61%2D%75%72%61" n1="%41%53%41%50%49%4E" n2="%E3%81%B6%E3%81%A1%E3%82%83%E3%82%89%E3%81%A6%E3%81%83" n3="%79%69%6E%6E%65%72%30%36" dan="17,18,16,16" rate="2093,2216,2084,2075" sx="M,M,F,M"/><TAIKYOKU oya="0"/>

<Scene>
<INIT seed="0,0,0,2,1,82" ten="250,250,250,250" oya="0" hai0="78,122,95,103,110,83,9,62,131,55,119,105,132" hai1="115,94,104,64,124,128,43,4,46,39,87,20,6" hai2="88,21,108,53,67,15,107,27,40,98,13,109,31" hai3="101,72,93,17,3,24,113,14,99,8,59,73,37"/><T60/><D119/><U57/><E104/><V56/><F40/><W29/><G113/><T18/><D105/><U41/><E115/><V44/><F44/><W12/><G37/><T126/><D122/><U89/><E128/><V49/><F67/><W125/><G125/><T28/><D126/><U22/><E124/><V77/><F77/><W86/><G3/><T10/><D131/><U85/><E43/><V45/><F45/><W0/><G0/><T68/><D28/><U34/><E34/><V81/><F107/><W11/><G59/><T71/><D132/><U129/><E129/><V117/><F117/><W35/><REACH who="3" step="1"/><G86/><REACH who="3" ten="250,250,250,240" step="2"/><T51/><D68/><U38/><E38/><V58/><F58/><W42/><G42/><T19/><D71/><U5/><REACH who="1" step="1"/><E85/><REACH who="1" ten="250,240,250,240" step="2"/><N who="2" m="50223" /><F98/><W134/><G134/><T30/><D110/><AGARI ba="0,2" hai="13,15,21,27,31,49,53,56,108,109,110" m="50223" machi="110" ten="30,3900,0" yaku="14,1,52,1,54,1" doraHai="82" who="2" fromWho="0" sc="250,-39,240,0,250,59,240,0" />
</Scene>
<Scene>
<INIT seed="1,0,0,0,2,72" ten="211,240,309,240" oya="1" hai0="20,54,124,133,121,22,115,7,5,2,57,38,84" hai1="135,37,50,34,73,132,86,69,1,8,116,106,82" hai2="125,42,109,59,51,90,65,67,105,94,25,14,21" hai3="13,87,3,68,76,52,114,97,126,32,134,77,103"/><U122/><RYUUKYOKU type="yao9" ba="0,0" sc="211,0,240,0,309,0,240,0" hai1="1,8,34,37,50,69,73,82,86,106,116,122,132,135" />
</Scene>
<Scene>
<INIT seed="1,1,0,5,5,69" ten="211,240,309,240" oya="1" hai0="13,124,45,51,119,19,123,102,48,3,41,46,29" hai1="107,104,67,92,95,90,43,78,56,103,9,71,118" hai2="89,31,96,85,40,32,66,121,63,6,11,61,53" hai3="64,30,8,2,131,23,75,88,17,97,101,81,125"/><U115/><E115/><V39/><F121/><W22/><G131/><T18/><D123/><U65/><E118/><V15/><F96/><W108/><G108/><T93/><D119/><U59/><E78/><V128/><F128/><W105/><G125/><T10/><D3/><U37/><E90/><V91/><F91/><W98/><G64/><T100/><D29/><U129/><E9/><V7/><F7/><W83/><G75/><T113/><D124/><U27/><E129/><V120/><F120/><W112/><G112/><T73/><D73/><U28/><E28/><V76/><F76/><W79/><G79/><T110/><D110/><U35/><E43/><V133/><F133/><W55/><G55/><T68/><D68/><U25/><E71/><V116/><F116/><W77/><G77/><T12/><D113/><U54/><E54/><V80/><F31/><W132/><G132/><T1/><D1/><U106/><E106/><V94/><F32/><W70/><G70/><T21/><REACH who="0" step="1"/><D93/><REACH who="0" ten="201,240,309,240" step="2"/><U50/><E35/><V52/><F94/><W99/><G105/><T5/><D5/><U49/><REACH who="1" step="1"/><E103/><REACH who="1" ten="201,230,309,240" step="2"/><V114/><F114/><W111/><G30/><T20/><D20/><U47/><E47/><V24/><F11/><W127/><G8/><T26/><D26/><U122/><E122/><V0/><F24/><W36/><G22/><T117/><D117/><U135/><E135/><V84/><F0/><W60/><G2/><T33/><D33/><U57/><E57/><V134/><F134/><W82/><G101/><T126/><D126/><U72/><E72/><V62/><F6/><RYUUKYOKU ba="1,2" sc="201,15,230,15,309,-15,240,-15" hai0="10,12,13,18,19,21,41,45,46,48,51,100,102" hai1="25,27,37,49,50,56,59,65,67,92,95,104,107" />
</Scene>
<Scene>
<INIT seed="1,2,2,3,4,80" ten="216,245,294,225" oya="1" hai0="135,127,89,76,75,24,99,39,62,72,103,88,14" hai1="95,120,22,93,113,111,20,28,56,19,94,82,1" hai2="6,85,91,122,68,129,67,63,45,27,57,31,134" hai3="114,104,58,0,26,77,51,71,86,35,96,17,64"/><U83/><E113/><V2/><F122/><W41/><G0/><T37/><D127/><U11/><E120/><V3/><F134/><W47/><G114/><T117/><D135/><U12/><E1/><V50/><F68/><W74/><G74/><T116/><D24/><N who="1" m="16407" /><E111/><V119/><F119/><N who="0" m="45642" /><D62/><U105/><E105/><V123/><F129/><W10/><G71/><T49/><D49/><U109/><E109/><V98/><F98/><W124/><G124/><T18/><D76/><U23/><E56/><V34/><F6/><W25/><G35/><T43/><D43/><U9/><E23/><V29/><F29/><W48/><G104/><N who="0" m="63615" /><D72/><U66/><E66/><V32/><F32/><W54/><G96/><T13/><D13/><N who="1" m="9327" /><E9/><V65/><F65/><W42/><G64/><T21/><D75/><U59/><E59/><V15/><F123/><W118/><G118/><T5/><D5/><AGARI ba="2,2" hai="5,11,12,82,83,93,94,95" m="9327,16407" machi="5" ten="30,1500,0" yaku="8,1" doraHai="80" who="1" fromWho="0" sc="216,-21,245,41,294,0,225,0" />
</Scene>
<Scene>
<INIT seed="1,3,0,2,2,76" ten="195,286,294,225" oya="1" hai0="35,107,113,118,11,91,90,50,49,61,14,92,4" hai1="23,93,54,43,64,56,134,101,1,124,8,98,2" hai2="9,129,130,19,69,22,131,38,60,62,59,73,86" hai3="85,117,70,17,109,37,100,97,123,39,99,57,80"/><U48/><E134/><V41/><F73/><W31/><G70/><T71/><D113/><U63/><E124/><V81/><F9/><W106/><G117/><T16/><D107/><U0/><E43/><V66/><F41/><W20/><G109/><T67/><D35/><U135/><E135/><V83/><F38/><W30/><G123/><T115/><D115/><U102/><E23/><V44/><F44/><W27/><G99/><T13/><D118/><U89/><REACH who="1" step="1"/><E8/><REACH who="1" ten="195,276,294,225" step="2"/><V28/><F28/><W78/><G31/><T68/><D68/><AGARI ba="3,1" hai="0,1,2,48,54,56,63,64,68,89,93,98,101,102" machi="68" ten="40,3900,0" yaku="1,1,2,1,53,0" doraHai="76" doraHaiUra="26" who="1" fromWho="0" sc="195,-48,276,58,294,0,225,0" />
</Scene>
<Scene>
<INIT seed="1,4,0,1,5,54" ten="147,334,294,225" oya="1" hai0="51,72,83,128,112,106,75,71,39,120,100,45,43" hai1="69,101,102,117,132,18,21,8,38,76,133,127,118" hai2="130,77,35,73,131,19,116,31,14,60,0,46,115" hai3="104,85,59,23,62,90,81,107,126,13,58,93,25"/><U26/><E69/><V44/><F0/><W47/><G126/><T20/><D112/><U40/><E127/><V88/><F116/><N who="1" m="44649" /><E76/><V65/><F115/><W105/><G13/><T122/><D128/><N who="2" m="49194" /><F77/><W2/><G2/><T91/><D71/><U70/><E70/><V50/><F73/><W41/><G81/><T113/><D113/><U27/><E27/><N who="2" m="18943" /><F50/><W48/><REACH who="3" step="1"/><G62/><REACH who="3" ten="147,334,294,215" step="2"/><T5/><D120/><U121/><E121/><V87/><F60/><W97/><G97/><T29/><D122/><U4/><E4/><V16/><F65/><W84/><G84/><T22/><D5/><U61/><E61/><V114/><F114/><W95/><G95/><T30/><D72/><U129/><E129/><V124/><F124/><W123/><G123/><T42/><D75/><U78/><E8/><N who="2" m="6215" /><F19/><AGARI ba="4,1" hai="19,23,25,41,47,48,58,59,85,90,93,104,105,107" machi="19" ten="40,5200,0" yaku="1,1,52,2,53,0" doraHai="54" doraHaiUra="67" who="3" fromWho="2" sc="147,0,334,0,294,-64,215,74" />
</Scene>
<Scene>
<INIT seed="2,0,0,5,0,69" ten="147,334,230,289" oya="2" hai0="122,18,80,31,22,118,72,57,52,96,71,108,112" hai1="15,124,2,75,49,107,123,132,41,37,63,61,131" hai2="121,39,29,77,105,9,64,7,53,17,65,56,82" hai3="129,97,47,94,110,0,101,119,109,91,25,10,86"/><V126/><F121/><W48/><G119/><T103/><D112/><U104/><E15/><V67/><F105/><W127/><G127/><T1/><D122/><U68/><E49/><V125/><F29/><W102/><G129/><T11/><D71/><U30/><E30/><V33/><F33/><W45/><G25/><T117/><D108/><N who="3" m="41577" /><G0/><T4/><D31/><U43/><E68/><V106/><F106/><W76/><G10/><T133/><D133/><U73/><E123/><V85/><F17/><W100/><G76/><T79/><D96/><U21/><E2/><V116/><F116/><W24/><G24/><T115/><D103/><N who="3" m="39497" /><G48/><T5/><D5/><U20/><E132/><V70/><F70/><W19/><G19/><T44/><D44/><U35/><E35/><V27/><F27/><W74/><G74/><T93/><D115/><U38/><REACH who="1" step="1"/><E131/><REACH who="1" ten="147,324,230,289" step="2"/><V36/><F126/><AGARI ba="0,1" hai="20,21,37,38,41,43,61,63,73,75,104,107,124,126" machi="126" ten="25,12000,2" yaku="1,1,2,1,22,2,52,2,53,0" doraHai="69" doraHaiUra="23" who="1" fromWho="2" sc="147,0,324,130,230,-120,289,0" />
</Scene>
<Scene>
<INIT seed="3,0,0,3,4,40" ten="147,454,110,289" oya="3" hai0="86,94,12,49,63,9,79,120,43,57,3,112,19" hai1="5,133,127,42,89,48,71,23,84,54,44,126,67" hai2="66,116,122,80,25,93,52,104,130,107,97,33,30" hai3="83,103,105,65,56,60,111,41,7,6,96,53,77"/><W102/><G111/><T62/><D120/><U37/><E133/><V34/><F116/><W55/><G102/><T17/><D3/><U64/><E5/><V132/><F122/><W100/><G100/><T59/><D112/><U2/><E2/><V73/><F132/><W58/><G41/><T131/><D131/><U124/><E23/><V115/><F130/><W68/><G68/><T39/><D39/><U117/><E117/><V119/><F119/><W26/><G26/><T101/><D17/><U76/><E76/><V123/><F123/><W109/><G109/><T74/><D74/><U51/><E71/><V38/><F38/><W88/><G65/><N who="1" m="25162" /><E54/><V14/><F66/><W1/><G1/><T0/><D0/><U10/><E10/><V27/><F115/><W20/><G20/><T22/><D9/><U35/><E35/><V46/><F14/><W134/><G134/><T28/><D28/><U16/><E16/><V50/><F80/><AGARI ba="0,0" hai="37,42,44,48,51,80,84,89,124,126,127" m="25162" machi="80" ten="30,2000,0" yaku="18,1,52,1" doraHai="40" who="1" fromWho="2" sc="147,0,454,20,110,-20,289,0" />
</Scene>
<Scene>
<INIT seed="4,0,0,1,4,0" ten="147,474,90,289" oya="0" hai0="12,57,6,101,20,135,119,112,78,95,73,2,50" hai1="111,42,132,17,19,127,75,32,107,70,116,59,60" hai2="61,25,27,4,79,63,65,30,43,67,35,3,52" hai3="74,5,48,39,51,85,80,33,115,83,24,9,8"/><T38/><D119/><U53/><E111/><V114/><F114/><W7/><G39/><T96/><D38/><U14/><E116/><V100/><F100/><W15/><G115/><T113/><D135/><U102/><E75/><V89/><F79/><W23/><G33/><T72/><D2/><U28/><E132/><V13/><F43/><W106/><G106/><T41/><D73/><U81/><E127/><V134/><F3/><W126/><G126/><T99/><D78/><U58/><E70/><V40/><F134/><W36/><G36/><T131/><D72/><U11/><E42/><V104/><F40/><W97/><G97/><T56/><D131/><U120/><E120/><V133/><F104/><W110/><G110/><T71/><D71/><U1/><E81/><V46/><F133/><W121/><G121/><T64/><D99/><U86/><E86/><V82/><F27/><W93/><G74/><T105/><D105/><U123/><E123/><V26/><F26/><W130/><G130/><T125/><D125/><U94/><E28/><V21/><F35/><W129/><G93/><T76/><D76/><U18/><E32/><V117/><F117/><W87/><G129/><T16/><D6/><N who="1" m="3447" /><E1/><V124/><F124/><W54/><G24/><T90/><D101/><U98/><E107/><V108/><F108/><W103/><G103/><T92/><D92/><U45/><E60/><N who="2" m="23115" /><F82/><W77/><G23/><T69/><D69/><U84/><E84/><V118/><F118/><W62/><G85/><T37/><D37/><U31/><E31/><V49/><F89/><W68/><G68/><RYUUKYOKU ba="0,0" sc="147,-15,474,15,90,15,289,-15" hai1="17,18,19,45,53,58,59,94,98,102" hai2="4,13,21,25,30,46,49,52,65,67" />
</Scene>
<Scene>
<INIT seed="5,1,0,0,3,116" ten="132,489,105,274" oya="1" hai0="21,27,54,34,87,2,25,67,92,3,124,18,86" hai1="57,5,90,1,47,94,106,65,133,74,104,88,68" hai2="6,112,13,80,100,132,49,26,114,45,115,98,31" hai3="121,19,36,76,129,83,70,120,7,0,35,79,113"/><U72/><E68/><V41/><F80/><W82/><G36/><T33/><D67/><U130/><E130/><V58/><F58/><W51/><G70/><T56/><D124/><U81/><E133/><V77/><F77/><W4/><G35/><T50/><D87/><U10/><E47/><V15/><F132/><W52/><G129/><T128/><D128/><U71/><E71/><V24/><F6/><W40/><G40/><T37/><D37/><U110/><E110/><V53/><F41/><W134/><G134/><T63/><D63/><U95/><E57/><V48/><F48/><W28/><G28/><T125/><D125/><U20/><E65/><V84/><F84/><W64/><G64/><T109/><D109/><U39/><E39/><V135/><F135/><W61/><G61/><T75/><D75/><U123/><E20/><N who="2" m="15751" /><F26/><W32/><G32/><T59/><D59/><U127/><E127/><V89/><F89/><W55/><G51/><T22/><D33/><U119/><E81/><V102/><F102/><W23/><G113/><N who="2" m="28929" /><V118/><DORA hai="46" /><F118/><W117/><G117/><T78/><D34/><U99/><E119/><V97/><F97/><W105/><G0/><T131/><D131/><U11/><E5/><V122/><F122/><W8/><G4/><T126/><D126/><U108/><E108/><V17/><F17/><W42/><G19/><T62/><D78/><U111/><E111/><V101/><F101/><W107/><G7/><T16/><D62/><U69/><E69/><V44/><F44/><W93/><G42/><T9/><D9/><U91/><E99/><RYUUKYOKU ba="1,0" sc="132,15,489,-15,105,15,274,-15" hai0="2,3,16,18,21,22,25,27,50,54,56,86,92" hai2="13,15,45,49,53,98,100" />
</Scene>
<Scene>
<INIT seed="6,2,0,3,2,20" ten="147,474,120,259" oya="2" hai0="118,9,82,17,48,90,65,111,34,25,92,66,83" hai1="89,40,81,12,53,88,35,109,45,124,42,120,134" hai2="130,78,18,8,19,116,50,3,129,54,13,46,15" hai3="93,117,1,29,21,100,0,122,64,30,110,76,7"/><V58/><F116/><W31/><G110/><T67/><D111/><U126/><E109/><V107/><F107/><W125/><G122/><T62/><D118/><U51/><E120/><V95/><F78/><W105/><G105/><T113/><D113/><U102/><E134/><V104/><F104/><W14/><G117/><T72/><D62/><U86/><E35/><V94/><F3/><W27/><G76/><T119/><D72/><U96/><E89/><V123/><F123/><W99/><G125/><N who="1" m="48234" /><E12/><V91/><F46/><W32/><G64/><T68/><D68/><U80/><E80/><V22/><REACH who="2" step="1"/><F95/><AGARI ba="2,0" hai="40,42,45,51,53,81,86,88,95,96,102" m="48234" machi="95" ten="30,2000,0" yaku="18,1,54,1" doraHai="20" who="1" fromWho="2" sc="147,0,474,26,120,-26,259,0" />
</Scene>
<Scene>
<INIT seed="7,0,0,5,5,73" ten="147,500,94,259" oya="3" hai0="4,85,120,78,72,60,2,34,6,70,3,126,32" hai1="92,64,113,86,76,11,94,67,20,119,88,38,21" hai2="42,10,30,81,107,46,8,27,80,112,102,77,118" hai3="55,96,9,40,99,69,117,0,128,56,36,54,61"/><W109/><G109/><T100/><D120/><U130/><E38/><V1/><F118/><W116/><G0/><T5/><D100/><U101/><E119/><N who="3" m="45642" /><G9/><T84/><D126/><U37/><E37/><V134/><F112/><W68/><G99/><T114/><D114/><U14/><E113/><V17/><F134/><W110/><G96/><T132/><D132/><U51/><E130/><V63/><F107/><W104/><G104/><T22/><D22/><N who="1" m="8811" /><E76/><V15/><F102/><W52/><G110/><T111/><D111/><U31/><E31/><V50/><F63/><W135/><G135/><T93/><D84/><N who="1" m="52231" /><E51/><V53/><F1/><W79/><G79/><T124/><D6/><U39/><E39/><V82/><F10/><W133/><G133/><T66/><D60/><U74/><E74/><V62/><F62/><W16/><G16/><T71/><D66/><U44/><E44/><V19/><F19/><W106/><G106/><T103/><D103/><U90/><E101/><V48/><F48/><W35/><G35/><T125/><D93/><U57/><E57/><V91/><F91/><W131/><G40/><T121/><D85/><U7/><AGARI ba="0,0" hai="7,11,14,64,67,86,90,94" m="52231,8811" machi="7" ten="30,2000,0" yaku="8,1,54,1" doraHai="73" who="1" fromWho="1" sc="147,-5,500,20,94,-5,259,-10" owari="142,-26.0,520,62.0,89,-41.0,249,5.0" />
</Scene>
</mjloggm>