<mjloggm ver="2.3"><GO type="169" lobby="0"/><UN n0="%41%53%41%50%49%4E" n1="%E6%9D%B1%E5%8D%97" n2="%48%75%6E%74%65%72%5F%44" n3="%E3%83%97%E3%83%AD%E3%82%B8%E3%83%A3%E3%83%B3%E6%B0%8F" dan="19,17,16,16" rate="2281.84,2191.43,2093.95,2168.11" sx="M,M,M,M"/><TAIKYOKU oya="0"/>

<Scene>
<INIT seed="0,0,0,1,1,103" ten="250,250,250,250" oya="0" hai0="82,30,5,3,84,120,7,26,70,37,121,50,31" hai1="15,60,18,22,41,45,25,62,90,101,77,114,98" hai2="79,105,83,134,29,115,109,102,66,81,89,56,130" hai3="35,71,2,40,69,57,93,12,88,87,125,75,80"/><T16/><D37/><U129/><E114/><V73/><F115/><W119/><G125/><T10/><D70/><U28/><E77/><V94/><F29/><W76/><G119/><T44/><D5/><U63/><E90/><V4/><F4/><W21/><G2/><T112/><D112/><U86/><E86/><N who="2" m="50399" /><F56/><W72/><G35/><T107/><D107/><U23/><E129/><V113/><F66/><W67/><G75/><T92/><D92/><U9/><E23/><V117/><F113/><W61/><REACH who="3" step="1"/><G40/><REACH who="3" ten="250,250,250,240" step="2"/><T126/><D126/><U135/><E135/><V58/><F117/><W27/><G27/><T17/><D120/><U128/><E128/><V59/><F130/><W1/><G1/><T91/><D121/><U49/><REACH who="1" step="1"/><E63/><REACH who="1" ten="250,240,250,240" step="2"/><V48/><F134/><W46/><G46/><T85/><D44/><U131/><E131/><V74/><F73/><W34/><G34/><T43/><D3/><U52/><E52/><V0/><F74/><W64/><G64/><T65/><D65/><U100/><E100/><V19/><F0/><W24/><G24/><T104/><D26/><U99/><E99/><V55/><F102/><W110/><G110/><T51/><D43/><U39/><E39/><V36/><F36/><W13/><G13/><T118/><D118/><U127/><E127/><V122/><F109/><W78/><G78/><T133/><D133/><U8/><E8/><V106/><F55/><W33/><G33/><T132/><D10/><U96/><E96/><V123/><F79/><W97/><G97/><T38/><D132/><U14/><E14/><V124/><F123/><RYUUKYOKU ba="0,2" sc="250,-15,240,15,250,-15,240,15" hai1="9,15,18,22,25,28,41,45,49,60,62,98,101" hai3="12,21,57,61,67,69,71,72,76,80,87,88,93" />
</Scene>
<Scene>
<INIT seed="1,1,2,1,3,93" ten="235,255,235,255" oya="1" hai0="105,70,115,79,98,60,130,119,94,107,18,17,50" hai1="21,1,71,111,106,49,89,10,54,134,102,133,120" hai2="88,116,75,16,76,13,64,73,34,14,37,33,87" hai3="24,6,100,9,3,91,12,25,46,99,47,41,118"/><U121/><E71/><V90/><F116/><W108/><G108/><T135/><D119/><U96/><E111/><V35/><F37/><W109/><G109/><T78/><D115/><U101/><E21/><V97/><F64/><W129/><G129/><T36/><D36/><U132/><E89/><V92/><F76/><W85/><G118/><T67/><D130/><U72/><E72/><V53/><F53/><W58/><G3/><T112/><D112/><U114/><E114/><V22/><REACH who="2" step="1"/><F13/><REACH who="2" ten="235,255,225,255" step="2"/><W95/><G12/><T127/><D67/><U42/><E42/><V128/><F128/><W11/><G41/><T19/><D78/><U55/><E55/><V23/><F23/><W26/><G58/><T59/><D59/><N who="1" m="33231" /><E10/><N who="3" m="3594" /><G6/><T20/><D20/><U77/><E77/><V123/><F123/><W86/><G100/><T8/><D70/><U30/><E1/><V62/><F62/><W43/><G43/><T80/><D60/><U69/><E69/><V65/><F65/><W39/><G39/><T125/><D8/><U2/><E2/><V5/><F5/><W44/><AGARI ba="1,3" hai="24,25,26,44,46,47,85,86,91,95,99" m="3594" machi="44" ten="40,2700,0" yaku="8,1,52,1" doraHai="93" who="3" fromWho="3" sc="235,-8,255,-14,225,-8,255,60" />
</Scene>
<Scene>
<INIT seed="2,0,0,5,4,31" ten="227,241,217,315" oya="2" hai0="64,17,130,73,108,63,94,101,8,123,99,18,69" hai1="103,30,135,57,14,121,13,87,32,124,70,27,51" hai2="53,39,75,100,10,44,118,97,122,134,56,2,7" hai3="52,0,85,133,129,126,22,86,16,98,110,28,83"/><V50/><F118/><W92/><G110/><T104/><D123/><U95/><E70/><V47/><F122/><W116/><G116/><T41/><D73/><U43/><E121/><V21/><F134/><W9/><G133/><T84/><D108/><U128/><E135/><V3/><F75/><W88/><G129/><T82/><D130/><U93/><E128/><V37/><F2/><W125/><G28/><T90/><D41/><U49/><E124/><N who="3" m="47722" /><G52/><T4/><REACH who="0" step="1"/><D104/><REACH who="0" ten="217,241,217,315" step="2"/><U131/><E43/><V38/><REACH who="2" step="1"/><F21/><REACH who="2" ten="217,241,207,315" step="2"/><W81/><G22/><T102/><D102/><U115/><E103/><V106/><AGARI ba="0,2" hai="3,7,10,37,38,39,44,47,50,53,56,97,100,106" machi="106" ten="30,6000,0" yaku="1,1,2,1,0,1,53,0" doraHai="31" doraHaiUra="11" who="2" fromWho="2" sc="217,-20,241,-20,207,80,315,-20" />
</Scene>
<Scene>
<INIT seed="2,1,0,0,3,76" ten="197,221,287,295" oya="2" hai0="19,47,81,12,83,124,96,8,79,72,62,34,85" hai1="82,64,102,100,59,75,122,70,4,103,116,69,21" hai2="110,93,58,50,132,111,0,51,65,40,30,13,26" hai3="3,28,10,17,46,36,89,1,18,105,87,57,6"/><V22/><F0/><W43/><G105/><T71/><D124/><U117/><E122/><V121/><F121/><W86/><G1/><T63/><D34/><U7/><E21/><V44/><F132/><W123/><G123/><T42/><D96/><U98/><E98/><V112/><F112/><W67/><G28/><T133/><D71/><U78/><E59/><V107/><F107/><W56/><G87/><T38/><REACH who="0" step="1"/><D133/><REACH who="0" ten="187,221,287,295" step="2"/><U48/><E70/><V128/><F128/><W129/><G129/><T88/><AGARI ba="1,1" hai="8,12,19,38,42,47,62,63,72,79,81,83,85,88" machi="88" ten="20,16000,3" yaku="1,1,2,1,0,1,7,1,52,2,54,1,53,1" doraHai="76" doraHaiUra="104" who="0" fromWho="0" sc="187,173,221,-41,287,-81,295,-41" />
</Scene>
<Scene>
<INIT seed="3,0,0,2,1,74" ten="360,180,206,254" oya="3" hai0="26,42,37,87,32,67,94,12,98,96,9,100,80" hai1="91,119,107,133,77,131,112,82,48,90,79,51,68" hai2="76,78,19,120,105,50,104,75,33,49,84,13,34" hai3="31,113,93,81,20,40,5,1,44,86,121,10,60"/><W111/><G113/><T124/><D124/><U11/><E112/><V8/><F75/><W47/><G121/><T73/><D73/><U88/><E68/><V54/><F120/><W64/><G111/><T25/><D32/><U103/><E133/><V118/><F118/><W55/><G93/><T125/><D125/><U123/><E123/><V130/><F130/><W63/><G55/><T28/><D28/><U135/><E135/><V71/><F71/><W101/><G101/><T65/><D96/><U132/><E132/><V115/><F115/><W53/><G53/><T41/><D37/><U21/><E131/><V16/><F54/><W89/><G47/><T22/><D67/><U62/><E62/><V69/><F69/><W17/><G31/><N who="0" m="17847" /><D26/><U97/><E119/><V85/><F13/><W7/><G7/><N who="0" m="3135" /><D65/><U83/><E21/><V70/><F70/><W128/><G64/><T23/><D23/><U126/><E11/><AGARI ba="0,0" hai="8,11,16,19,33,34,49,50,76,78,84,85,104,105" machi="11" ten="25,8000,1" yaku="22,2,52,2,54,1" doraHai="74" who="2" fromWho="1" sc="360,0,180,-80,206,80,254,0" />
</Scene>
<Scene>
<INIT seed="4,0,0,5,0,25" ten="360,100,286,254" oya="0" hai0="69,34,111,65,95,117,51,75,3,35,47,78,46" hai1="133,100,17,68,48,22,31,38,116,57,23,121,71" hai2="7,115,9,107,21,18,8,87,36,32,39,129,120" hai3="27,63,44,123,84,92,45,80,42,49,53,134,104"/><T86/><D117/><U52/><E116/><V1/><F120/><W89/><G134/><T119/><D119/><U2/><E121/><V60/><F107/><W81/><G104/><T83/><D3/><U72/><E133/><V79/><F115/><W70/><G123/><T61/><D111/><U110/><E110/><V114/><F114/><W103/><G103/><T99/><D75/><U55/><E2/><V26/><F129/><W30/><G70/><T67/><D67/><U62/><E72/><V132/><F132/><W56/><REACH who="3" step="1"/><G44/><REACH who="3" ten="360,100,286,244" step="2"/><T15/><D47/><U73/><E100/><V125/><F125/><W106/><G106/><T131/><D131/><U10/><E38/><V33/><F39/><W54/><G54/><T64/><D64/><U109/><E109/><V130/><F36/><W12/><G12/><T90/><D15/><N who="1" m="7415" /><E71/><V128/><F130/><W112/><G112/><T16/><D46/><N who="1" m="27671" /><E68/><V105/><F128/><W96/><G96/><T43/><D43/><U88/><E73/><V50/><F105/><W91/><G91/><T124/><D124/><U40/><E40/><V37/><F37/><W102/><G102/><T58/><D69/><U76/><E76/><V77/><F1/><W135/><G135/><T127/><D127/><U93/><E31/><V14/><F33/><AGARI ba="0,1" hai="27,30,33,42,45,49,53,56,63,80,81,84,89,92" machi="33" ten="30,7700,0" yaku="1,1,7,1,52,1,53,1" doraHai="25" doraHaiUra="41" who="3" fromWho="2" sc="360,0,100,0,286,-77,244,87" />
</Scene>
<Scene>
<INIT seed="5,0,0,3,4,109" ten="360,100,209,331" oya="1" hai0="1,9,59,119,102,7,40,42,32,11,106,88,75" hai1="93,77,46,79,50,133,96,127,101,82,31,94,26" hai2="125,97,129,67,91,116,131,10,47,8,6,130,60" hai3="41,134,114,49,38,73,85,71,19,24,74,66,120"/><U62/><E133/><V27/><F116/><W64/><G134/><T115/><D119/><U25/><E127/><V52/><F125/><W121/><G38/><T80/><D32/><U22/><E82/><V51/><F27/><W123/><G71/><T124/><D124/><U83/><E83/><V122/><F122/><W53/><G41/><T126/><D126/><U44/><E44/><V30/><F30/><W15/><G24/><T18/><D102/><U17/><E94/><N who="2" m="56543" /><F6/><W81/><G74/><T23/><D106/><U29/><E17/><V99/><F99/><W28/><G73/><T54/><D11/><U21/><REACH who="1" step="1"/><E62/><REACH who="1" ten="360,90,209,331" step="2"/><V128/><N who="2" m="32768" /><DORA hai="84" /><V76/><F76/><W39/><G121/><T56/><D18/><U4/><E4/><V70/><AGARI ba="0,1" hai="8,10,47,51,52,60,67,70" m="32768,56543" machi="70" ten="60,7900,0" yaku="19,1,52,1,54,1" doraHai="109,84" who="2" fromWho="2" sc="360,-20,90,-39,209,89,331,-20" />
</Scene>
<Scene>
<INIT seed="6,0,0,4,5,110" ten="340,51,298,311" oya="2" hai0="49,19,80,129,86,69,114,99,133,27,130,45,23" hai1="40,11,84,100,22,10,82,73,21,31,134,61,43" hai2="97,66,77,111,47,87,65,15,9,94,58,70,48" hai3="8,125,132,98,74,5,37,83,20,106,46,64,128"/><V101/><F70/><W91/><G125/><T1/><D69/><U67/><E73/><V109/><F109/><W96/><G128/><N who="0" m="49259" /><D1/><U79/><E134/><V76/><F111/><W41/><G132/><T44/><D133/><U14/><E100/><V88/><F58/><W81/><G64/><T127/><D127/><U35/><E35/><V78/><F48/><W62/><G62/><T24/><D114/><U17/><E21/><V25/><F25/><W92/><G20/><N who="0" m="13343" /><D99/><U56/><E10/><V90/><F47/><W71/><G71/><T16/><D49/><U105/><E105/><V63/><F63/><W53/><G53/><T29/><D29/><U102/><E102/><V131/><F131/><W119/><G119/><T95/><D95/><U75/><E75/><V93/><REACH who="2" step="1"/><F101/><REACH who="2" ten="340,51,288,311" step="2"/><W18/><G46/><T118/><D118/><U0/><E0/><V104/><F104/><W33/><G106/><T124/><D124/><U13/><REACH who="1" step="1"/><E31/><REACH who="1" ten="340,41,288,311" step="2"/><V85/><F85/><W34/><G74/><T59/><D86/><U51/><E51/><V117/><F117/><W4/><G37/><T55/><D27/><U112/><E112/><V135/><F135/><W38/><G38/><T39/><D39/><U115/><E115/><V50/><F50/><W121/><G121/><T26/><D44/><U3/><E3/><V7/><AGARI ba="0,2" hai="7,9,15,65,66,76,77,78,87,88,90,93,94,97" machi="7" ten="30,11700,0" yaku="1,1,0,1,8,1,54,1,53,0" doraHai="110" doraHaiUra="108" who="2" fromWho="2" sc="340,-39,41,-39,288,137,311,-39" />
</Scene>
<Scene>
<INIT seed="6,1,0,0,2,88" ten="301,2,425,272" oya="2" hai0="59,113,132,62,34,10,118,54,125,61,24,86,102" hai1="15,3,14,16,5,71,44,73,110,93,106,35,42" hai2="58,56,27,18,121,60,109,50,99,70,117,65,43" hai3="36,64,26,101,130,91,17,134,67,23,72,38,126"/><V85/><F121/><W53/><G72/><T90/><D113/><U120/><E73/><V2/><F2/><W75/><G75/><T46/><D132/><U83/><E106/><V81/><F117/><W41/><G134/><T105/><D118/><U111/><E71/><V33/><F109/><W80/><G130/><T100/><D125/><U11/><E120/><V98/><F70/><W97/><G126/><T39/><D105/><U49/><E35/><V19/><F33/><W8/><G8/><T128/><D128/><U47/><E3/><V104/><F104/><W21/><G101/><T45/><D61/><U74/><E47/><N who="2" m="25983" /><F56/><W29/><G38/><T78/><D78/><U79/><E93/><V123/><F123/><W131/><G131/><T124/><D124/><U12/><E12/><V32/><F32/><W112/><G112/><T28/><D10/><U114/><E114/><V40/><F40/><W92/><G80/><T122/><D122/><U63/><E63/><V48/><F48/><W135/><G135/><T1/><D1/><U66/><E66/><V133/><F133/><W68/><G68/><T57/><D57/><U76/><E76/><N who="2" m="46247" /><F27/><W77/><G77/><T89/><D39/><U94/><E94/><V0/><F0/><W103/><G103/><N who="0" m="39467" /><D89/><U69/><E69/><V96/><AGARI ba="1,0" hai="18,19,58,60,65,96,98,99" m="46247,25983" machi="96" ten="30,1500,0" yaku="8,1" doraHai="88" who="2" fromWho="2" sc="301,-6,2,-6,425,18,272,-6" owari="295,10.0,-4,-50.0,443,53.0,266,-13.0" />
</Scene>
</mjloggm>