<mjloggm ver="2.3"><GO type="169" lobby="0"/><UN n0="%6D%65%24%6F" n1="%6D%61%63%6A%72" n2="%41%53%41%50%49%4E" n3="%53%48%49%53%55%4B%45" dan="16,16,19,16" rate="2089.21,2117.25,2301.54,2039.91" sx="M,M,M,M"/><TAIKYOKU oya="0"/>

<Scene>
<INIT seed="0,0,0,5,2,93" ten="250,250,250,250" oya="0" hai0="119,25,113,79,94,41,89,34,118,95,69,40,77" hai1="99,28,127,18,129,78,101,60,109,20,82,72,85" hai2="21,26,108,35,100,19,51,33,59,134,22,68,73" hai3="36,1,97,133,9,16,66,87,32,116,132,23,29"/><T130/><D113/><U2/><E127/><V30/><F68/><W62/><G116/><T44/><D69/><U42/><E109/><V98/><F108/><W43/><G43/><T64/><D64/><U65/><E129/><V5/><F73/><W4/><G36/><T91/><D44/><U70/><E2/><V125/><F125/><W103/><G87/><T110/><D110/><U117/><E42/><V14/><F134/><W120/><G120/><T104/><D104/><U55/><E117/><V135/><F135/><W80/><G80/><T11/><D11/><U24/><E55/><V76/><F76/><W8/><G8/><T17/><D17/><U58/><E70/><V48/><F5/><W56/><G29/><T53/><D53/><U27/><E72/><V46/><F59/><W90/><G90/><T126/><D126/><U128/><E128/><V111/><F111/><W45/><G45/><T121/><D130/><U81/><E81/><V112/><F112/><W0/><G32/><T67/><D67/><U86/><E86/><V96/><F51/><W83/><G83/><T88/><D91/><U71/><E71/><V49/><F48/><W6/><G6/><T124/><D124/><U50/><E50/><V115/><F115/><W12/><REACH who="3" step="1"/><G0/><REACH who="3" ten="250,250,250,240" step="2"/><T114/><D114/><U52/><E28/><V57/><F46/><W123/><G123/><T61/><D121/><U102/><E82/><V39/><F39/><W131/><G131/><T84/><D84/><U38/><E38/><V74/><F74/><W106/><AGARI ba="0,1" hai="1,4,9,12,16,23,56,62,66,97,103,106,132,133" machi="106" ten="30,8000,1" yaku="1,1,0,1,52,1,54,1,53,1" doraHai="93" doraHaiUra="10" who="3" fromWho="3" sc="250,-40,250,-20,250,-20,240,90" />
</Scene>
<Scene>
<INIT seed="1,0,0,1,0,9" ten="210,230,230,330" oya="1" hai0="104,84,37,135,70,47,56,31,129,14,75,21,132" hai1="20,40,95,91,117,102,42,29,131,33,13,74,25" hai2="38,32,80,55,76,134,26,66,17,27,50,121,3" hai3="34,2,116,101,18,114,108,0,48,130,59,124,98"/><U78/><E117/><V93/><F121/><W61/><G114/><T52/><D75/><U73/><E131/><V45/><F3/><W69/><G130/><T7/><D70/><U12/><E102/><V97/><F134/><N who="0" m="51242" /><D104/><U35/><E35/><V63/><F38/><W16/><G116/><T127/><D129/><U120/><E120/><V58/><F17/><W72/><G72/><T77/><D31/><U94/><E73/><V125/><F32/><W85/><G34/><T28/><D28/><U65/><E65/><V60/><F125/><W23/><G124/><T90/><D77/><U67/><E67/><V100/><REACH who="2" step="1"/><F60/><REACH who="2" ten="210,230,220,330" step="2"/><W54/><G2/><T110/><D127/><U106/><E33/><V103/><F103/><W11/><G18/><N who="0" m="10455" /><D7/><U87/><E106/><V133/><F133/><W86/><G0/><T71/><D37/><U5/><E5/><V53/><F53/><W118/><G54/><T112/><D112/><U99/><E40/><V119/><F119/><W128/><G118/><T68/><D110/><U43/><E43/><V107/><F107/><W44/><G108/><T24/><D47/><U51/><E42/><V46/><F46/><W92/><G44/><T111/><D111/><U41/><E41/><V109/><F109/><W113/><G128/><T126/><D126/><U22/><E29/><V30/><F30/><W81/><G113/><T19/><D19/><U57/><E51/><V115/><F115/><W79/><G48/><N who="0" m="30727" /><D24/><U123/><E25/><V89/><F89/><W88/><G16/><T39/><D39/><U36/><E36/><V62/><F62/><RYUUKYOKU ba="0,1" sc="210,15,230,-15,220,15,330,-15" hai0="68,71,84,90" hai2="26,27,45,50,55,58,63,66,76,80,93,97,100" />
</Scene>
<Scene>
<INIT seed="2,1,1,3,0,101" ten="225,215,235,315" oya="2" hai0="1,30,67,102,72,54,107,112,38,29,81,44,96" hai1="43,48,2,13,133,20,65,27,17,69,92,134,51" hai2="131,47,105,70,68,18,88,25,0,10,8,117,95" hai3="14,135,82,79,37,80,32,63,45,15,9,36,12"/><V77/><F117/><W58/><G32/><T7/><D112/><U19/><E2/><V86/><F131/><W132/><G9/><T5/><D67/><U16/><E69/><V100/><F77/><W73/><G82/><T33/><D33/><U53/><E65/><V21/><F10/><W109/><G109/><T113/><D113/><U124/><E124/><V50/><F0/><W110/><G110/><T76/><D54/><U119/><E119/><V98/><REACH who="2" step="1"/><F8/><REACH who="2" ten="225,215,225,315" step="2"/><W125/><G125/><T26/><D1/><U91/><E133/><V6/><F6/><W123/><G123/><T121/><D121/><U52/><E134/><N who="3" m="51242" /><G45/><T106/><D5/><U59/><E27/><V85/><F85/><W89/><G89/><T93/><D7/><U94/><E91/><V115/><F115/><W57/><G57/><T71/><D26/><U55/><E59/><V41/><AGARI ba="1,2" hai="18,21,25,41,47,50,68,70,86,88,95,98,100,105" machi="41" ten="20,18000,2" yaku="1,1,0,1,7,1,52,1,54,1,53,2" doraHai="101" doraHaiUra="66" who="2" fromWho="2" sc="225,-61,215,-61,225,203,315,-61" />
</Scene>
<Scene>
<INIT seed="2,2,0,4,0,91" ten="164,154,428,254" oya="2" hai0="93,28,105,115,2,60,108,71,103,100,122,0,48" hai1="114,107,84,80,90,15,112,21,50,87,10,45,85" hai2="51,133,64,16,42,18,26,24,109,5,118,106,41" hai3="55,76,12,130,95,111,132,14,77,123,61,8,124"/><V39/><F118/><W35/><G123/><T57/><D122/><U127/><E107/><V75/><F75/><W98/><G35/><T23/><D115/><U37/><E127/><V53/><F106/><W83/><G124/><T68/><D105/><U101/><E101/><V113/><F113/><W1/><G111/><T49/><D108/><U3/><E37/><V11/><F109/><W38/><G38/><T86/><D103/><U88/><E3/><V6/><F64/><W81/><G130/><T70/><D0/><U121/><E21/><N who="2" m="13351" /><F39/><W27/><G27/><T79/><D2/><U63/><E121/><V96/><F96/><W31/><G31/><T72/><D72/><U44/><E85/><V30/><F30/><W102/><G132/><T66/><D79/><N who="3" m="30281" /><G1/><T126/><D126/><U4/><E63/><V25/><F133/><W20/><G20/><T104/><D104/><U13/><E13/><N who="3" m="5226" /><G8/><T89/><REACH who="0" step="1"/><D100/><REACH who="0" ten="154,154,428,254" step="2"/><U36/><E112/><V128/><F128/><W33/><G33/><T134/><D134/><U69/><E114/><V97/><F11/><W40/><G102/><T99/><D99/><U7/><E10/><V19/><F97/><W131/><G98/><T58/><D58/><U43/><E69/><V22/><F5/><W47/><G131/><T74/><D74/><U56/><E56/><N who="2" m="32831" /><F6/><W46/><G46/><T94/><D94/><U9/><E4/><V67/><F22/><W65/><G47/><T73/><D73/><U117/><E117/><V110/><F110/><W78/><G78/><T29/><D29/><U92/><E44/><V120/><F120/><RYUUKYOKU ba="2,1" sc="154,15,154,15,428,-15,254,-15" hai0="23,28,48,49,57,60,66,68,70,71,86,89,93" hai1="7,9,15,36,43,45,50,80,84,87,88,90,92" />
</Scene>
<Scene>
<INIT seed="3,3,1,2,5,122" ten="169,169,413,239" oya="3" hai0="44,14,92,123,90,32,59,51,67,88,15,16,126" hai1="63,85,97,13,70,118,100,6,40,31,52,94,27" hai2="130,29,91,99,133,68,58,54,114,17,107,76,96" hai3="78,108,134,115,47,43,39,3,101,135,45,71,106"/><W4/><G115/><T127/><D32/><U77/><E118/><V103/><F114/><W7/><G71/><T28/><D28/><U125/><E125/><N who="0" m="47625" /><D123/><U35/><E40/><V19/><F68/><W61/><G61/><N who="0" m="38335" /><D14/><U36/><E36/><V113/><F113/><W21/><G47/><T89/><D92/><U48/><E13/><V75/><F29/><W109/><G78/><T2/><D2/><U120/><E120/><V33/><F33/><W5/><G3/><T93/><D93/><U128/><E6/><V129/><F76/><W132/><G21/><N who="0" m="11423" /><D90/><U84/><E77/><V20/><F91/><W12/><G12/><T46/><D46/><U62/><E128/><V50/><F17/><W104/><G104/><T60/><D60/><U34/><E34/><V1/><F19/><W66/><G66/><T119/><D119/><U9/><E9/><V57/><F20/><W53/><G53/><AGARI ba="3,1" hai="44,51,53,88,89" m="11423,38335,47625" machi="53" ten="30,3900,0" yaku="18,1,54,2" doraHai="122" who="0" fromWho="3" sc="169,58,169,0,413,0,239,-48" />
</Scene>
<Scene>
<INIT seed="4,0,0,1,5,90" ten="227,169,413,191" oya="0" hai0="0,51,120,63,40,117,71,64,22,85,76,2,94" hai1="105,128,114,18,67,126,6,129,123,86,42,131,80" hai2="49,8,112,31,1,21,92,119,61,48,81,5,14" hai3="12,20,60,37,34,108,47,33,134,16,78,62,110"/><T23/><D120/><U127/><E6/><V44/><F112/><W96/><G134/><T28/><D117/><U11/><E123/><V68/><F119/><W116/><G116/><T56/><D0/><U91/><E105/><V41/><F68/><W55/><G78/><T17/><D2/><U132/><E114/><V88/><F61/><W75/><G75/><T73/><D73/><U25/><E67/><V93/><F1/><W32/><G96/><T122/><D122/><U24/><E42/><V103/><F103/><W100/><G100/><T7/><D7/><U113/><E113/><V101/><F101/><W66/><G62/><T50/><D71/><U58/><E58/><V70/><F70/><W38/><G55/><T19/><D76/><U82/><E82/><V118/><F48/><N who="0" m="18474" /><D40/><U35/><E132/><V111/><F111/><W29/><G29/><T65/><D65/><U89/><E89/><V45/><F45/><W109/><REACH who="3" step="1"/><G47/><REACH who="3" ten="227,169,413,181" step="2"/><T79/><D79/><U133/><E133/><V102/><F102/><W15/><G15/><T135/><D135/><U30/><E25/><N who="2" m="16815" /><F118/><W53/><G53/><T107/><D107/><U99/><E99/><V36/><F36/><W77/><G77/><T97/><D97/><U83/><E126/><V98/><F98/><W106/><G106/><T39/><D39/><U124/><E124/><V46/><F46/><W95/><G95/><T27/><D94/><N who="1" m="54647" /><E127/><V4/><F92/><W104/><G104/><T10/><D85/><U125/><E125/><V130/><F93/><W121/><G121/><T72/><D72/><U69/><E69/><AGARI ba="0,1" hai="12,16,20,32,33,34,37,38,60,66,69,108,109,110" machi="69" ten="50,6400,0" yaku="1,1,6,1,54,1,53,0" doraHai="90" doraHaiUra="115" who="3" fromWho="1" sc="227,0,169,-64,413,0,181,74" />
</Scene>
<Scene>
<INIT seed="5,0,0,4,5,23" ten="227,105,413,255" oya="1" hai0="85,0,87,84,16,41,131,5,104,47,135,27,11" hai1="53,113,120,109,121,91,18,130,106,69,124,66,90" hai2="94,88,89,14,70,62,74,93,51,24,42,79,31" hai3="99,123,95,15,72,101,19,52,112,64,92,48,128"/><U111/><E106/><V78/><F14/><W34/><G123/><N who="1" m="47178" /><E113/><V96/><F74/><W122/><G122/><T22/><D104/><U20/><E124/><V32/><F42/><W38/><G38/><T54/><D54/><U1/><E1/><V39/><F39/><W26/><G72/><T33/><D135/><U102/><E102/><V134/><F134/><W13/><G112/><T63/><D63/><N who="1" m="40159" /><E53/><V97/><F51/><W59/><G128/><T7/><D131/><U12/><E130/><V67/><AGARI ba="0,0" hai="24,31,32,62,67,70,78,79,88,89,93,94,96,97" machi="67" ten="30,7900,0" yaku="0,1,9,1,52,1,54,1" doraHai="23" who="2" fromWho="2" sc="227,-20,105,-39,413,79,255,-20" />
</Scene>
<Scene>
<INIT seed="6,0,0,4,0,76" ten="207,66,492,235" oya="2" hai0="11,124,109,3,111,4,54,108,40,129,134,44,34" hai1="24,56,78,61,63,33,118,121,119,49,41,104,65" hai2="57,60,31,27,115,96,59,86,95,66,94,97,53" hai3="84,2,106,127,125,50,83,132,131,91,9,85,62"/><V37/><F37/><W38/><G38/><T112/><D129/><U25/><E104/><V122/><F122/><W19/><G106/><T43/><D124/><U79/><E121/><V93/><F115/><W90/><G131/><T45/><D112/><U28/><E25/><V128/><F128/><W23/><G132/><T0/><D134/><U13/><E13/><V46/><F46/><W87/><G50/><T69/><D69/><U102/><E102/><V30/><F86/><W120/><G120/><T64/><D64/><U110/><E110/><V22/><F30/><W42/><G42/><T88/><D34/><U117/><E61/><AGARI ba="0,0" hai="22,27,31,53,57,59,60,61,66,93,94,95,96,97" machi="61" ten="40,2000,0" yaku="8,1" doraHai="76" who="2" fromWho="1" sc="207,0,66,-20,492,20,235,0" />
</Scene>
<Scene>
<INIT seed="6,1,0,0,5,98" ten="207,46,512,235" oya="2" hai0="101,26,107,20,100,39,29,117,75,134,34,85,45" hai1="128,3,4,123,41,67,112,53,132,1,52,47,54" hai2="44,88,127,126,109,63,114,135,86,130,50,30,42" hai3="105,122,83,12,81,62,121,65,133,5,73,68,116"/><V56/><F114/><W32/><G116/><T11/><D75/><U120/><E112/><V91/><F30/><W106/><G83/><T27/><D107/><N who="3" m="40969" /><G12/><T84/><D117/><U61/><E4/><V115/><F115/><W131/><G5/><T102/><D11/><U99/><E3/><V35/><F35/><W13/><G13/><T71/><D71/><N who="1" m="42479" /><E99/><V17/><F17/><W2/><G2/><T129/><D129/><U49/><E1/><V23/><F130/><W6/><G6/><T22/><D134/><U95/><E95/><V124/><F135/><W104/><G104/><T14/><D14/><U113/><E128/><V31/><F109/><W7/><G7/><T64/><D34/><U87/><E87/><V72/><F86/><W125/><G131/><T90/><D90/><U77/><E77/><V93/><F93/><W9/><G9/><T28/><D64/><U119/><E132/><V60/><F72/><W19/><G19/><T57/><D57/><N who="1" m="32911" /><E119/><V97/><F126/><W110/><G133/><T0/><D0/><U36/><E113/><V76/><F76/><N who="3" m="44175" /><G110/><T16/><D16/><U94/><E94/><V59/><F127/><W96/><G96/><T10/><D10/><U43/><E43/><AGARI ba="1,0" hai="20,22,26,27,28,29,39,43,45,84,85,100,101,102" machi="43" ten="40,8000,1" yaku="9,1,52,3" doraHai="98" who="0" fromWho="1" sc="207,83,46,-83,512,0,235,0" owari="290,9.0,-37,-54.0,512,61.0,235,-16.0" />
</Scene>
</mjloggm>