<mjloggm ver="2.3"><GO type="169" lobby="0"/><UN n0="%E6%9D%B1%E5%8D%97" n1="%CE%9A%CE%95%CE%99" n2="%41%53%41%50%49%4E" n3="%4D%61%52%63%48" dan="17,17,19,16" rate="2198.28,2132.43,2245.46,2150.85" sx="M,M,M,M"/><TAIKYOKU oya="0"/>

<Scene>
<INIT seed="0,0,0,2,1,86" ten="250,250,250,250" oya="0" hai0="110,109,102,19,113,17,101,8,117,124,54,130,77" hai1="9,72,49,52,64,56,37,0,69,89,104,32,38" hai2="4,131,47,5,23,82,70,79,94,65,29,67,34" hai3="80,90,96,11,135,26,111,48,114,107,78,133,97"/><T98/><D113/><U112/><E104/><V100/><F34/><W3/><G26/><T128/><D117/><U25/><E72/><V88/><F131/><N who="0" m="50218" /><D77/><U83/><E112/><V126/><F100/><N who="0" m="38506" /><D98/><N who="3" m="37993" /><G107/><T62/><D124/><U63/><E0/><V95/><F79/><W125/><G114/><T121/><D121/><U81/><E9/><V44/><F126/><W35/><G125/><T74/><D74/><U21/><E32/><V15/><F70/><W106/><G35/><T53/><D62/><U31/><REACH who="1" step="1"/><E83/><REACH who="1" ten="250,240,250,250" step="2"/><V68/><F82/><W10/><G80/><T76/><D8/><U18/><E18/><N who="0" m="6665" /><D76/><U116/><E116/><V30/><F5/><W60/><G11/><T6/><D6/><U61/><E61/><V36/><F4/><W105/><G10/><T50/><D50/><U93/><E93/><V7/><F95/><W13/><G60/><T39/><D39/><U59/><E59/><V42/><F7/><W33/><G48/><T91/><D91/><U27/><E27/><V45/><F88/><W57/><G90/><T73/><D73/><U1/><E1/><V71/><F94/><W129/><G106/><T51/><D51/><U87/><AGARI ba="0,1" hai="21,25,31,37,38,49,52,56,63,64,69,81,87,89" machi="87" ten="30,7900,0" yaku="1,1,0,1,52,1,54,1,53,0" doraHai="86" doraHaiUra="75" who="1" fromWho="1" sc="250,-39,240,89,250,-20,250,-20" />
</Scene>
<Scene>
<INIT seed="1,0,0,4,5,19" ten="211,329,230,230" oya="1" hai0="74,97,42,132,115,77,119,71,39,101,120,26,85" hai1="66,7,94,9,93,70,131,60,3,52,122,96,37" hai2="68,15,109,102,108,78,121,20,12,0,79,45,69" hai3="72,91,62,65,31,124,56,34,41,64,2,18,50"/><U82/><E122/><V54/><F121/><W117/><G2/><T135/><D120/><U84/><E131/><V87/><F0/><W103/><G72/><T13/><D119/><U107/><E37/><V105/><F102/><W30/><G117/><T114/><D71/><U21/><E21/><V23/><F87/><W4/><G4/><T86/><D26/><U80/><E107/><V111/><F105/><W51/><G124/><T44/><D13/><N who="2" m="5194" /><F54/><W1/><G1/><T38/><D74/><U55/><E94/><V43/><F69/><W81/><G103/><T123/><D123/><U100/><REACH who="1" step="1"/><E82/><REACH who="1" ten="211,319,230,230" step="2"/><V25/><F25/><W17/><G81/><T40/><D39/><U127/><E127/><V67/><F23/><W32/><G34/><T83/><D38/><U6/><E6/><V130/><F20/><W57/><G32/><T35/><D35/><U59/><E59/><V92/><F92/><W33/><G33/><T11/><D83/><U89/><AGARI ba="0,1" hai="3,7,9,52,55,60,66,70,80,84,89,93,96,100" machi="89" ten="20,7800,0" yaku="1,1,0,1,7,1,54,1,53,0" doraHai="19" doraHaiUra="128" who="1" fromWho="1" sc="211,-26,319,88,230,-26,230,-26" />
</Scene>
<Scene>
<INIT seed="1,1,0,2,5,99" ten="185,407,204,204" oya="1" hai0="96,88,31,2,22,58,3,67,94,11,81,87,43" hai1="91,29,46,25,4,135,90,19,6,131,30,128,124" hai2="105,15,134,115,103,10,86,117,8,123,80,41,130" hai3="92,33,120,40,82,125,37,44,55,16,76,48,71"/><U24/><E124/><V38/><F117/><W126/><G33/><T26/><D43/><U64/><E64/><V20/><F123/><W56/><G120/><T106/><D11/><U50/><E135/><V127/><F134/><W21/><G92/><T69/><D69/><U97/><E97/><V100/><F105/><W75/><REACH who="3" step="1"/><G71/><REACH who="3" ten="185,407,204,194" step="2"/><T49/><D106/><U35/><E131/><V85/><F130/><W79/><G79/><T72/><D72/><U116/><E128/><V89/><F127/><W47/><G47/><T107/><D107/><U70/><E70/><V45/><F115/><W121/><G121/><T18/><D31/><U122/><E46/><V77/><F20/><W39/><G39/><T17/><D17/><U54/><E35/><V63/><F8/><W57/><G57/><T34/><D34/><U112/><E19/><V101/><F10/><W93/><G93/><T60/><REACH who="0" step="1"/><D49/><REACH who="0" ten="175,407,204,194" step="2"/><U0/><E50/><V68/><F68/><W61/><G61/><T118/><D118/><U108/><E116/><V129/><F63/><W51/><G51/><T104/><D104/><U53/><E122/><V9/><F129/><W109/><G109/><T74/><D74/><U13/><E108/><V66/><F9/><W5/><G5/><T12/><D12/><AGARI ba="1,2" hai="12,16,21,37,40,44,48,55,56,75,76,82,125,126" machi="12" ten="40,2600,0" yaku="1,1,54,1,53,0" doraHai="99" doraHaiUra="32" who="3" fromWho="0" sc="175,-29,407,0,204,0,194,49" />
</Scene>
<Scene>
<INIT seed="2,0,0,4,1,129" ten="146,407,204,243" oya="2" hai0="62,81,122,116,109,21,86,33,118,127,14,100,85" hai1="125,56,66,78,112,40,115,94,114,68,119,13,110" hai2="31,27,124,74,20,23,83,5,117,72,107,29,41" hai3="50,44,101,96,104,131,28,32,63,80,17,91,1"/><V51/><F117/><W6/><G131/><T75/><D33/><U11/><E119/><V87/><F124/><W37/><G37/><T35/><D35/><U105/><E105/><V113/><F113/><W69/><G6/><T82/><D62/><U95/><E125/><V103/><F5/><W84/><G1/><T0/><D21/><U71/><E78/><V135/><F135/><W25/><G17/><T89/><D14/><U18/><E110/><V73/><F103/><W42/><G63/><T128/><D0/><U2/><E2/><V59/><F107/><W34/><G69/><T3/><D3/><U92/><E40/><V120/><F120/><W126/><G126/><T108/><D127/><U38/><E38/><V24/><F59/><W64/><G64/><T53/><D53/><U55/><REACH who="1" step="1"/><E66/><REACH who="1" ten="146,397,204,243" step="2"/><V49/><REACH who="2" step="1"/><F41/><REACH who="2" ten="146,397,194,243" step="2"/><W61/><G42/><T9/><D128/><U8/><E8/><V4/><F4/><W47/><G104/><T134/><D9/><U70/><E70/><V88/><AGARI ba="0,2" hai="20,23,24,27,29,31,49,51,72,73,74,83,87,88" machi="88" ten="30,11700,0" yaku="1,1,0,1,9,1,54,1,53,0" doraHai="129" doraHaiUra="93" who="2" fromWho="2" sc="146,-39,397,-39,194,137,243,-39" />
</Scene>
<Scene>
<INIT seed="2,1,0,5,1,7" ten="107,358,331,204" oya="2" hai0="26,107,55,79,101,59,98,45,131,35,100,57,15" hai1="9,47,125,122,52,94,68,89,30,38,19,93,116" hai2="92,41,133,83,18,134,99,111,62,48,117,84,13" hai3="102,86,5,11,132,88,129,53,82,103,67,36,64"/><V65/><F117/><W32/><G36/><T1/><D1/><U78/><E116/><V43/><F111/><W4/><G32/><T74/><D131/><U106/><E106/><V44/><F43/><W49/><G132/><T58/><D101/><N who="3" m="38409" /><G129/><T10/><D79/><U37/><E68/><V29/><F29/><W61/><G61/><T130/><D74/><U23/><E125/><V128/><F128/><W25/><G25/><T77/><D77/><U80/><E122/><V73/><F73/><W120/><G120/><T91/><D91/><U87/><E30/><V81/><F99/><W114/><G114/><T123/><D123/><U2/><E94/><V12/><F12/><N who="3" m="5223" /><G5/><T16/><D130/><U126/><E126/><V39/><F39/><W90/><G90/><T14/><D14/><U54/><E2/><V63/><F92/><W109/><G109/><T0/><D0/><U28/><E28/><V135/><F84/><W56/><AGARI ba="1,0" hai="49,53,56,64,67,82,86,88" m="5223,38409" machi="56" ten="30,4000,0" yaku="8,1,52,1,54,1" doraHai="7" who="3" fromWho="3" sc="107,-11,358,-11,331,-21,204,43" />
</Scene>
<Scene>
<INIT seed="3,0,0,3,3,38" ten="96,347,310,247" oya="3" hai0="107,49,2,48,116,4,130,100,59,111,105,103,91" hai1="44,73,1,14,53,12,96,42,70,121,56,125,65" hai2="52,81,9,85,32,87,11,25,89,23,18,57,16" hai3="76,54,20,66,104,6,24,129,77,61,58,22,117"/><W43/><G117/><T95/><D116/><U119/><E1/><V17/><F32/><W19/><G104/><T133/><D2/><U74/><E121/><V36/><F36/><W3/><G129/><T46/><D4/><U40/><E119/><V135/><F85/><W124/><G124/><T122/><D122/><U39/><E125/><V108/><F108/><W114/><G114/><T64/><D111/><U34/><E34/><V55/><F135/><W120/><G120/><T118/><D118/><U0/><E0/><V35/><F35/><W102/><G102/><T106/><D133/><U5/><E96/><V21/><F55/><W123/><G123/><T10/><D10/><U110/><E40/><V67/><F67/><W45/><G66/><T92/><D92/><U86/><E86/><V82/><F82/><W78/><G20/><T69/><D69/><U126/><E110/><V131/><F131/><W13/><G3/><T28/><D28/><U75/><E5/><V72/><F72/><W8/><REACH who="3" step="1"/><G77/><REACH who="3" ten="96,347,310,237" step="2"/><T109/><D130/><U83/><E126/><V112/><F112/><W29/><G29/><T128/><D109/><U50/><E83/><V93/><F81/><W7/><G7/><T60/><D128/><U79/><E79/><V134/><F134/><W113/><G113/><T99/><D103/><U51/><E65/><V31/><F21/><W98/><G98/><T68/><D100/><U41/><E70/><V84/><F84/><W71/><G71/><T94/><D94/><U88/><E88/><V80/><F80/><W97/><G97/><T127/><D127/><RYUUKYOKU ba="0,1" sc="96,-30,347,10,310,10,237,10" hai1="12,14,39,41,42,44,50,51,53,56,73,74,75" hai2="9,11,16,17,18,23,25,31,52,57,87,89,93" hai3="6,8,13,19,22,24,43,45,54,58,61,76,78" />
</Scene>
<Scene>
<INIT seed="3,1,1,0,2,101" ten="66,357,320,247" oya="3" hai0="57,102,64,4,0,8,15,122,75,103,83,53,85" hai1="68,32,87,14,98,82,131,132,36,45,59,66,92" hai2="105,20,30,24,17,33,28,18,128,35,112,22,29" hai3="44,97,26,40,80,76,19,135,23,94,21,130,120"/><W86/><G120/><T78/><D122/><U127/><E68/><V65/><F65/><W118/><G118/><T70/><D70/><U106/><E106/><V114/><F105/><W10/><G130/><T81/><D64/><U48/><E127/><V74/><F74/><W119/><G119/><T47/><D0/><U90/><E132/><V27/><REACH who="2" step="1"/><F30/><REACH who="2" ten="66,357,310,247" step="2"/><W108/><G135/><T61/><D47/><U3/><E66/><V129/><AGARI ba="1,2" hai="17,18,20,22,24,27,28,29,33,35,112,114,128,129" machi="129" ten="25,16000,3" yaku="1,1,2,1,0,1,22,2,34,3,53,0" doraHai="101" doraHaiUra="123" who="2" fromWho="2" sc="66,-41,357,-41,310,183,247,-81" />
</Scene>
<Scene>
<INIT seed="4,0,0,4,1,44" ten="25,316,493,166" oya="0" hai0="108,96,124,84,19,29,40,107,62,91,75,101,74" hai1="53,35,86,72,116,34,103,114,3,20,41,38,58" hai2="42,59,67,135,24,22,129,94,88,7,55,117,105" hai3="71,112,11,43,17,87,118,54,28,97,57,92,113"/><T30/><D124/><U100/><E72/><V65/><F105/><W27/><G71/><T64/><D108/><U122/><E116/><V6/><F117/><W51/><G87/><T4/><D4/><N who="2" m="1578" /><F42/><W83/><G83/><T89/><D40/><U68/><E68/><V15/><F135/><W126/><G43/><T45/><D45/><U119/><E53/><V93/><F93/><W56/><G56/><T132/><D132/><U95/><E58/><V127/><F129/><W134/><G134/><T21/><D91/><U31/><E20/><V10/><F10/><W36/><G36/><T60/><D75/><U5/><E86/><N who="2" m="52503" /><F15/><W73/><G73/><T18/><D74/><U50/><E95/><V125/><F125/><W90/><G126/><T77/><D77/><U110/><E3/><V2/><F2/><W99/><G118/><T46/><D46/><U12/><E12/><V37/><F37/><W128/><G128/><T80/><D21/><U131/><E35/><V39/><F39/><W23/><G11/><T14/><D14/><U98/><E38/><V104/><F104/><W8/><G8/><T130/><D130/><U81/><E131/><V82/><F82/><W25/><REACH who="3" step="1"/><G97/><REACH who="3" ten="25,316,493,156" step="2"/><T76/><D76/><U16/><E98/><V0/><F127/><W120/><G120/><T47/><D47/><U79/><E122/><V109/><F109/><W123/><G123/><T13/><D13/><U78/><E110/><V33/><F0/><W61/><G61/><N who="0" m="23659" /><D64/><U133/><E41/><V85/><F67/><W121/><G121/><T32/><D32/><AGARI ba="0,1" hai="17,23,25,27,28,32,51,54,57,90,92,99,112,113" machi="32" ten="40,2600,0" yaku="1,1,52,1,53,0" doraHai="44" doraHaiUra="102" who="3" fromWho="0" sc="25,-26,316,0,493,0,156,36" owari="-1,-50.0,316,12.0,493,59.0,192,-21.0" />
</Scene>
</mjloggm>