<mjloggm ver="2.3"><GO type="169" lobby="0"/><UN n0="%E3%83%90%E3%83%89%E3%83%A9%E3%83%83%E3%82%AF" n1="%E3%81%84%E3%81%97%E3%81%97%E3%82%93%49%44%E7%B4%9B%E5%A4%B1" n2="%41%53%41%50%49%4E" n3="%E3%83%AD%E3%83%AA%E3%83%BC%E3%82%BF%E3%81%AA%E7%84%BC%E8%82%89" dan="16,16,19,17" rate="2019.80,2132.37,2321.65,2151.34" sx="M,M,M,M"/><TAIKYOKU oya="0"/>

<Scene>
<INIT seed="0,0,0,2,4,1" ten="250,250,250,250" oya="0" hai0="89,68,3,103,122,29,78,8,5,59,113,60,64" hai1="55,134,99,120,46,63,108,79,50,124,96,67,101" hai2="81,100,39,45,13,114,33,52,24,15,23,9,30" hai3="22,77,2,10,90,97,37,27,87,70,51,62,56"/><T92/><D113/><U41/><E120/><V117/><F114/><W102/><G37/><T80/><D103/><U110/><E124/><V47/><F117/><W11/><G77/><T119/><D119/><U19/><E134/><V31/><F39/><W76/><G76/><T4/><D4/><U28/><E28/><V34/><F100/><W73/><G73/><T14/><D29/><U106/><E79/><V35/><F81/><W21/><G70/><T126/><D126/><U104/><E99/><V53/><F30/><W95/><G51/><T69/><D3/><U7/><E106/><V111/><F111/><N who="1" m="42537" /><E19/><V74/><F74/><W58/><G58/><T44/><D44/><U61/><E7/><V26/><F26/><W57/><G57/><T132/><D132/><U91/><E91/><V93/><F15/><W12/><G2/><T98/><REACH who="0" step="1"/><D122/><REACH who="0" ten="240,250,250,250" step="2"/><U94/><E104/><V109/><F45/><W84/><G102/><T6/><D6/><U116/><E116/><V20/><F47/><W48/><G62/><N who="1" m="23562" /><E67/><V115/><F109/><W88/><G48/><T128/><D128/><U65/><E65/><V42/><F115/><W82/><G27/><T36/><D36/><U54/><AGARI ba="0,1" hai="41,46,50,54,55,94,96,101" m="23562,42537" machi="54" ten="30,1100,0" yaku="14,1" doraHai="1" who="1" fromWho="1" sc="240,-5,250,21,250,-3,250,-3" />
</Scene>
<Scene>
<INIT seed="1,0,0,5,4,48" ten="235,271,247,247" oya="1" hai0="135,49,17,39,116,0,94,55,66,95,64,77,21" hai1="102,31,110,16,131,70,14,22,103,51,96,13,130" hai2="98,38,18,71,73,47,91,105,34,104,2,82,67" hai3="11,120,54,128,85,7,101,59,53,99,32,60,65"/><U58/><E70/><V69/><F18/><W115/><G120/><T119/><D39/><U83/><E31/><V20/><F20/><W88/><G115/><T124/><D0/><U63/><E110/><V68/><F67/><W30/><G128/><N who="1" m="49194" /><E51/><V100/><F104/><W74/><G74/><T27/><D124/><U111/><E111/><V37/><F91/><W84/><G84/><T44/><D135/><U76/><E14/><V28/><F47/><W134/><G134/><T43/><D77/><U118/><E96/><V93/><F93/><N who="0" m="35338" /><D116/><U23/><E23/><V19/><F19/><W80/><G30/><T122/><D119/><U62/><E118/><V57/><F57/><W75/><G32/><T36/><D36/><U129/><E129/><V5/><F5/><W107/><G75/><T108/><D108/><U40/><E40/><V4/><F4/><W81/><G81/><T29/><D122/><U79/><E79/><N who="2" m="44399" /><F2/><AGARI ba="0,0" hai="2,7,11,53,54,59,60,65,80,85,88,99,101,107" machi="2" ten="30,7700,0" yaku="7,1,52,2,54,1" doraHai="48" who="3" fromWho="2" sc="235,0,271,0,247,-77,247,77" />
</Scene>
<Scene>
<INIT seed="2,0,0,3,4,8" ten="235,271,170,324" oya="2" hai0="127,125,72,108,126,16,48,131,64,120,123,50,92" hai1="106,71,23,122,26,103,12,101,83,107,59,10,21" hai2="132,87,46,52,57,84,31,93,69,29,63,118,43" hai3="14,98,104,81,30,42,111,18,88,135,70,124,100"/><V76/><F118/><W119/><G70/><T113/><D113/><U34/><E71/><V94/><F132/><W41/><G135/><T2/><D72/><U74/><E34/><V67/><F93/><W121/><G121/><T44/><D2/><U38/><E38/><V53/><F53/><W112/><G30/><T97/><D64/><U133/><E133/><V73/><F73/><W78/><G119/><T6/><D6/><U60/><E122/><V54/><F54/><W25/><G25/><T56/><D108/><U80/><E107/><V77/><F84/><N who="3" m="50191" /><G78/><T55/><D131/><U134/><E134/><V102/><F76/><W129/><G129/><T85/><D85/><U117/><E117/><V39/><F102/><W20/><G124/><T3/><D3/><U47/><E47/><V75/><F75/><W58/><G58/><T62/><D16/><N who="1" m="8215" /><E106/><V7/><F7/><W17/><G17/><T114/><D114/><U116/><E116/><V91/><REACH who="2" step="1"/><F77/><REACH who="2" ten="235,271,160,324" step="2"/><W128/><G128/><T11/><D120/><U115/><E115/><V90/><F90/><W95/><G112/><T33/><D123/><U79/><E103/><V51/><AGARI ba="0,1" hai="29,31,39,43,46,51,52,57,63,67,69,87,91,94" machi="51" ten="20,18000,2" yaku="1,1,0,1,7,1,24,2,54,1,53,0" doraHai="8" doraHaiUra="28" who="2" fromWho="2" sc="235,-60,271,-60,160,190,324,-60" />
</Scene>
<Scene>
<INIT seed="2,1,0,0,4,37" ten="175,211,350,264" oya="2" hai0="3,25,45,6,112,101,29,85,91,119,62,53,70" hai1="5,54,52,51,111,83,78,74,89,103,22,133,58" hai2="4,61,123,50,92,79,96,13,100,56,27,127,72" hai3="99,115,97,106,122,18,23,0,118,34,105,41,110"/><V128/><F123/><W121/><G118/><T44/><D112/><U77/><E111/><V131/><F127/><W84/><G110/><T43/><D101/><U113/><E113/><V75/><F79/><W12/><G115/><T132/><D119/><U94/><E133/><V2/><F2/><W64/><G64/><T24/><D132/><U30/><E103/><V59/><F27/><W90/><G34/><T109/><D109/><U26/><E77/><V93/><F93/><W114/><G0/><T125/><D125/><U33/><E5/><V107/><F107/><W120/><G114/><T65/><D53/><U32/><REACH who="1" step="1"/><E54/><REACH who="1" ten="175,201,350,264" step="2"/><N who="2" m="31831" /><F4/><W1/><G120/><T17/><D6/><U81/><E81/><V46/><F100/><W76/><G122/><T117/><D117/><U15/><E15/><V88/><F13/><W42/><G121/><T38/><D3/><U28/><E28/><V134/><F134/><W11/><G76/><T69/><D17/><U116/><E116/><V87/><F128/><W47/><G1/><T73/><D29/><U35/><E35/><V129/><F131/><W49/><G106/><T36/><D24/><U10/><E10/><V82/><F129/><W21/><G105/><T57/><D25/><U124/><E124/><V67/><F72/><W39/><G11/><T19/><D19/><U16/><E16/><V66/><F75/><W68/><G18/><T104/><D73/><U14/><E14/><V55/><F55/><N who="3" m="30143" /><G12/><T9/><D9/><U130/><E130/><V102/><F66/><W126/><G126/><T20/><D104/><U60/><E60/><RYUUKYOKU ba="1,1" sc="175,-15,201,15,350,15,264,-15" hai1="22,26,30,32,33,51,52,58,74,78,83,89,94" hai2="46,59,61,67,82,87,88,92,96,102" />
</Scene>
<Scene>
<INIT seed="2,2,1,3,0,75" ten="160,216,365,249" oya="2" hai0="76,21,68,131,104,22,26,74,109,134,133,122,34" hai1="19,43,29,113,124,54,28,24,82,60,23,118,38" hai2="84,52,35,9,30,110,81,128,59,20,17,96,15" hai3="71,83,108,98,117,91,47,87,12,88,51,80,45"/><V69/><F69/><W111/><G117/><T100/><D122/><U63/><E118/><V72/><F72/><W103/><G71/><T99/><D68/><U14/><E113/><V57/><F128/><W56/><G56/><T79/><D131/><U37/><E124/><V123/><F123/><W105/><G12/><T73/><D109/><U119/><E119/><V125/><F125/><W86/><REACH who="3" step="1"/><G45/><REACH who="3" ten="160,216,365,239" step="2"/><T36/><D133/><U48/><E14/><N who="2" m="9271" /><F57/><W4/><G4/><T64/><D134/><U27/><E27/><V85/><F59/><W120/><G120/><T6/><D6/><U94/><E24/><V67/><F15/><W127/><G127/><T25/><D25/><U70/><E70/><V1/><F110/><W66/><G66/><T3/><D64/><U16/><E63/><V40/><F67/><W44/><G44/><T114/><D114/><U13/><E60/><V112/><F112/><W106/><G106/><T0/><D0/><U62/><E62/><V58/><F58/><W41/><AGARI ba="2,2" hai="41,47,51,80,83,86,87,88,91,98,103,105,108,111" machi="41" ten="30,7900,0" yaku="1,1,0,1,9,1,54,1,53,0" doraHai="75" doraHaiUra="107" who="3" fromWho="3" sc="160,-22,216,-22,365,-41,239,105" />
</Scene>
<Scene>
<INIT seed="3,0,0,1,3,17" ten="138,194,324,344" oya="3" hai0="92,38,80,29,94,23,90,128,44,112,79,65,20" hai1="53,71,93,19,116,81,40,84,114,30,10,64,124" hai2="100,42,49,69,95,39,47,50,99,1,0,102,5" hai3="131,36,105,115,31,133,117,135,91,82,13,74,96"/><W15/><G36/><T27/><D65/><U107/><E107/><V103/><F69/><W7/><G31/><T41/><D128/><U58/><E114/><V85/><F85/><N who="3" m="50615" /><G7/><T54/><D112/><U34/><E40/><V8/><REACH who="2" step="1"/><F1/><REACH who="2" ten="138,194,314,344" step="2"/><W61/><G115/><T78/><D78/><U76/><E84/><V52/><F52/><W60/><G74/><T67/><D54/><U14/><E76/><V127/><F127/><W97/><G131/><T125/><D125/><U16/><E71/><V68/><F68/><W28/><G96/><T6/><D67/><U134/><E64/><V59/><F59/><W110/><G97/><T66/><D66/><U77/><E58/><V3/><F3/><W37/><G135/><T89/><D79/><U104/><E53/><V51/><AGARI ba="0,1" hai="0,5,8,39,42,47,49,50,51,95,99,100,102,103" machi="51" ten="30,4000,0" yaku="1,1,0,1,53,1" doraHai="17" doraHaiUra="70" who="2" fromWho="2" sc="138,-10,194,-10,314,50,344,-20" />
</Scene>
<Scene>
<INIT seed="4,0,0,4,0,83" ten="128,184,364,324" oya="0" hai0="124,15,108,134,34,1,64,100,94,126,48,12,119" hai1="125,7,37,92,109,16,53,30,61,46,23,66,9" hai2="8,20,55,129,113,22,6,29,105,5,17,3,59" hai3="90,127,40,106,11,58,65,87,118,50,110,116,54"/><T123/><D123/><U26/><E109/><V14/><F105/><W103/><G110/><T75/><D119/><U85/><E125/><V128/><F113/><W25/><G127/><N who="0" m="48683" /><D1/><U91/><E37/><V114/><F114/><W31/><G65/><T79/><D108/><U120/><E120/><V107/><F107/><W32/><G40/><T56/><D34/><U72/><E72/><V21/><F6/><W81/><REACH who="3" step="1"/><G11/><REACH who="3" ten="128,184,364,314" step="2"/><T132/><D75/><U36/><E53/><V99/><F8/><W89/><G89/><T135/><D79/><U112/><E112/><V122/><F122/><W63/><G63/><N who="0" m="37991" /><D48/><U18/><E36/><V2/><F55/><W86/><G86/><T69/><D69/><U4/><E9/><V71/><F71/><W42/><G42/><T35/><D35/><U82/><E61/><V68/><F68/><W88/><G88/><T102/><D102/><U19/><E66/><V43/><F43/><W95/><G95/><T28/><D28/><U51/><E92/><V76/><F29/><W77/><G77/><T74/><D74/><U67/><E67/><V104/><F76/><W62/><G62/><T73/><D73/><U38/><E38/><V70/><F70/><W39/><G39/><T130/><D130/><U78/><E78/><V84/><F128/><W0/><G0/><T27/><D27/><U131/><E131/><V10/><F2/><W57/><G57/><T101/><D101/><U24/><E24/><V133/><F129/><W45/><G45/><T117/><D117/><U96/><E96/><AGARI ba="0,1" hai="25,31,32,50,54,58,81,87,90,96,103,106,116,118" machi="96" ten="40,2600,0" yaku="1,1,52,1,53,0" doraHai="83" doraHaiUra="41" who="3" fromWho="1" sc="128,0,184,-26,364,0,314,36" /><AGARI ba="0,0" hai="12,15,94,96,100,132,134,135" m="37991,48683" machi="96" ten="40,3900,0" yaku="20,1,18,1" doraHai="83" who="0" fromWho="1" sc="128,39,158,-39,364,0,350,0" />
</Scene>
<Scene>
<INIT seed="4,1,0,2,1,80" ten="167,119,364,350" oya="0" hai0="11,26,3,35,97,124,72,77,78,54,87,73,131" hai1="107,15,34,12,20,0,14,70,103,30,96,4,2" hai2="49,76,42,129,102,99,65,67,91,79,55,93,111" hai3="106,58,50,90,126,46,13,24,28,94,95,60,38"/><T56/><D124/><U115/><E70/><V117/><F111/><W18/><G106/><T22/><D35/><U71/><E71/><V118/><F129/><W37/><G126/><T10/><D131/><U121/><E121/><V47/><F55/><W86/><G95/><T123/><D123/><U98/><E115/><V59/><F59/><W1/><G1/><T108/><D108/><U104/><E34/><V85/><F79/><W68/><G68/><T66/><D66/><U69/><E69/><V110/><F76/><W75/><G75/><T125/><D125/><U82/><E82/><V105/><REACH who="2" step="1"/><F110/><REACH who="2" ten="167,119,354,350" step="2"/><W122/><G122/><T128/><D77/><U63/><E63/><V27/><F27/><W113/><G113/><T100/><D128/><U6/><E6/><V16/><F16/><W61/><G61/><T41/><D73/><U53/><E4/><V133/><F133/><W31/><G60/><T120/><D72/><U64/><E64/><AGARI ba="1,1" hai="42,47,49,64,65,67,85,91,93,99,102,105,117,118" machi="64" ten="40,5200,0" yaku="1,1,52,1,53,1" doraHai="80" doraHaiUra="92" who="2" fromWho="1" sc="167,0,119,-55,354,65,350,0" />
</Scene>
<Scene>
<INIT seed="5,0,0,4,1,56" ten="167,64,419,350" oya="1" hai0="118,36,100,83,76,57,97,130,42,124,122,121,32" hai1="7,98,3,116,99,8,63,44,27,47,43,113,123" hai2="129,74,41,40,79,108,106,37,127,65,132,114,96" hai3="126,81,62,117,12,14,31,0,80,95,70,75,60"/><U25/><E116/><V49/><F108/><W90/><G0/><T120/><D32/><U111/><E123/><V28/><F37/><W105/><G105/><T85/><D36/><U77/><E111/><V16/><F129/><W46/><G117/><T66/><D42/><U50/><E113/><V19/><F132/><W115/><G115/><T94/><D118/><U23/><E77/><V48/><F114/><W52/><G70/><T93/><D57/><U112/><E112/><V69/><F127/><W9/><G126/><T109/><D66/><U2/><E2/><V110/><F110/><W91/><G31/><T6/><D6/><U61/><E47/><V73/><F28/><W53/><G75/><T64/><D64/><U33/><E33/><V86/><F86/><W78/><G78/><T67/><D67/><U58/><E27/><V68/><F65/><W104/><G104/><N who="0" m="63503" /><D109/><U20/><E20/><V92/><F79/><W128/><G128/><T89/><D124/><U45/><E45/><V88/><F96/><W10/><G95/><N who="0" m="36363" /><D130/><U125/><E125/><V102/><F92/><W55/><G55/><T13/><D13/><U17/><REACH who="1" step="1"/><E58/><REACH who="1" ten="167,54,419,350" step="2"/><V5/><F69/><W18/><G18/><T54/><D54/><U26/><E26/><V38/><F68/><W135/><G135/><T15/><D15/><U29/><E29/><V39/><F19/><W34/><G34/><T30/><D30/><U4/><E4/><V71/><F71/><W87/><G46/><T107/><D107/><U84/><E84/><AGARI ba="0,1" hai="9,10,12,14,52,53,60,62,80,81,84,87,90,91" machi="84" ten="25,12000,2" yaku="22,2,8,1,52,2,54,1" doraHai="56" who="3" fromWho="1" sc="167,0,54,-120,419,0,350,130" owari="167,-23.0,-66,-57.0,419,22.0,480,58.0" />
</Scene>
</mjloggm>