<mjloggm ver="2.3"><GO type="169" lobby="0"/><UN n0="%E3%82%8A%E3%81%A8%E3%82%8B%E3%80%82%E3%80%82" n1="%43%52%41%57%4C" n2="%41%53%41%50%49%4E" n3="%E3%81%84%E3%81%AC%E3%81%98%E3%82%83%E3%82%89%E3%81%97" dan="16,16,19,17" rate="2106,2053,2216,2208" sx="M,M,M,M"/><TAIKYOKU oya="0"/>

<Scene>
<INIT seed="0,0,0,3,3,25" ten="250,250,250,250" oya="0" hai0="47,52,133,50,89,79,55,90,118,135,66,4,62" hai1="87,106,83,126,82,15,39,46,84,113,121,11,0" hai2="58,9,17,80,123,10,44,27,2,78,129,92,96" hai3="107,38,45,100,120,81,95,93,43,104,116,21,61"/><T36/><D118/><U23/><E121/><V19/><F123/><W75/><G120/><T98/><D79/><U108/><E106/><V65/><F129/><W3/><G116/><T37/><D4/><U77/><E108/><V24/><F44/><W59/><G3/><T20/><D20/><U33/><E33/><V73/><F27/><W12/><G75/><T125/><D125/><U64/><E126/><V101/><F2/><W105/><G81/><T6/><D6/><U34/><E34/><V112/><F112/><W124/><G100/><T13/><D13/><U97/><E113/><V56/><F65/><W26/><G12/><T35/><D35/><U91/><E97/><V94/><F94/><W54/><REACH who="3" step="1"/><G124/><REACH who="3" ten="250,250,250,240" step="2"/><T111/><D111/><U131/><E83/><V119/><F119/><W53/><G53/><T109/><D109/><U22/><E0/><V110/><F110/><W67/><G67/><T72/><D72/><U32/><E64/><V51/><F80/><W88/><G88/><N who="0" m="33899" /><D55/><U69/><E91/><V30/><F73/><W114/><G114/><T28/><D98/><U103/><E82/><V74/><F74/><W70/><G70/><T99/><D99/><U130/><E69/><V127/><F127/><W41/><G41/><T14/><D14/><U86/><E15/><V40/><F78/><W31/><AGARI ba="0,1" hai="21,26,31,38,43,45,54,59,61,93,95,104,105,107" machi="31" ten="30,4000,0" yaku="1,1,0,1,52,1,53,0" doraHai="25" doraHaiUra="1" who="3" fromWho="3" sc="250,-20,250,-10,250,-10,240,50" />
</Scene>
<Scene>
<INIT seed="1,0,0,4,4,13" ten="230,240,240,290" oya="1" hai0="106,77,48,73,135,19,118,1,16,44,9,88,7" hai1="92,113,119,104,102,37,93,91,35,59,84,114,4" hai2="96,33,103,81,68,125,50,49,39,110,52,56,107" hai3="65,45,32,3,128,108,67,12,25,132,38,36,76"/><U124/><E37/><V53/><F110/><W20/><G3/><T15/><D118/><U22/><E35/><V69/><F125/><W54/><G108/><T79/><D106/><U10/><E119/><V85/><F39/><W122/><G122/><T46/><D135/><U115/><E124/><V83/><F33/><W63/><G132/><T134/><D134/><U24/><E59/><V100/><F100/><W99/><G76/><N who="0" m="29259" /><D1/><U98/><E104/><V21/><F21/><W58/><G32/><T71/><D71/><U61/><E61/><V2/><F2/><W23/><G128/><T89/><D46/><U17/><REACH who="1" step="1"/><E115/><REACH who="1" ten="230,230,240,290" step="2"/><V74/><F69/><W0/><G63/><T40/><D73/><U86/><E86/><V120/><F68/><W111/><G58/><T6/><D6/><U121/><E121/><V97/><F120/><W14/><G111/><T75/><D75/><U133/><E133/><V80/><F74/><W82/><G99/><T47/><D47/><U123/><E123/><V18/><F85/><W64/><G45/><T57/><D57/><U78/><E78/><V105/><F107/><W127/><G36/><T34/><D34/><U55/><E55/><V129/><F96/><W126/><G54/><N who="2" m="21097" /><F56/><W60/><G38/><T31/><D31/><U94/><E94/><N who="2" m="58807" /><F129/><W131/><G131/><T72/><D72/><U41/><E41/><V116/><F105/><W29/><G127/><T5/><D5/><U51/><E51/><N who="2" m="19467" /><F116/><W87/><G126/><T30/><D30/><U95/><E95/><V27/><F80/><W130/><G82/><T42/><D42/><RYUUKYOKU ba="0,1" sc="230,10,230,10,240,10,290,-30" hai0="7,9,15,16,19,40,44,48,88,89" hai1="4,10,17,22,24,84,91,92,93,98,102,113,114" hai2="18,27,81,83" />
</Scene>
<Scene>
<INIT seed="1,1,1,2,3,133" ten="240,240,250,260" oya="1" hai0="11,69,84,78,71,23,80,37,55,45,63,125,124" hai1="79,72,7,53,105,33,114,108,86,6,121,128,109" hai2="77,5,113,15,101,70,106,13,14,4,46,103,102" hai3="68,51,89,90,99,135,107,27,98,10,119,26,9"/><U25/><E121/><V64/><F106/><W76/><G68/><T130/><D130/><U85/><E114/><V73/><F113/><W82/><G135/><T30/><D11/><U0/><E105/><V3/><F3/><W56/><G119/><T47/><D37/><U59/><E128/><V65/><F46/><W60/><G51/><T62/><D71/><U95/><E72/><V67/><F70/><W83/><G56/><T42/><D42/><U29/><E95/><V120/><F120/><W24/><G107/><T17/><D30/><U38/><E38/><V50/><F50/><W61/><REACH who="3" step="1"/><G26/><REACH who="3" ten="240,240,250,250" step="2"/><T36/><D36/><U52/><E109/><V35/><F35/><W129/><G129/><T123/><D123/><U131/><E131/><V28/><F28/><W97/><G97/><T58/><D69/><U115/><E108/><V16/><F16/><W8/><G8/><T104/><D104/><U19/><E115/><V126/><F126/><N who="0" m="48746" /><D63/><U12/><E7/><V22/><F22/><W18/><G18/><T116/><D116/><U100/><E6/><N who="2" m="2667" /><F73/><W93/><G93/><T74/><D74/><U32/><E32/><V91/><F91/><W117/><G117/><T122/><D122/><U66/><E33/><V40/><F40/><W2/><G2/><T88/><D88/><U96/><E29/><V94/><F94/><W54/><G54/><T134/><D134/><U75/><E53/><V81/><F81/><W1/><G1/><T21/><D21/><U127/><E0/><V41/><F41/><W92/><G92/><T87/><D87/><U44/><E127/><RYUUKYOKU ba="1,2" sc="240,10,240,-30,250,10,250,10" hai0="17,23,45,47,55,58,62,78,80,84" hai2="13,14,15,64,65,67,77,101,102,103" hai3="9,10,24,27,60,61,76,82,83,89,90,98,99" />
</Scene>
<Scene>
<INIT seed="2,2,2,5,5,118" ten="250,210,260,260" oya="2" hai0="31,12,101,23,10,112,27,64,98,93,37,39,3" hai1="120,1,92,86,67,61,62,47,117,104,106,11,55" hai2="90,115,84,52,133,16,8,80,9,89,6,85,33" hai3="119,116,102,124,127,129,105,13,77,43,18,87,48"/><V69/><F115/><W40/><G129/><T130/><D112/><U71/><E117/><N who="3" m="45130" /><G102/><T60/><D3/><U66/><E1/><V81/><F69/><W97/><G97/><T126/><D126/><N who="3" m="48169" /><G48/><T131/><D131/><U76/><E11/><V49/><F133/><W15/><G105/><T94/><D94/><U134/><E134/><V132/><F132/><W28/><G28/><T17/><REACH who="0" step="1"/><D130/><REACH who="0" ten="240,210,260,260" step="2"/><U96/><E104/><V19/><F33/><W21/><G15/><T2/><D2/><U29/><E106/><V30/><F30/><W91/><G77/><T46/><D46/><U78/><E29/><V14/><F9/><W72/><G72/><T45/><D45/><AGARI ba="2,3" hai="6,8,14,16,19,45,49,52,80,81,84,85,89,90" machi="45" ten="30,12000,1" yaku="7,1,9,1,8,1,54,2" doraHai="118" who="2" fromWho="0" sc="240,-126,210,0,260,156,260,0" />
</Scene>
<Scene>
<INIT seed="2,3,0,5,2,98" ten="114,210,416,260" oya="2" hai0="20,5,91,103,119,67,93,104,113,92,25,22,96" hai1="49,40,85,4,130,48,21,68,13,15,116,129,61" hai2="76,24,117,17,133,60,77,26,134,74,38,87,37" hai3="3,107,80,127,123,105,63,12,29,120,50,71,75"/><V70/><F117/><W14/><G3/><T83/><D113/><U1/><E116/><V28/><F74/><W30/><G50/><N who="1" m="19562" /><E40/><V118/><F118/><W34/><G127/><T72/><D119/><U79/><E1/><V109/><F109/><W125/><G125/><T35/><D67/><U111/><E4/><V86/><F17/><W65/><G12/><T7/><D35/><U53/><E111/><V90/><F90/><W42/><G14/><T23/><D25/><U8/><E8/><V124/><F124/><W101/><G42/><T46/><D46/><U135/><E135/><V55/><F55/><W131/><G131/><N who="1" m="50186" /><E21/><V45/><F70/><W44/><G44/><T73/><D93/><U18/><E18/><V0/><F0/><W64/><G64/><T59/><D59/><N who="1" m="35055" /><E68/><V11/><F11/><W62/><G107/><T16/><D16/><U99/><E99/><V94/><F60/><W82/><G63/><T126/><D126/><U10/><E10/><V9/><F9/><W69/><G62/><T58/><D58/><U100/><E100/><V47/><REACH who="2" step="1"/><F94/><REACH who="2" ten="114,210,406,260" step="2"/><W114/><G71/><T132/><D132/><U121/><E121/><V97/><F97/><W41/><G69/><T27/><D27/><U33/><E15/><V54/><F54/><W95/><G95/><T108/><D108/><U19/><E13/><V39/><F39/><W128/><G123/><T43/><D43/><U6/><E19/><V106/><F106/><W51/><G41/><T56/><D73/><U52/><E52/><V115/><F115/><W2/><G128/><T122/><D72/><RYUUKYOKU ba="3,1" sc="114,-10,210,-10,406,30,260,-10" hai2="24,26,28,37,38,45,47,76,77,86,87,133,134" />
</Scene>
<Scene>
<INIT seed="2,4,1,5,4,20" ten="104,200,436,250" oya="2" hai0="106,108,62,28,57,0,88,114,75,77,86,96,60" hai1="45,52,19,6,71,97,59,105,3,124,89,78,31" hai2="70,110,21,47,27,76,53,37,130,43,64,1,128" hai3="49,131,93,99,123,14,7,120,95,67,42,29,13"/><V8/><F76/><W90/><G131/><N who="2" m="50217" /><F110/><W101/><G67/><T56/><D0/><U66/><E124/><V16/><F53/><W11/><G29/><T113/><D108/><U92/><E105/><V122/><F122/><W39/><G39/><T41/><D41/><U18/><E78/><V129/><F129/><W55/><G14/><T51/><D51/><U85/><E31/><V24/><F24/><W30/><G30/><T17/><D17/><U116/><E116/><V118/><F118/><W82/><G82/><T40/><D40/><U104/><E18/><V81/><F81/><W125/><G42/><T100/><D28/><U73/><E19/><V15/><F1/><W84/><REACH who="3" step="1"/><G125/><REACH who="3" ten="104,200,436,240" step="2"/><T111/><D111/><U26/><E66/><V23/><F64/><W69/><G69/><T91/><D114/><U126/><E71/><V12/><F70/><W4/><G4/><T107/><D113/><U74/><E6/><N who="2" m="3095" /><F27/><W9/><G9/><AGARI ba="4,2" hai="9,15,16,21,23,37,43,47" m="3095,50217" machi="9" ten="30,2900,0" yaku="19,1,54,1" doraHai="20" who="2" fromWho="3" sc="104,0,200,0,436,61,240,-41" />
</Scene>
<Scene>
<INIT seed="2,5,0,5,3,131" ten="104,200,497,199" oya="2" hai0="59,66,98,36,12,35,41,32,134,87,19,5,84" hai1="109,122,71,43,92,93,105,79,45,75,65,60,1" hai2="44,96,49,119,24,13,73,23,62,91,94,130,77" hai3="18,99,20,6,103,104,108,100,53,31,69,3,123"/><V8/><F119/><W110/><G123/><T97/><D5/><U30/><E105/><V85/><F130/><W21/><G69/><T106/><D36/><U37/><E122/><V107/><F73/><W67/><G67/><T34/><D41/><U74/><E109/><N who="3" m="42090" /><G103/><T54/><D66/><U90/><E30/><V10/><F62/><W4/><G3/><T28/><D28/><U124/><E124/><V57/><F57/><W128/><G128/><T25/><D25/><U89/><E1/><V70/><F70/><W120/><G120/><T7/><D7/><N who="3" m="2601" /><G31/><T126/><D126/><U113/><E79/><V63/><F63/><W26/><G53/><T78/><D78/><U133/><E113/><V52/><F13/><W117/><G21/><T40/><D40/><U29/><E29/><N who="2" m="17567" /><F107/><W51/><G51/><T76/><D76/><U42/><E37/><V38/><F38/><W50/><G50/><T2/><D2/><U64/><E71/><V48/><F48/><W33/><G117/><T121/><D121/><U0/><E60/><V15/><F15/><W115/><G115/><T132/><D106/><U39/><E39/><V47/><F47/><W116/><G116/><T16/><D35/><AGARI ba="5,0" hai="18,20,26,33,35,99,100,104" m="2601,42090" machi="35" ten="30,1000,0" yaku="14,1" doraHai="131" who="3" fromWho="0" sc="104,-25,200,0,497,0,199,25" />
</Scene>
<Scene>
<INIT seed="3,0,0,3,0,4" ten="79,200,497,224" oya="3" hai0="65,131,12,57,37,36,133,72,73,25,46,102,44" hai1="109,9,114,31,7,21,47,17,77,30,16,0,111" hai2="69,26,59,1,123,43,34,52,96,125,76,80,132" hai3="14,60,120,86,39,62,63,103,51,45,118,3,81"/><W126/><G120/><T8/><D102/><U121/><E121/><V93/><F123/><W106/><G118/><T19/><D131/><U113/><E77/><V90/><F69/><W13/><G3/><T18/><D133/><U112/><E47/><V2/><F132/><W10/><G39/><T48/><D65/><U91/><E91/><V49/><F125/><W32/><G32/><T64/><D64/><U88/><E88/><V74/><F34/><W97/><G126/><T5/><D57/><U84/><E84/><V108/><F108/><N who="1" m="41545" /><E17/><V110/><F110/><W41/><REACH who="3" step="1"/><G10/><REACH who="3" ten="79,200,497,214" step="2"/><T40/><D37/><U135/><E135/><V98/><F1/><W33/><G33/><T61/><D36/><U11/><E11/><V67/><F2/><W101/><G101/><T58/><D8/><U92/><E92/><V54/><F93/><W87/><G87/><T27/><D72/><U22/><E22/><V55/><F74/><W78/><AGARI ba="0,1" hai="13,14,41,45,51,60,62,63,78,81,86,97,103,106" machi="78" ten="30,6000,0" yaku="1,1,0,1,53,1" doraHai="4" doraHaiUra="99" who="3" fromWho="3" sc="79,-20,200,-20,497,-20,214,70" />
</Scene>
<Scene>
<INIT seed="3,1,0,4,5,51" ten="59,180,477,284" oya="3" hai0="78,119,102,105,76,60,41,18,47,128,66,133,42" hai1="104,55,115,30,116,63,108,39,5,19,92,24,117" hai2="62,89,97,52,29,23,17,74,64,6,65,127,67" hai3="26,4,40,72,61,35,59,25,70,58,43,13,34"/><W121/><G121/><T95/><D119/><N who="1" m="45643" /><E115/><V8/><F74/><W85/><G72/><T7/><D105/><U16/><E104/><V90/><F127/><W1/><G1/><T98/><D128/><U56/><E39/><V50/><F29/><W125/><G70/><T31/><D133/><U94/><E108/><V27/><F62/><W130/><G125/><T57/><D7/><U80/><E5/><V118/><F118/><W91/><G130/><T99/><D99/><U79/><E94/><V126/><F126/><W37/><G37/><T84/><D84/><N who="1" m="48159" /><E92/><V114/><F114/><W123/><G123/><T49/><D41/><N who="3" m="15945" /><G59/><T86/><D86/><U88/><E88/><N who="2" m="33899" /><F97/><W14/><G35/><AGARI ba="1,0" hai="16,19,24,30,35,55,56,63" m="48159,45643" machi="35" ten="30,3900,0" yaku="12,1,52,1,54,1" doraHai="51" who="1" fromWho="3" sc="59,0,180,42,477,0,284,-42" />
</Scene>
<Scene>
<INIT seed="4,0,0,2,1,21" ten="59,222,477,242" oya="0" hai0="61,30,79,126,109,62,76,10,57,104,13,28,20" hai1="75,38,32,125,39,3,90,11,101,92,83,131,67" hai2="37,59,93,33,25,24,91,41,129,35,123,66,72" hai3="80,94,87,15,12,102,69,22,47,58,106,56,120"/><T55/><D104/><U84/><E32/><V74/><F123/><W128/><G106/><T60/><D109/><U110/><E110/><V114/><F129/><W14/><G69/><T70/><D126/><U118/><E118/><V134/><F134/><W1/><G1/><T115/><D115/><U48/><E131/><V0/><F0/><W116/><G116/><T103/><D103/><U36/><E125/><V68/><F68/><W49/><G120/><T132/><D132/><U107/><E67/><V98/><F114/><W2/><G2/><T50/><D70/><U112/><E112/><V130/><F130/><W127/><G127/><T29/><REACH who="0" step="1"/><D20/><REACH who="0" ten="49,222,477,242" step="2"/><U46/><E107/><V81/><F33/><W51/><G22/><T16/><AGARI ba="0,1" hai="10,13,16,28,29,30,50,55,57,60,61,62,76,79" machi="16" ten="30,12000,1" yaku="1,1,2,1,0,1,8,1,54,1,53,0" doraHai="21" doraHaiUra="64" who="0" fromWho="0" sc="49,130,222,-40,477,-40,242,-40" />
</Scene>
<Scene>
<INIT seed="4,1,0,1,4,59" ten="179,182,437,202" oya="0" hai0="47,69,127,78,79,104,102,82,71,35,12,4,65" hai1="57,64,27,61,29,48,18,97,6,94,20,123,121" hai2="125,116,37,114,28,45,99,96,42,44,38,34,5" hai3="0,95,91,41,76,33,56,115,93,31,58,30,1"/><T101/><D35/><U77/><E6/><V62/><F114/><W66/><G33/><T83/><D47/><U89/><E77/><V36/><F125/><W9/><G76/><T52/><D127/><U106/><E106/><V46/><F116/><W3/><G115/><T135/><D135/><U92/><E48/><V85/><F5/><W88/><G41/><T63/><D71/><U81/><E81/><V51/><F85/><W134/><G0/><T112/><D112/><U55/><E55/><N who="2" m="30183" /><F99/><W75/><G66/><T16/><D4/><U8/><E8/><V131/><F96/><W23/><G9/><T74/><D52/><U40/><E40/><N who="2" m="22663" /><F28/><W17/><G17/><T22/><REACH who="0" step="1"/><D104/><REACH who="0" ten="169,182,437,202" step="2"/><U105/><E105/><V15/><F34/><W70/><G70/><T128/><D128/><U84/><REACH who="1" step="1"/><E18/><REACH who="1" ten="169,172,437,202" step="2"/><V110/><F131/><W86/><G134/><T25/><D25/><U132/><E132/><V14/><F38/><W133/><G133/><T53/><D53/><U2/><E2/><V26/><F37/><W122/><G1/><T130/><D130/><U113/><E113/><V111/><F26/><W43/><G3/><T107/><D107/><U19/><E19/><V100/><F46/><W7/><G7/><T10/><D10/><U60/><E60/><V50/><F62/><W49/><G43/><T108/><D108/><U32/><E32/><V90/><F111/><W73/><G49/><T72/><AGARI ba="1,2" hai="12,16,22,63,65,69,72,74,78,79,82,83,101,102" machi="72" ten="20,18000,2" yaku="1,1,0,1,7,1,9,1,52,1,54,1,53,0" doraHai="59" doraHaiUra="126" who="0" fromWho="0" sc="169,203,172,-61,437,-61,202,-61" />
</Scene>
<Scene>
<INIT seed="4,2,0,0,5,67" ten="372,111,376,141" oya="0" hai0="116,45,59,4,73,105,23,65,135,46,35,64,95" hai1="89,77,74,39,37,81,117,121,85,97,34,79,131" hai2="68,10,71,15,106,43,12,6,112,115,110,28,14" hai3="13,32,11,17,52,90,27,21,134,0,88,57,75"/><T101/><D35/><U56/><E121/><V18/><F110/><W22/><G75/><T1/><D105/><U120/><E120/><V119/><F106/><W54/><G134/><T69/><D73/><U99/><E117/><V44/><F119/><W55/><G32/><T5/><D116/><U66/><E34/><V92/><F28/><N who="3" m="17519" /><G0/><T107/><D107/><U82/><E131/><V40/><F92/><W127/><G127/><T122/><D122/><U41/><E89/><N who="3" m="34410" /><G11/><T70/><D59/><AGARI ba="2,0" hai="13,17,22,52,54,55,57,59" m="34410,17519" machi="59" ten="30,3900,0" yaku="8,1,54,2" doraHai="67" who="3" fromWho="0" sc="372,-45,111,0,376,0,141,45" />
</Scene>
<Scene>
<INIT seed="5,0,0,2,1,87" ten="327,111,376,186" oya="1" hai0="61,133,99,62,56,123,119,3,44,94,105,125,130" hai1="89,127,29,83,25,81,13,110,17,72,23,103,57" hai2="46,66,122,52,118,59,109,88,39,101,106,7,86" hai3="67,93,128,104,97,51,0,38,4,22,80,95,5"/><U26/><E127/><V121/><F109/><W32/><G38/><T21/><D3/><U111/><E103/><V131/><F118/><W129/><G32/><T117/><D105/><U10/><E72/><V77/><F77/><W12/><G104/><T82/><D125/><U116/><E116/><V114/><F131/><N who="3" m="50251" /><G0/><T6/><D6/><N who="3" m="2665" /><G67/><T18/><D123/><U84/><E57/><V69/><F114/><W8/><G22/><T45/><D82/><U41/><E41/><N who="2" m="22847" /><F101/><W31/><G31/><T102/><D62/><U20/><REACH who="1" step="1"/><E83/><REACH who="1" ten="327,101,376,186" step="2"/><N who="2" m="49247" /><F106/><W53/><G80/><T85/><D130/><U11/><E11/><V134/><F121/><W49/><G95/><T65/><D119/><U47/><E47/><V14/><F122/><W92/><G92/><T132/><D117/><U35/><E35/><V55/><F59/><W124/><G124/><T27/><D85/><U100/><E100/><V16/><F69/><W73/><G73/><T70/><D70/><U43/><E43/><V15/><F66/><W98/><G53/><T24/><D45/><U63/><E63/><V75/><F52/><W9/><G98/><T76/><D44/><U135/><E135/><V28/><F134/><W96/><G96/><T30/><D133/><U74/><E74/><V113/><F55/><W120/><G120/><T112/><D132/><U79/><E79/><V115/><F75/><W54/><G54/><T68/><D76/><U42/><E42/><V1/><F115/><W64/><G64/><T60/><D112/><U50/><E50/><V126/><F113/><W58/><G97/><T90/><D99/><RYUUKYOKU ba="0,1" sc="327,-10,101,30,376,-10,186,-10" hai1="10,13,17,20,23,25,26,29,81,84,89,110,111" />
</Scene>
<Scene>
<INIT seed="5,1,1,1,4,131" ten="317,131,366,176" oya="1" hai0="40,117,91,107,124,41,50,84,42,86,60,110,123" hai1="52,130,102,36,93,116,111,101,23,114,10,80,21" hai2="3,63,112,15,54,127,134,76,72,9,85,47,105" hai3="7,81,12,126,87,88,77,18,133,2,100,11,95"/><U89/><E116/><V75/><F105/><W64/><G126/><T57/><D117/><U59/><E36/><V0/><F127/><W129/><G129/><T37/><D37/><U119/><E130/><V132/><F112/><W13/><G133/><N who="2" m="51305" /><F85/><W49/><G64/><T6/><D86/><N who="1" m="50375" /><E119/><V122/><F122/><W68/><G68/><T71/><D71/><U65/><E114/><V29/><F29/><W27/><G100/><N who="1" m="38506" /><E111/><V16/><F76/><W38/><G38/><T99/><D107/><U35/><E35/><V106/><F106/><W39/><G39/><T69/><D69/><U121/><E121/><V14/><F14/><W17/><G13/><T118/><D118/><U62/><E93/><V104/><F104/><W53/><G2/><N who="2" m="553" /><F63/><W32/><G32/><T82/><D123/><U56/><E10/><V67/><F67/><W73/><REACH who="3" step="1"/><G27/><REACH who="3" ten="317,131,366,166" step="2"/><T48/><D124/><U24/><E24/><V74/><F15/><W120/><G120/><T61/><D110/><U44/><E44/><AGARI ba="1,2" hai="7,11,12,17,18,44,49,53,73,77,81,87,88,95" machi="44" ten="30,7700,0" yaku="1,1,7,1,54,1,53,1" doraHai="131" doraHaiUra="90" who="3" fromWho="1" sc="317,0,131,-80,366,0,166,100" />
</Scene>
<Scene>
<INIT seed="6,0,0,2,2,40" ten="317,51,366,266" oya="2" hai0="35,41,110,132,11,92,124,9,31,134,81,96,62" hai1="123,32,4,54,57,122,98,133,56,15,72,39,30" hai2="116,63,10,127,97,88,36,58,79,13,16,55,131" hai3="60,76,43,37,61,86,125,34,107,47,93,20,118"/><V102/><F131/><W67/><G118/><T106/><D110/><U82/><E133/><V99/><F116/><W84/><G107/><T42/><D106/><U101/><E101/><V65/><F127/><W112/><G34/><T104/><D104/><U19/><E39/><V38/><F79/><W111/><G111/><T77/><D124/><U100/><E4/><V89/><F36/><W95/><G125/><T24/><D62/><U87/><E72/><V108/><F38/><W27/><G112/><T113/><D113/><U7/><E30/><V28/><F108/><W12/><G12/><T18/><D42/><U78/><E32/><V50/><F28/><W51/><G37/><T59/><D59/><U52/><E7/><V105/><REACH who="2" step="1"/><F99/><REACH who="2" ten="317,51,356,266" step="2"/><W33/><G76/><T17/><D134/><U23/><E123/><V29/><F29/><W44/><G86/><T64/><D96/><U83/><E122/><V74/><F74/><W1/><G84/><T114/><D31/><U80/><E87/><V6/><F6/><W66/><G33/><T46/><D77/><U8/><E78/><V73/><F73/><W119/><G119/><T129/><D129/><U115/><E115/><V48/><F48/><W70/><G51/><T5/><D5/><U2/><E2/><V3/><F3/><W71/><G1/><T94/><D114/><U22/><E98/><V53/><F53/><W91/><G61/><T128/><D35/><U49/><E100/><V90/><F90/><W126/><G60/><T135/><D135/><U121/><E121/><V69/><AGARI ba="0,1" hai="10,13,16,50,55,58,63,65,69,88,89,97,102,105" machi="69" ten="20,12000,1" yaku="1,1,0,1,7,1,54,2,53,0" doraHai="40" doraHaiUra="120" who="2" fromWho="2" sc="317,-40,51,-40,356,130,266,-40" />
</Scene>
<Scene>
<INIT seed="6,1,0,2,4,18" ten="277,11,486,226" oya="2" hai0="101,53,83,28,132,134,74,17,48,58,80,35,67" hai1="107,1,120,97,40,57,130,23,37,55,49,72,0" hai2="14,19,20,113,24,71,126,64,39,104,76,90,36" hai3="110,85,62,108,79,116,9,93,33,21,25,111,2"/><V122/><F122/><W70/><G116/><T66/><D101/><U3/><E130/><V84/><F104/><W105/><G105/><T8/><D28/><U95/><E120/><V73/><F126/><W41/><G33/><T124/><D35/><U99/><E72/><V6/><F113/><W127/><G127/><T75/><D124/><U103/><E40/><V81/><F71/><W5/><G41/><T26/><D75/><U10/><E37/><V82/><F64/><N who="0" m="24618" /><D74/><U65/><E10/><V128/><F128/><W89/><G62/><T34/><D34/><U31/><E65/><V4/><F4/><W51/><G51/><T77/><D77/><U56/><E56/><V121/><F121/><W63/><G63/><T61/><D61/><U78/><E78/><V96/><F96/><W91/><G79/><T47/><D47/><U59/><E59/><V87/><F73/><W117/><G117/><T133/><D26/><U114/><E114/><V100/><F100/><W11/><G11/><T42/><D42/><U43/><E43/><V115/><F115/><W123/><G123/><T45/><D45/><U44/><E44/><V32/><F32/><W102/><G102/><T135/><D135/><U30/><E23/><V109/><F39/><W92/><G70/><T118/><D118/><U94/><E107/><V129/><F36/><W52/><G52/><T50/><D50/><U119/><E119/><V69/><F69/><W98/><REACH who="3" step="1"/><G111/><REACH who="3" ten="277,11,486,216" step="2"/><T29/><D8/><U112/><REACH who="1" step="1"/><E112/><REACH who="1" ten="277,1,486,216" step="2"/><V22/><F76/><W131/><G131/><T54/><D134/><U106/><E106/><RYUUKYOKU ba="1,2" sc="277,-15,1,15,486,-15,216,15" hai1="0,1,3,30,31,49,55,57,94,95,97,99,103" hai3="2,5,9,21,25,85,89,91,92,93,98,108,110" />
</Scene>
<Scene>
<INIT seed="7,2,2,1,0,19" ten="262,16,471,231" oya="3" hai0="26,17,95,44,116,58,59,67,120,98,22,56,123" hai1="134,69,64,105,83,85,88,15,2,43,37,7,54" hai2="126,52,39,86,121,133,28,48,12,118,108,106,119" hai3="132,76,49,92,110,6,53,87,21,79,32,3,94"/><W100/><G32/><T13/><D116/><U101/><E134/><V114/><F108/><W73/><G73/><T66/><D123/><U109/><E2/><V36/><F106/><W35/><G35/><T51/><D120/><U82/><E109/><V103/><F103/><W11/><G110/><T102/><D26/><U61/><E37/><V89/><F121/><W45/><G132/><T33/><D33/><U27/><E43/><AGARI ba="2,2" hai="13,17,22,43,44,51,56,58,59,66,67,95,98,102" machi="43" ten="40,2600,0" yaku="8,1,52,1" doraHai="19" who="0" fromWho="1" sc="262,52,16,-32,471,0,231,0" owari="314,11.0,-16,-52.0,471,58.0,231,-17.0" />
</Scene>
</mjloggm>