<mjloggm ver="2.3"><GO type="169" lobby="0"/><UN n0="%E5%9F%BA%E7%A4%8E%E8%AB%96" n1="%7A%6B%75%72%74" n2="%E5%BC%8F%E8%A6%8B%E8%9B%8D" n3="%41%53%41%50%49%4E" dan="17,17,17,19" rate="2154.24,2157.55,2107.40,2309.38" sx="M,M,M,M"/><TAIKYOKU oya="0"/>

<Scene>
<INIT seed="0,0,0,2,4,24" ten="250,250,250,250" oya="0" hai0="13,129,98,108,50,51,126,112,135,57,99,9,88" hai1="122,87,42,119,95,78,89,77,79,71,5,82,11" hai2="121,55,40,94,75,49,19,45,3,29,132,14,114" hai3="31,48,107,133,25,21,52,27,62,10,100,83,123"/><T116/><D112/><U69/><E122/><V91/><F121/><W63/><G123/><T4/><D116/><U90/><E119/><V64/><F114/><W15/><G133/><T7/><D135/><U130/><E130/><V18/><F3/><W72/><G25/><T46/><D129/><U66/><E42/><V73/><F132/><W86/><G72/><T56/><D126/><U109/><E109/><V54/><F64/><W113/><G113/><T102/><D108/><U105/><E105/><V16/><F14/><W32/><G32/><T120/><D4/><U33/><E33/><V0/><F0/><W39/><G39/><T47/><D120/><U35/><E35/><V124/><F124/><W61/><G100/><T58/><D88/><U84/><REACH who="1" step="1"/><E66/><REACH who="1" ten="250,240,250,250" step="2"/><V125/><F125/><W93/><G107/><T67/><D67/><U97/><E97/><V104/><F104/><W36/><G36/><T37/><D37/><U110/><E110/><V81/><F40/><W23/><G93/><T20/><D99/><U41/><E41/><V106/><F94/><W17/><G21/><T74/><D20/><U131/><E131/><V43/><F106/><W127/><G127/><T134/><D134/><U115/><E115/><V128/><F128/><W1/><G1/><AGARI ba="0,1" hai="1,5,11,69,71,77,78,79,82,84,87,89,90,95" machi="1" ten="40,1300,0" yaku="1,1,53,0" doraHai="24" doraHaiUra="26" who="1" fromWho="3" sc="250,0,240,23,250,0,250,-13" />
</Scene>
<Scene>
<INIT seed="1,0,0,2,5,102" ten="250,263,250,237" oya="1" hai0="57,126,71,96,41,94,42,103,113,91,104,130,50" hai1="135,77,55,22,35,36,108,9,65,13,123,3,116" hai2="83,70,32,133,131,7,18,27,19,78,31,48,88" hai3="107,111,69,115,84,86,58,127,43,28,25,59,112"/><U81/><E123/><V11/><F70/><W34/><G69/><T44/><D113/><U23/><E35/><V49/><F133/><W134/><G134/><T63/><D126/><U16/><E36/><V100/><F131/><W121/><G121/><T39/><D130/><U73/><E135/><V2/><F100/><W54/><G127/><T12/><D71/><U80/><E65/><V93/><F19/><W14/><G111/><T64/><D12/><U38/><E38/><V119/><F119/><W33/><G33/><T10/><D10/><U67/><E67/><V85/><REACH who="2" step="1"/><F18/><REACH who="2" ten="250,263,240,237" step="2"/><W105/><G112/><T30/><D30/><U56/><E116/><V62/><F62/><W61/><G115/><T118/><D118/><U40/><E108/><V52/><F52/><W129/><G129/><T37/><REACH who="0" step="1"/><D42/><REACH who="0" ten="240,263,240,237" step="2"/><U75/><E40/><V90/><F90/><W97/><G43/><T1/><D1/><U8/><E3/><V20/><F20/><W101/><G28/><T89/><D89/><U79/><REACH who="1" step="1"/><E23/><REACH who="1" ten="240,253,240,237" step="2"/><V21/><F21/><W15/><G34/><T17/><D17/><U74/><E74/><AGARI ba="0,3" hai="2,7,11,27,31,32,48,49,74,78,83,85,88,93" machi="74" ten="30,3900,0" yaku="1,1,7,1,54,1,53,0" doraHai="102" doraHaiUra="51" who="2" fromWho="1" sc="240,0,253,-39,240,69,237,0" />
</Scene>
<Scene>
<INIT seed="2,0,0,2,4,21" ten="240,214,309,237" oya="2" hai0="109,51,125,44,26,115,53,79,42,119,89,135,52" hai1="113,106,65,127,132,95,67,87,131,39,78,5,43" hai2="108,32,23,126,118,64,96,4,50,101,70,19,45" hai3="1,129,40,134,84,55,54,60,66,57,133,6,24"/><V61/><F118/><W37/><G129/><T86/><D115/><U14/><E106/><V9/><F32/><W103/><G103/><T11/><D119/><U49/><E113/><V47/><F126/><W27/><G84/><T28/><D125/><U63/><E127/><V10/><F108/><W91/><G91/><T46/><D109/><U128/><E39/><V71/><F71/><W34/><G34/><T17/><D135/><N who="3" m="51721" /><G6/><T18/><D79/><U68/><E132/><V130/><F130/><W59/><G1/><T35/><D11/><N who="1" m="4463" /><E67/><V107/><F4/><W81/><G81/><T100/><D100/><U82/><E95/><V0/><F0/><W72/><G72/><T114/><D114/><U112/><E112/><V94/><F94/><W69/><G57/><T8/><D8/><U58/><E58/><V90/><F90/><W56/><G56/><T12/><D12/><U104/><E104/><V98/><F98/><W110/><G110/><T13/><D13/><U105/><E105/><V122/><F10/><W97/><G97/><T88/><D89/><U41/><E41/><V36/><F9/><W124/><G124/><T117/><D42/><U30/><E30/><V77/><F96/><W76/><G76/><T31/><D117/><U25/><E131/><V120/><F107/><W80/><G80/><N who="0" m="49223" /><D28/><U93/><E93/><V75/><F101/><W29/><G29/><T48/><D35/><U92/><E92/><V2/><F75/><W121/><G40/><T102/><D102/><U3/><E3/><V33/><F2/><W20/><G69/><T123/><D123/><RYUUKYOKU ba="0,0" sc="240,30,214,-10,309,-10,237,-10" hai0="17,18,26,31,44,46,48,51,52,53" />
</Scene>
<Scene>
<INIT seed="3,1,0,0,4,69" ten="270,204,299,227" oya="3" hai0="127,79,0,129,98,101,63,73,114,123,82,52,113" hai1="92,46,93,19,24,112,131,75,60,50,29,9,14" hai2="68,110,17,64,3,111,102,70,103,5,30,88,120" hai3="76,107,10,23,49,4,97,15,57,126,11,122,22"/><W124/><G122/><T61/><D123/><U118/><E75/><V26/><F120/><W78/><G107/><T32/><D0/><U48/><E112/><N who="0" m="43113" /><D32/><U35/><E118/><V37/><F17/><W109/><G97/><T62/><D127/><N who="3" m="48681" /><G109/><T2/><D2/><U89/><E131/><V108/><F3/><N who="3" m="287" /><G76/><T125/><D125/><U128/><E128/><V74/><F5/><N who="3" m="3567" /><G78/><T116/><D116/><U16/><E60/><V104/><F74/><W91/><G91/><T54/><D129/><U77/><E77/><V119/><F119/><W39/><G39/><T115/><D115/><U83/><E50/><V105/><F37/><W133/><G133/><T53/><D63/><U33/><E33/><N who="2" m="20695" /><F88/><W58/><G58/><T121/><D121/><U87/><REACH who="1" step="1"/><E19/><REACH who="1" ten="270,194,299,227" step="2"/><V25/><F108/><W44/><G57/><T67/><D67/><U95/><E95/><AGARI ba="1,1" hai="52,53,54,61,62,73,79,82,95,98,101" m="43113" machi="95" ten="30,2000,0" yaku="11,1,54,1" doraHai="69" who="0" fromWho="1" sc="270,33,194,-23,299,0,227,0" />
</Scene>
<Scene>
<INIT seed="4,0,0,2,0,4" ten="303,171,299,227" oya="0" hai0="57,34,16,41,125,102,37,53,28,100,9,82,17" hai1="70,49,121,40,30,12,129,33,56,114,2,43,108" hai2="15,21,87,38,88,95,25,63,123,110,107,109,23" hai3="71,58,52,115,122,134,126,1,81,32,119,72,7"/><T39/><D125/><U73/><E2/><V75/><F123/><W54/><RYUUKYOKU type="yao9" ba="0,0" sc="303,0,171,0,299,0,227,0" hai3="1,7,32,52,54,58,71,72,81,115,119,122,126,134" />
</Scene>
<Scene>
<INIT seed="4,1,0,1,5,43" ten="303,171,299,227" oya="0" hai0="116,121,100,101,34,4,112,41,5,45,58,83,49" hai1="95,118,32,53,127,23,77,40,79,39,130,54,123" hai2="22,27,74,128,20,62,57,133,55,28,63,59,37" hai3="108,71,48,126,90,107,115,25,81,114,125,124,64"/><T46/><D112/><N who="3" m="43049" /><G107/><T6/><D116/><U24/><E123/><V131/><F74/><W129/><G25/><T104/><D121/><U73/><E32/><V47/><F133/><W21/><G21/><T0/><D34/><U86/><E118/><V135/><F135/><W92/><G81/><T97/><D100/><U78/><E73/><V14/><F14/><W134/><G134/><T106/><D83/><U91/><E127/><V38/><F22/><W29/><G29/><T65/><D104/><U10/><E10/><V17/><F28/><W98/><G108/><T33/><D33/><U110/><E110/><V87/><F87/><W51/><G129/><N who="2" m="49737" /><F47/><W26/><G26/><T84/><D84/><U66/><E66/><AGARI ba="1,0" hai="17,20,27,37,38,55,57,59,62,63,66" m="49737" machi="66" ten="30,1000,0" yaku="19,1" doraHai="43" who="2" fromWho="1" sc="303,0,171,-13,299,13,227,0" />
</Scene>
<Scene>
<INIT seed="5,0,0,3,1,20" ten="303,158,312,227" oya="1" hai0="12,118,94,63,99,54,36,47,21,86,51,34,0" hai1="109,125,81,110,65,17,76,122,130,59,114,9,108" hai2="67,129,117,50,60,98,58,14,16,62,46,106,55" hai3="23,7,89,133,121,111,127,42,18,66,82,131,30"/><U115/><E122/><V53/><F117/><W40/><G121/><T32/><D118/><U22/><E9/><V26/><F129/><W104/><G111/><T2/><D36/><U116/><E116/><V13/><F106/><W57/><G131/><T4/><D34/><U91/><E130/><V84/><F98/><W1/><G104/><T102/><D32/><U71/><E71/><V10/><F84/><N who="3" m="50327" /><G1/><T15/><D2/><U61/><E91/><V70/><F14/><W87/><G30/><T78/><D63/><U77/><E125/><V112/><F112/><N who="1" m="43049" /><E81/><V80/><F80/><W69/><G69/><T25/><D78/><U103/><E103/><V28/><F70/><W33/><G33/><T39/><D39/><U100/><E100/><V96/><F96/><W29/><G7/><T83/><D4/><U95/><E95/><V11/><F10/><W6/><G6/><T107/><D107/><U90/><E90/><V126/><F126/><W31/><G127/><T120/><D0/><U113/><N who="1" m="43057" /><U37/><DORA hai="97" /><E37/><V72/><F11/><W64/><G133/><T128/><D120/><U85/><E85/><V35/><F72/><W92/><G87/><T134/><D134/><U123/><E123/><V45/><F67/><W105/><G66/><T73/><D73/><U79/><E79/><V74/><F74/><W135/><G105/><T101/><D128/><U41/><E41/><N who="3" m="15978" /><G135/><T44/><D86/><U52/><E65/><V43/><F43/><W24/><G92/><T93/><D83/><U88/><E88/><V48/><F53/><W49/><G64/><RYUUKYOKU ba="0,0" sc="303,-15,158,15,312,-15,227,15" hai1="17,22,52,59,61,76,77,108,109,110" hai3="18,23,24,29,31,49,57" />
</Scene>
<Scene>
<INIT seed="5,1,0,0,0,54" ten="288,173,297,242" oya="1" hai0="34,1,71,96,13,107,72,109,7,63,33,11,39" hai1="89,31,73,76,106,95,86,77,74,61,32,128,120" hai2="116,50,79,130,20,115,26,16,80,30,66,44,131" hai3="99,23,59,134,14,97,67,102,122,84,64,114,2"/><U43/><E120/><V81/><F116/><W68/><G2/><T17/><D109/><U36/><E106/><V129/><F115/><W9/><G122/><T133/><D72/><U24/><E128/><V25/><F66/><W82/><G68/><T83/><D39/><U100/><E100/><V60/><F60/><N who="3" m="37919" /><G134/><T123/><D133/><U121/><E121/><V19/><F26/><W3/><G3/><T8/><D123/><U56/><E74/><N who="2" m="43127" /><F81/><W93/><G114/><T5/><D83/><U75/><E75/><V28/><F28/><W70/><G70/><T35/><D63/><U101/><E101/><V18/><F30/><W22/><G99/><T104/><D71/><U112/><E112/><V29/><F29/><W21/><G67/><T55/><D96/><U38/><E73/><V58/><F58/><W125/><G125/><T42/><D104/><U118/><E118/><V98/><F98/><W108/><G108/><T110/><D110/><U46/><REACH who="1" step="1"/><E38/><REACH who="1" ten="288,163,297,242" step="2"/><V45/><F129/><W65/><G102/><T135/><D107/><U47/><E47/><V0/><F45/><W94/><G97/><T15/><D135/><U90/><E90/><V127/><F44/><W57/><G57/><T41/><D41/><U91/><E91/><V48/><F130/><W87/><G65/><AGARI ba="1,1" hai="24,31,32,36,43,46,56,61,65,76,77,86,89,95" machi="65" ten="30,5800,0" yaku="1,1,7,1,52,1,53,0" doraHai="54" doraHaiUra="4" who="1" fromWho="3" sc="288,0,163,71,297,0,242,-61" />
</Scene>
<Scene>
<INIT seed="5,2,0,0,1,127" ten="288,234,297,181" oya="1" hai0="69,10,36,131,40,22,119,121,32,55,12,68,13" hai1="111,112,8,44,37,130,2,4,103,53,6,95,66" hai2="98,35,58,27,67,73,90,45,63,46,81,89,115" hai3="107,23,41,78,28,110,91,0,75,29,24,101,71"/><U88/><E112/><V106/><F115/><W49/><G110/><T52/><D32/><U129/><E111/><V16/><F35/><W57/><G71/><T3/><D119/><U9/><E103/><V118/><F118/><W21/><G0/><T133/><D3/><U60/><E6/><V7/><F7/><W39/><G39/><T17/><D133/><U62/><E9/><V97/><F73/><W51/><G41/><T18/><D121/><U43/><E53/><V86/><F106/><W108/><G108/><T34/><D34/><U1/><E1/><V83/><F83/><W82/><G57/><T123/><D123/><U80/><E80/><V76/><F97/><W14/><G91/><N who="2" m="34825" /><F98/><W117/><G117/><T94/><D94/><U87/><REACH who="1" step="1"/><E62/><REACH who="1" ten="288,224,297,181" step="2"/><V25/><F63/><W19/><G101/><T77/><D55/><U102/><E102/><V96/><F81/><W116/><G116/><T128/><D52/><U135/><E135/><V30/><F67/><W54/><G107/><T109/><D109/><U56/><AGARI ba="2,1" hai="2,4,8,37,43,44,56,60,66,87,88,95,129,130" machi="56" ten="30,12000,1" yaku="1,1,0,1,52,2,54,1,53,0" doraHai="127" doraHaiUra="50" who="1" fromWho="1" sc="288,-42,224,136,297,-42,181,-42" />
</Scene>
<Scene>
<INIT seed="5,3,0,4,4,135" ten="246,360,255,139" oya="1" hai0="98,24,123,3,132,104,87,19,77,86,76,60,20" hai1="37,64,91,90,52,118,133,83,65,95,42,93,119" hai2="72,55,134,26,79,80,53,4,131,88,116,112,56" hai3="43,29,27,125,1,66,34,11,94,36,16,120,30"/><U31/><E133/><V63/><F116/><W85/><G120/><T103/><D132/><U13/><E83/><V105/><F134/><W89/><G66/><T69/><D123/><U127/><E31/><V39/><F105/><W12/><G30/><T14/><D3/><U0/><E0/><V9/><F39/><W57/><G1/><T17/><D69/><U110/><E13/><V7/><F131/><W22/><G57/><T97/><D97/><U2/><E2/><V35/><F35/><W47/><REACH who="3" step="1"/><G125/><REACH who="3" ten="246,360,255,129" step="2"/><T32/><D32/><AGARI ba="3,1" hai="11,12,16,22,27,29,32,34,36,43,47,85,89,94" machi="32" ten="40,5200,0" yaku="1,1,2,1,54,1,53,0" doraHai="135" doraHaiUra="78" who="3" fromWho="0" sc="246,-61,360,0,255,0,129,71" />
</Scene>
<Scene>
<INIT seed="6,0,0,0,1,112" ten="185,360,255,200" oya="2" hai0="42,95,110,15,14,43,84,105,6,115,97,119,2" hai1="30,101,12,123,59,39,55,132,40,52,113,96,85" hai2="23,89,26,38,46,100,102,44,83,98,79,106,135" hai3="129,87,73,36,21,8,27,69,10,50,45,11,118"/><V65/><F135/><W48/><G73/><T74/><D115/><U61/><E113/><V28/><F100/><W22/><G69/><T122/><D74/><U0/><E0/><V60/><F89/><W90/><G118/><T104/><D122/><U24/><E132/><V81/><F38/><W3/><G3/><T35/><D110/><U49/><E40/><V57/><REACH who="2" step="1"/><F83/><REACH who="2" ten="185,360,245,200" step="2"/><W124/><G36/><T1/><D104/><U25/><E39/><V78/><F78/><W86/><G90/><T127/><D105/><U111/><E101/><V93/><F93/><W109/><G109/><T125/><D95/><U71/><E111/><V53/><F53/><W4/><G129/><T54/><D54/><U92/><E52/><V63/><F63/><W29/><G48/><T37/><D37/><U103/><E61/><V66/><F66/><W121/><G50/><T32/><D42/><U107/><E49/><V130/><F130/><W128/><G128/><T82/><D43/><U9/><E55/><V76/><F76/><W117/><G117/><T47/><D119/><U64/><E64/><V134/><F134/><W58/><G45/><T126/><D47/><U114/><E92/><V20/><F20/><W56/><G22/><T116/><D116/><U88/><E103/><V19/><F19/><W72/><G21/><T133/><D133/><U31/><E88/><V108/><F108/><W7/><G7/><T131/><D131/><U34/><E114/><V68/><F68/><W62/><G4/><T91/><D6/><U80/><E71/><V13/><F13/><N who="0" m="4618" /><D97/><U51/><E96/><RYUUKYOKU ba="0,1" sc="185,15,360,-15,245,15,200,-15" hai0="1,2,32,35,82,84,91,125,126,127" hai2="23,26,28,44,46,57,60,65,79,81,98,102,106" />
</Scene>
<Scene>
<INIT seed="6,1,1,3,3,67" ten="200,345,260,185" oya="2" hai0="89,66,119,130,78,16,93,124,40,122,79,110,64" hai1="14,133,51,31,13,127,57,65,50,42,15,85,82" hai2="18,123,77,81,106,102,117,97,48,92,20,44,98" hai3="75,41,120,96,3,116,26,12,37,107,113,118,52"/><V87/><F117/><W58/><G120/><T19/><D122/><U28/><E127/><V6/><F123/><W29/><G3/><T103/><D110/><U76/><E133/><V59/><F59/><W25/><G75/><T132/><D124/><U125/><E125/><V30/><F30/><N who="1" m="11305" /><E42/><V112/><F6/><W134/><G134/><T72/><D72/><U1/><E1/><V10/><F10/><W114/><G12/><T63/><D103/><U121/><E121/><V69/><F112/><N who="3" m="43115" /><G26/><T24/><D132/><U9/><E9/><V56/><F56/><W17/><G17/><T0/><D19/><U34/><E34/><V45/><F48/><N who="3" m="30983" /><G107/><T70/><D0/><U100/><E100/><V126/><F126/><W4/><G96/><T99/><D119/><U73/><E73/><V8/><F8/><W7/><G118/><T27/><D27/><U83/><E82/><V22/><F22/><N who="3" m="15543" /><G116/><T105/><D105/><U38/><E38/><V11/><F11/><W94/><G94/><T54/><D93/><U86/><E86/><V95/><F106/><W74/><G74/><T36/><D99/><U5/><E5/><V2/><F95/><W88/><G88/><T49/><D89/><U53/><E51/><V108/><F97/><W39/><G39/><T46/><D36/><U129/><E50/><V84/><F2/><W62/><G62/><N who="0" m="40215" /><D16/><U61/><E76/><V43/><F77/><W111/><G111/><T91/><D91/><U23/><E83/><V131/><F81/><W35/><G35/><T80/><D80/><U135/><E135/><V33/><F33/><RYUUKYOKU ba="1,1" sc="200,-10,345,-10,260,-10,185,30" hai3="4,7,37,41" />
</Scene>
<Scene>
<INIT seed="7,2,1,0,4,35" ten="190,335,250,215" oya="3" hai0="28,131,78,115,103,42,97,88,74,126,77,84,95" hai1="91,100,19,63,107,9,128,29,93,11,109,127,40" hai2="18,89,129,116,110,51,10,108,130,132,45,8,16" hai3="56,124,105,15,33,66,47,32,2,6,133,39,82"/><W23/><G105/><T12/><D126/><U135/><E109/><V27/><F89/><W121/><G121/><T70/><D70/><U68/><E40/><V59/><F59/><W117/><G117/><T122/><D122/><U99/><E29/><V25/><F116/><W76/><G124/><T14/><D131/><N who="2" m="50186" /><F132/><W54/><G133/><T72/><D72/><U81/><E81/><V48/><F18/><W41/><G66/><T75/><D75/><U69/><E69/><V3/><F3/><W73/><G23/><T17/><D74/><U22/><E107/><V79/><F79/><N who="0" m="30218" /><D115/><U120/><E22/><N who="2" m="13511" /><F27/><W55/><G15/><T4/><D28/><U38/><E38/><V7/><F48/><W119/><G119/><T98/><D4/><U37/><E37/><V53/><F7/><W90/><G90/><T20/><D42/><U5/><E5/><V123/><F123/><W102/><G102/><T71/><D71/><U65/><E100/><V26/><F26/><W36/><G36/><T50/><D50/><U46/><E19/><V86/><F86/><W101/><G101/><T111/><D111/><AGARI ba="2,1" hai="8,10,45,51,53,108,110,111" m="13511,50186" machi="111" ten="30,2000,0" yaku="19,1,54,1" doraHai="35" who="2" fromWho="0" sc="190,-26,335,0,250,36,215,0" owari="164,-34.0,335,43.0,286,9.0,215,-18.0" />
</Scene>
</mjloggm>