<mjloggm ver="2.3"><GO type="169" lobby="0"/><UN n0="%E3%81%8A%E3%81%8B%E3%82%82%E3%81%A8" n1="%E3%81%93%E3%81%BE%E3%81%A3%E3%81%95%E3%82%93" n2="%41%53%41%50%49%4E" n3="%4D%61%52%63%48" dan="17,16,18,16" rate="2141,2121,2203,2080" sx="M,M,M,F"/><TAIKYOKU oya="0"/>

<Scene>
<INIT seed="0,0,0,5,1,45" ten="250,250,250,250" oya="0" hai0="134,91,52,96,70,98,46,24,113,50,130,42,55" hai1="6,133,37,93,77,49,22,54,112,116,120,16,101" hai2="82,123,104,131,34,86,121,8,105,74,25,110,17" hai3="1,15,135,111,128,29,11,63,94,23,76,79,88"/><T0/><D70/><U85/><E37/><V38/><F74/><W117/><G117/><T78/><D0/><U92/><E116/><V47/><F110/><W48/><G111/><T80/><D113/><U40/><E40/><V21/><F131/><W41/><G135/><T27/><D130/><U95/><E120/><V127/><F127/><W65/><G128/><T59/><D134/><U31/><E133/><V60/><F34/><W19/><G1/><T97/><D91/><U43/><E43/><V87/><F87/><N who="3" m="52511" /><G65/><T56/><D56/><U67/><E6/><V99/><F104/><W118/><G63/><T129/><D55/><U53/><E53/><V114/><F60/><W58/><G118/><T89/><D89/><U30/><E67/><V102/><F114/><W18/><G29/><T2/><D2/><U126/><E112/><V107/><F107/><W5/><G5/><T28/><D28/><U84/><E126/><V13/><F38/><W62/><G62/><T106/><D106/><U119/><E119/><V14/><F123/><W32/><G32/><T4/><D4/><U81/><E101/><V69/><F69/><W115/><G115/><T122/><D122/><U64/><E64/><V33/><F33/><W68/><G68/><T100/><D100/><U72/><E31/><V12/><F121/><W39/><G39/><N who="0" m="21855" /><D129/><U108/><E30/><V7/><F7/><W132/><G132/><T75/><D75/><U51/><E108/><V3/><F3/><W26/><G58/><T35/><D35/><U10/><E72/><V109/><F109/><W57/><G57/><RYUUKYOKU ba="0,0" sc="250,15,250,-15,250,-15,250,15" hai0="24,27,50,52,59,78,80,96,97,98" hai3="11,15,18,19,23,26,41,48,76,79" />
</Scene>
<Scene>
<INIT seed="0,1,0,3,5,107" ten="265,235,235,265" oya="0" hai0="66,28,25,52,40,33,30,86,3,32,124,67,51" hai1="59,35,104,17,106,5,71,100,128,92,119,68,64" hai2="105,31,0,37,87,44,135,73,42,82,65,118,98" hai3="74,21,93,19,14,49,101,58,18,83,56,103,108"/><T29/><D3/><U122/><E119/><V76/><F135/><W8/><G108/><T45/><D124/><U26/><E122/><V99/><F118/><W131/><G131/><T22/><D86/><U12/><E5/><V96/><F0/><W80/><G74/><T34/><REACH who="0" step="1"/><D40/><REACH who="0" ten="255,235,235,265" step="2"/><U94/><E128/><V9/><F76/><W110/><G110/><T36/><D36/><U129/><E129/><V23/><F87/><W89/><G83/><T50/><D50/><U112/><E112/><V120/><F82/><W6/><G80/><T27/><D27/><U55/><E26/><V41/><F42/><W24/><G49/><T84/><D84/><U88/><E71/><V39/><F41/><W63/><G56/><T46/><D46/><U91/><E68/><V133/><F44/><W116/><G116/><T125/><D125/><U61/><E59/><V11/><F39/><W13/><G58/><T97/><D97/><U72/><E72/><V47/><F96/><N who="3" m="57391" /><G63/><T132/><D132/><U79/><E61/><V38/><F73/><W7/><G24/><T10/><D10/><U85/><E85/><V16/><F47/><W1/><G1/><T95/><D95/><U114/><E94/><V115/><F37/><W53/><G8/><T2/><D2/><U70/><E70/><V48/><F48/><W77/><G77/><T90/><D90/><U15/><E79/><V20/><F38/><W54/><G101/><T60/><D60/><U127/><E127/><V4/><F9/><N who="3" m="6479" /><G103/><T62/><D62/><U102/><E102/><V130/><F133/><W134/><G134/><RYUUKYOKU ba="1,1" sc="255,15,235,-15,235,-15,265,15" hai0="22,25,28,29,30,32,33,34,45,51,52,66,67" hai3="6,7,13,19,21,53,54" />
</Scene>
<Scene>
<INIT seed="0,2,1,5,5,109" ten="270,220,220,280" oya="0" hai0="67,37,39,110,112,15,60,121,0,19,14,97,31" hai1="10,78,30,85,104,59,90,36,101,29,132,2,95" hai2="68,49,54,28,8,116,75,53,80,4,42,57,26" hai3="22,7,64,73,66,128,127,108,93,46,86,120,115"/><T40/><D121/><U107/><E36/><V76/><F116/><W77/><G108/><T123/><D0/><U72/><E2/><V51/><F68/><W62/><G120/><T118/><D123/><U3/><E3/><V45/><F8/><W25/><G128/><T69/><D118/><U89/><E10/><V63/><F4/><W48/><G127/><T27/><D110/><U21/><E132/><V106/><F106/><W113/><G7/><T134/><D134/><U55/><E21/><V11/><F11/><W71/><G64/><T52/><D112/><U114/><E107/><V34/><REACH who="2" step="1"/><F49/><REACH who="2" ten="270,220,210,280" step="2"/><W117/><G117/><T105/><D39/><U56/><E104/><V35/><F35/><W79/><G73/><T84/><D37/><U50/><E72/><V43/><AGARI ba="2,2" hai="26,28,34,42,43,45,51,53,54,57,63,75,76,80" machi="43" ten="30,2000,0" yaku="1,1,0,1,53,0" doraHai="109" doraHaiUra="100" who="2" fromWho="2" sc="270,-12,220,-7,210,46,280,-7" />
</Scene>
<Scene>
<INIT seed="1,0,0,5,4,19" ten="258,213,256,273" oya="1" hai0="39,13,31,78,53,51,44,110,95,81,101,7,2" hai1="118,90,86,73,64,46,38,36,60,25,87,16,115" hai2="54,91,98,100,99,119,127,106,67,26,102,69,58" hai3="42,30,130,63,55,14,120,77,105,20,9,35,3"/><U70/><E73/><V103/><F127/><W68/><G105/><T33/><D110/><U123/><E123/><V40/><F119/><W49/><G120/><T75/><D39/><U93/><E118/><V133/><F133/><W12/><G130/><T117/><D117/><U108/><E115/><V61/><F40/><W0/><G77/><T59/><D2/><U122/><E122/><V116/><F116/><W82/><G82/><T96/><D31/><U124/><E124/><V24/><F91/><W62/><G42/><T28/><D28/><U56/><E46/><V135/><F135/><W43/><G43/><T41/><D33/><U27/><E70/><V57/><F100/><W125/><G125/><T89/><D7/><U76/><E108/><V66/><F69/><W74/><G74/><T109/><D13/><U94/><E27/><V1/><F1/><W37/><G37/><T11/><D11/><U22/><REACH who="1" step="1"/><E94/><REACH who="1" ten="258,203,256,273" step="2"/><V23/><F26/><N who="3" m="18903" /><G68/><T80/><D109/><U128/><E128/><V10/><F58/><N who="3" m="33135" /><G3/><T50/><D81/><AGARI ba="0,1" hai="16,22,25,36,38,56,60,64,76,81,86,87,90,93" machi="81" ten="40,7700,0" yaku="1,1,52,1,54,1,53,0" doraHai="19" doraHaiUra="112" who="1" fromWho="0" sc="258,-77,203,87,256,0,273,0" />
</Scene>
<Scene>
<INIT seed="1,1,0,3,4,54" ten="181,290,256,273" oya="1" hai0="23,59,75,125,109,78,6,124,12,15,116,42,74" hai1="106,41,108,47,112,24,51,57,90,123,21,0,8" hai2="86,60,96,130,126,9,131,107,77,49,93,28,16" hai3="39,122,85,48,25,45,88,14,63,70,5,38,134"/><U30/><E123/><V26/><F126/><N who="0" m="48746" /><D116/><U102/><E112/><V20/><F107/><W118/><G118/><T79/><D109/><U100/><E106/><V135/><F135/><W104/><G104/><T133/><D133/><U95/><E0/><V127/><F127/><W129/><G134/><T66/><D42/><U67/><E8/><V50/><F60/><W101/><G101/><T32/><D32/><U115/><E115/><V71/><F71/><W84/><G129/><N who="2" m="49161" /><F86/><W117/><G117/><T92/><D92/><U56/><E108/><V29/><F77/><N who="0" m="29194" /><D6/><U121/><E121/><V91/><F9/><W76/><G25/><T11/><D11/><U36/><E36/><V7/><F7/><W83/><G122/><T62/><D23/><U1/><E1/><V22/><F29/><W18/><G5/><T19/><D19/><U94/><E94/><V33/><F33/><W31/><G31/><T4/><D4/><U61/><REACH who="1" step="1"/><E57/><REACH who="1" ten="181,280,256,273" step="2"/><V58/><F58/><W120/><G120/><T87/><D87/><AGARI ba="1,1" hai="21,24,30,41,47,51,56,61,67,87,90,95,100,102" machi="87" ten="30,12000,1" yaku="1,1,2,1,7,1,8,1,52,1,53,0" doraHai="54" doraHaiUra="64" who="1" fromWho="0" sc="181,-123,280,133,256,0,273,0" />
</Scene>
<Scene>
<INIT seed="1,2,0,3,3,56" ten="58,413,256,273" oya="1" hai0="132,78,135,122,54,42,28,84,128,103,26,120,32" hai1="64,115,20,2,130,119,45,95,87,118,74,100,97" hai2="117,69,19,63,121,14,102,33,123,1,129,134,46" hai3="85,12,40,77,125,4,65,80,50,31,34,104,108"/><U76/><E2/><V55/><F1/><W89/><G104/><T72/><D72/><U112/><E45/><V101/><F33/><W39/><G39/><T0/><D0/><U79/><E20/><V21/><F117/><W82/><G108/><T25/><D103/><U29/><E29/><V37/><F129/><W36/><G36/><T83/><D128/><U58/><E74/><V113/><F134/><N who="0" m="51242" /><D42/><U133/><E130/><V10/><F113/><W48/><G125/><T114/><D114/><N who="1" m="43563" /><E58/><V111/><F111/><W73/><G65/><T99/><D99/><U13/><E64/><V43/><F101/><W90/><G40/><T52/><D25/><U30/><E13/><V66/><F102/><W23/><G34/><T110/><D110/><U81/><E133/><V15/><REACH who="2" step="1"/><F55/><AGARI ba="2,0" hai="26,28,32,52,54,55,78,83,84,120,122" m="51242" machi="55" ten="30,2000,0" yaku="20,1,54,1" doraHai="56" who="0" fromWho="2" sc="58,26,413,0,256,-26,273,0" />
</Scene>
<Scene>
<INIT seed="2,0,0,5,0,31" ten="84,413,230,273" oya="2" hai0="81,67,73,92,52,28,89,109,3,105,39,120,116" hai1="110,41,102,15,6,108,40,21,134,58,106,83,62" hai2="69,111,118,61,64,100,121,32,43,95,101,119,33" hai3="44,78,14,18,131,127,114,50,93,72,94,42,17"/><V23/><F121/><W48/><G127/><T125/><D120/><U8/><E134/><V57/><F111/><N who="1" m="42537" /><E83/><V99/><F43/><W0/><G0/><T35/><D39/><U82/><E82/><V104/><F100/><W36/><G131/><T135/><D3/><U130/><E130/><V96/><F96/><W115/><G72/><T128/><D105/><U27/><E102/><V11/><F104/><W85/><G78/><T59/><D128/><U46/><E46/><V80/><F11/><W54/><G36/><T90/><D109/><U56/><E106/><V126/><F126/><W9/><G18/><T68/><D125/><U49/><E49/><V22/><F69/><W88/><REACH who="3" step="1"/><G94/><REACH who="3" ten="84,413,230,263" step="2"/><T19/><D116/><U103/><E6/><V24/><F119/><W20/><G20/><T12/><D135/><U53/><E21/><V1/><F22/><W55/><G55/><T30/><D73/><U37/><E37/><V4/><F118/><W60/><G60/><T79/><D79/><U71/><E41/><V113/><F1/><W51/><G51/><T117/><D117/><U65/><E40/><V122/><F4/><W107/><G107/><T45/><D92/><U97/><E53/><V38/><F38/><W133/><G133/><T70/><D52/><U26/><E62/><V87/><F122/><W63/><G63/><T91/><D19/><U86/><E65/><V16/><F113/><W13/><G13/><T77/><D67/><U123/><E123/><V75/><F75/><W34/><G34/><T25/><D35/><U84/><E15/><V29/><F16/><RYUUKYOKU ba="0,1" sc="84,-15,413,-15,230,15,263,15" hai2="23,24,29,32,33,57,61,64,80,87,95,99,101" hai3="9,14,17,42,44,48,50,54,85,88,93,114,115" />
</Scene>
<Scene>
<INIT seed="2,1,1,5,0,31" ten="69,398,245,278" oya="2" hai0="77,99,122,65,88,52,62,21,67,83,8,101,105" hai1="98,23,115,16,42,45,111,51,58,72,53,80,118" hai2="128,92,10,119,110,94,44,76,26,116,114,104,113" hai3="49,33,102,50,96,36,112,82,55,64,22,25,9"/><V11/><F104/><W81/><G36/><T121/><D67/><U46/><E115/><V97/><F44/><W29/><G112/><T66/><D66/><U131/><E118/><V90/><F26/><W63/><G9/><T135/><D135/><U41/><E131/><V71/><F71/><N who="3" m="42399" /><G22/><T124/><D124/><U120/><E120/><V27/><F27/><W61/><G61/><T68/><D21/><U89/><E111/><V35/><F110/><W38/><G38/><T54/><D8/><U84/><E72/><V4/><F90/><W117/><G117/><T126/><D126/><U37/><E98/><V13/><F76/><W14/><G14/><T24/><D24/><N who="1" m="14439" /><E37/><V75/><F75/><W15/><G15/><T3/><D3/><U12/><E12/><V79/><F79/><W40/><G40/><AGARI ba="1,1" hai="40,41,42,45,46,51,53,58,80,84,89" m="14439" machi="40" ten="30,2000,0" yaku="8,1,54,1" doraHai="31" who="1" fromWho="3" sc="69,0,398,33,245,0,278,-23" />
</Scene>
<Scene>
<INIT seed="3,0,0,1,1,132" ten="69,431,245,255" oya="3" hai0="50,33,39,65,5,75,37,55,67,94,1,106,90" hai1="79,52,81,115,38,7,80,8,84,83,68,45,124" hai2="126,121,103,130,117,11,78,134,46,95,26,57,30" hai3="64,23,97,9,47,85,59,112,3,15,49,35,18"/><W16/><G112/><T34/><D106/><U32/><E32/><V73/><F134/><W123/><G123/><T6/><D75/><U27/><E115/><V14/><F121/><W63/><G35/><T51/><D94/><U87/><E68/><V20/><F117/><W89/><G97/><T86/><D86/><U36/><E27/><V42/><F130/><W56/><G3/><T58/><D58/><U101/><E101/><V0/><F0/><W108/><G108/><T92/><D1/><U21/><E21/><V60/><F73/><W118/><G118/><T61/><D92/><U62/><E81/><V54/><F78/><W129/><G129/><T110/><D61/><U41/><E62/><V77/><F77/><W76/><G76/><T125/><D55/><U53/><E38/><V96/><F126/><W17/><G59/><T70/><D90/><U71/><E71/><V100/><F100/><W19/><G23/><T2/><D2/><U40/><E124/><V25/><F25/><W107/><G107/><T69/><D110/><U43/><E79/><V29/><F29/><W131/><G131/><T111/><D111/><U113/><E113/><V48/><F14/><W72/><G72/><T119/><D119/><U128/><E128/><V116/><F116/><W4/><N who="3" m="4096" /><DORA hai="31" /><W22/><G22/><T13/><D13/><U98/><E36/><V109/><F109/><W12/><G12/><T105/><D105/><U104/><E104/><V10/><AGARI ba="0,0" hai="10,11,20,26,30,42,46,48,54,57,60,95,96,103" machi="10" ten="30,2000,0" yaku="0,1,8,1" doraHai="132,31" who="2" fromWho="2" sc="69,-5,431,-5,245,20,255,-10" />
</Scene>
<Scene>
<INIT seed="4,0,0,2,1,121" ten="64,426,265,245" oya="0" hai0="85,41,133,106,7,129,97,42,109,9,52,124,25" hai1="75,96,30,71,135,12,73,120,67,110,118,34,55" hai2="77,90,128,61,84,2,87,115,32,65,50,21,132" hai3="113,0,103,83,114,58,39,15,36,4,63,53,3"/><T57/><D129/><U59/><E12/><V92/><F128/><W11/><G103/><T68/><D68/><U134/><E96/><V18/><F115/><N who="3" m="44043" /><G83/><T28/><D133/><N who="1" m="50699" /><E120/><V24/><F132/><W6/><G6/><T74/><D74/><N who="1" m="28171" /><E118/><V64/><F2/><AGARI ba="0,0" hai="0,2,3,4,11,15,36,39,53,58,63" m="44043" machi="2" ten="30,1000,0" yaku="15,1" doraHai="121" who="3" fromWho="2" sc="64,0,426,0,265,-10,245,10" />
</Scene>
<Scene>
<INIT seed="5,0,0,0,0,0" ten="64,426,255,255" oya="1" hai0="65,71,4,119,35,101,13,1,18,126,26,63,130" hai1="43,93,107,79,66,67,60,72,98,3,6,128,24" hai2="32,19,16,96,28,45,36,84,104,112,30,38,52" hai3="54,118,88,82,121,99,47,49,111,17,12,109,108"/><U131/><E67/><V31/><F32/><W83/><G121/><T134/><D119/><U53/><E53/><V75/><F75/><W51/><G118/><T106/><D134/><U97/><E43/><V95/><F104/><W29/><G29/><T40/><D130/><U114/><E114/><V123/><F123/><W15/><G51/><T59/><D40/><U122/><E122/><V124/><F112/><W58/><G58/><T44/><D44/><U94/><E24/><V56/><F124/><W8/><G15/><T25/><D126/><U113/><E113/><V2/><F2/><W14/><G14/><T80/><D80/><U61/><E61/><V70/><F70/><W42/><G42/><T120/><D120/><U92/><E107/><V57/><F84/><W125/><REACH who="3" step="1"/><G125/><REACH who="3" ten="64,426,255,245" step="2"/><T68/><D68/><U23/><E131/><V9/><F56/><W103/><G103/><T69/><D69/><U37/><E128/><V33/><F33/><W55/><G55/><T89/><D71/><U50/><E50/><V129/><F129/><W20/><G20/><T74/><D35/><U27/><E23/><V41/><F38/><W34/><G34/><T81/><D1/><U73/><E3/><V133/><F133/><W102/><G102/><T86/><D101/><U62/><E60/><N who="2" m="35879" /><F9/><W127/><G127/><T90/><D59/><U39/><E62/><V22/><F22/><W85/><G85/><T7/><D74/><U117/><E73/><V100/><F36/><W115/><G115/><T87/><D63/><U132/><E72/><V116/><F116/><W77/><G77/><RYUUKYOKU ba="0,1" sc="64,-15,426,-15,255,15,245,15" hai2="16,19,28,30,31,41,45,95,96,100" hai3="8,12,17,47,49,54,82,83,88,99,108,109,111" />
</Scene>
<Scene>
<INIT seed="6,1,1,5,5,107" ten="49,411,270,260" oya="2" hai0="55,60,76,33,21,31,77,84,15,9,50,1,67" hai1="120,98,95,61,104,69,37,114,54,125,47,85,29" hai2="117,102,41,5,51,87,59,56,66,110,97,100,30" hai3="115,24,2,118,42,18,71,109,0,111,106,20,46"/><V123/><F117/><W73/><G106/><T103/><D103/><U121/><E104/><V10/><F123/><N who="1" m="47177" /><E114/><V81/><F110/><W11/><G118/><T35/><D33/><U53/><E125/><V105/><F102/><W6/><G115/><T32/><D32/><U90/><E29/><V134/><F30/><W68/><G2/><T4/><D84/><U89/><E37/><V75/><F134/><W49/><REACH who="3" step="1"/><G73/><REACH who="3" ten="49,411,270,250" step="2"/><T88/><D88/><U45/><E90/><V34/><F75/><W64/><G64/><T91/><D91/><U8/><E98/><V135/><F66/><W132/><G132/><T112/><D112/><U48/><E89/><V128/><F135/><W36/><G36/><T52/><D76/><U96/><E95/><V63/><F105/><W38/><G38/><T25/><D77/><U99/><E99/><V17/><F100/><W93/><G93/><T82/><D82/><U79/><E96/><V86/><F97/><W3/><G3/><T101/><D101/><U129/><E79/><V116/><F81/><W44/><G44/><T122/><D122/><U19/><E47/><V92/><F116/><W62/><G62/><T74/><D74/><U78/><E45/><V127/><F63/><W65/><G65/><T27/><D50/><U131/><E78/><V7/><F51/><W70/><AGARI ba="1,2" hai="0,6,11,18,20,24,42,46,49,68,70,71,109,111" machi="70" ten="30,2000,0" yaku="1,1,0,1,53,0" doraHai="107" doraHaiUra="130" who="3" fromWho="3" sc="49,-6,411,-6,270,-11,250,43" />
</Scene>
<Scene>
<INIT seed="7,0,0,1,5,81" ten="43,405,259,293" oya="3" hai0="108,128,63,120,88,112,52,53,21,134,51,45,77" hai1="7,102,42,75,59,95,61,123,14,3,117,36,93" hai2="22,4,30,131,125,31,79,29,97,89,2,105,18" hai3="54,50,46,92,121,119,17,91,99,48,103,57,34"/><W127/><G34/><T109/><D77/><U98/><E75/><V32/><F125/><W82/><G121/><T5/><D5/><U60/><E3/><V10/><F131/><W69/><G69/><T1/><D1/><U12/><E123/><V133/><F133/><W11/><G127/><T28/><D28/><U67/><E117/><V83/><F89/><W56/><G119/><T80/><D134/><U115/><E115/><V114/><F114/><W64/><G64/><T85/><D120/><U26/><E36/><V68/><F68/><W27/><G50/><T86/><D128/><U70/><E42/><V6/><F6/><W76/><G27/><T9/><D112/><U118/><E118/><V113/><F113/><W111/><G111/><T40/><D9/><U47/><E7/><V106/><F97/><W19/><G19/><T132/><D132/><U66/><E47/><V23/><F32/><W110/><G110/><T129/><D129/><U96/><E26/><V135/><F135/><W100/><G100/><AGARI ba="0,0" hai="12,14,59,60,61,66,67,70,93,95,96,98,100,102" machi="100" ten="30,2000,0" yaku="7,1,9,1" doraHai="81" who="1" fromWho="3" sc="43,0,405,20,259,0,293,-20" owari="43,-46.0,425,53.0,259,-14.0,273,7.0" />
</Scene>
</mjloggm>