<mjloggm ver="2.3"><GO type="169" lobby="0"/><UN n0="%E8%B6%85%E3%83%92%E3%83%A2%E3%83%AA%E3%83%AD" n1="%41%53%41%50%49%4E" n2="%E3%81%82%E3%81%A4%E3%81%82%E3%81%A4%E6%B9%AF%E8%B1%86%E8%85%90" n3="%73%61%77%6C%79" dan="17,19,17,17" rate="2190.13,2278.02,2130.82,2164.44" sx="F,M,F,M"/><TAIKYOKU oya="0"/>

<Scene>
<INIT seed="0,0,0,1,2,132" ten="250,250,250,250" oya="0" hai0="109,0,117,107,127,9,79,122,47,83,5,42,51" hai1="18,29,56,74,73,35,81,50,75,97,95,80,120" hai2="32,53,91,65,45,64,78,134,93,34,63,67,30" hai3="33,114,20,90,28,126,15,71,61,57,119,54,85"/><T41/><D117/><U37/><E37/><V112/><F112/><W118/><G114/><T84/><D122/><U121/><E29/><V70/><F134/><W38/><G38/><T116/><D116/><U8/><E35/><V23/><F78/><W49/><G33/><T27/><D107/><U6/><E18/><V52/><F32/><W4/><G126/><T2/><D109/><U1/><E80/><V44/><F34/><W130/><G130/><T58/><D127/><U31/><E31/><V43/><F70/><W94/><G71/><T72/><D72/><U128/><E128/><V89/><F89/><W124/><G124/><T133/><D133/><U39/><E39/><V110/><F110/><W19/><G4/><T104/><D104/><U55/><REACH who="1" step="1"/><E81/><REACH who="1" ten="250,240,250,250" step="2"/><V100/><F30/><W24/><G118/><T125/><D125/><U111/><E111/><V69/><F69/><W76/><G119/><T12/><D27/><U129/><E129/><V96/><F23/><W40/><G28/><T7/><D7/><U62/><E62/><V106/><F63/><W98/><G61/><T59/><REACH who="0" step="1"/><D42/><REACH who="0" ten="240,240,250,250" step="2"/><U99/><E99/><N who="2" m="57791" /><F43/><W101/><G40/><T102/><D102/><AGARI ba="0,2" hai="1,6,8,50,55,56,73,74,75,95,97,102,120,121" machi="102" ten="40,8000,1" yaku="1,1,53,3" doraHai="132" doraHaiUra="105" who="1" fromWho="0" sc="240,-80,240,100,250,0,250,0" />
</Scene>
<Scene>
<INIT seed="1,0,0,3,3,7" ten="160,340,250,250" oya="1" hai0="61,133,63,20,8,79,31,3,10,110,105,64,101" hai1="67,97,44,81,37,14,115,49,86,66,99,114,109" hai2="117,26,92,28,121,30,55,23,76,58,15,94,131" hai3="29,104,118,54,127,125,11,1,100,87,42,85,112"/><U24/><E37/><V106/><F106/><W70/><G118/><T18/><D3/><U135/><E135/><V65/><F117/><W122/><G122/><T119/><D119/><U98/><E109/><V83/><F121/><W108/><G108/><T17/><D110/><U19/><E24/><V59/><F131/><W74/><G74/><T39/><D39/><U27/><E27/><V116/><F116/><W41/><G70/><T91/><D133/><U113/><E86/><V93/><F65/><W102/><G112/><T50/><D79/><U46/><E81/><V69/><F69/><W72/><G72/><T82/><D31/><U77/><E77/><V128/><F128/><W111/><G111/><T126/><D126/><U56/><E56/><V40/><F40/><W90/><G29/><T43/><D101/><U48/><E14/><V5/><F30/><W89/><G54/><T71/><D105/><U75/><E19/><N who="0" m="7177" /><D71/><U13/><E13/><V95/><N who="2" m="24064" /><DORA hai="4" /><V25/><F25/><W33/><G1/><T96/><D20/><U84/><E84/><N who="2" m="48231" /><F55/><W62/><G104/><T68/><D68/><U35/><E35/><V52/><F52/><W36/><G36/><T57/><D63/><U130/><E75/><V60/><F60/><W38/><G38/><T78/><D96/><U34/><E34/><V134/><F134/><W21/><G62/><T73/><D91/><U80/><E130/><V47/><F47/><N who="1" m="17961" /><E80/><V22/><F22/><W6/><G33/><T53/><D53/><U51/><AGARI ba="0,0" hai="48,49,51,66,67,97,98,99,113,114,115" m="17961" machi="51" ten="40,12000,1" yaku="29,2,28,2" doraHai="7,4" who="1" fromWho="1" sc="160,-40,340,120,250,-40,250,-40" />
</Scene>
<Scene>
<INIT seed="1,1,0,1,4,43" ten="120,460,210,210" oya="1" hai0="47,88,6,120,104,14,23,128,68,118,117,69,27" hai1="135,42,121,83,89,131,22,30,87,9,50,123,34" hai2="8,17,75,57,98,58,51,48,0,127,122,26,92" hai3="113,101,109,110,78,86,53,134,107,66,29,72,133"/><U126/><E34/><V52/><F122/><W111/><G66/><T62/><D120/><U65/><E131/><V33/><F75/><W91/><G29/><T115/><D115/><U93/><E135/><N who="3" m="51722" /><G53/><T80/><D128/><U5/><E126/><V116/><F116/><W12/><G12/><T95/><D104/><U73/><E65/><V61/><F127/><W56/><G56/><T130/><D130/><U100/><E30/><V76/><F76/><W81/><G113/><T25/><D80/><U35/><E22/><N who="2" m="13647" /><F33/><W102/><G107/><T13/><D62/><U40/><E35/><V44/><F58/><W67/><G67/><T63/><D63/><U20/><E20/><V55/><F8/><W1/><G1/><T59/><D59/><U129/><E129/><V125/><F0/><W2/><G2/><T46/><D95/><AGARI ba="1,0" hai="72,78,81,86,91,95,101,102,109,110,111" m="51722" machi="95" ten="40,8000,1" yaku="14,1,20,1,34,2" doraHai="43" who="3" fromWho="0" sc="120,-83,460,0,210,0,210,83" />
</Scene>
<Scene>
<INIT seed="2,0,0,5,4,103" ten="37,460,210,293" oya="2" hai0="135,23,9,10,31,111,47,89,51,52,120,98,59" hai1="63,49,131,102,78,127,92,74,75,72,16,7,48" hai2="27,87,124,123,130,0,32,65,73,84,14,100,1" hai3="108,43,70,2,28,104,37,62,96,54,66,35,106"/><V41/><F123/><W81/><G54/><T86/><D111/><U112/><E112/><V45/><F73/><W128/><G108/><T107/><D135/><U44/><E131/><V6/><F130/><W11/><G128/><T29/><D120/><U38/><E127/><V69/><F124/><W25/><G96/><T126/><D126/><U64/><E7/><V105/><F14/><W83/><G81/><T40/><D98/><U101/><E78/><V94/><F94/><W110/><G83/><T79/><D79/><U61/><E38/><N who="2" m="21687" /><F84/><W39/><G110/><T85/><D107/><N who="3" m="41001" /><G43/><T12/><D23/><U119/><E92/><V46/><F87/><W30/><G30/><T117/><D117/><U21/><E119/><V22/><F22/><W26/><G26/><T56/><D56/><U33/><E21/><V50/><F50/><W18/><G18/><T77/><D77/><U109/><E16/><V8/><F100/><W68/><G68/><T17/><D10/><U129/><E109/><V88/><F105/><W58/><G58/><T60/><REACH who="0" step="1"/><D86/><REACH who="0" ten="27,460,210,293" step="2"/><U122/><E129/><V114/><F8/><W53/><G53/><T57/><D57/><U24/><E122/><V99/><F99/><W95/><G95/><AGARI ba="0,1" hai="9,12,17,29,31,40,47,51,52,59,60,85,89,95" machi="95" ten="30,7700,0" yaku="1,1,7,1,8,1,54,1,53,0" doraHai="103" doraHaiUra="76" who="0" fromWho="3" sc="27,87,460,0,210,0,293,-77" />
</Scene>
<Scene>
<INIT seed="3,0,0,0,5,67" ten="114,460,210,216" oya="3" hai0="8,121,20,14,84,7,86,13,33,54,66,65,18" hai1="96,123,27,128,24,133,134,6,85,59,99,112,111" hai2="125,97,101,90,50,9,64,53,91,15,5,60,127" hai3="117,83,92,35,68,11,29,88,81,38,3,108,49"/><W103/><G117/><T93/><D121/><U26/><E123/><V62/><F125/><W71/><G38/><T36/><D36/><U120/><E120/><V82/><F127/><W110/><G103/><T107/><D107/><U28/><E112/><V32/><F32/><W44/><G35/><T104/><D104/><U115/><E115/><V73/><F73/><W1/><G29/><T16/><D33/><U40/><E28/><V75/><F75/><W129/><G129/><T109/><D109/><N who="3" m="42089" /><G81/><T41/><D41/><U42/><E111/><V12/><F12/><W131/><G83/><T106/><D106/><U23/><E128/><V61/><F64/><W70/><G11/><T48/><D84/><U2/><E85/><V34/><F34/><W135/><G135/><T55/><D55/><U87/><E42/><V37/><F37/><W77/><G77/><T100/><D7/><U4/><E87/><V95/><REACH who="2" step="1"/><F82/><REACH who="2" ten="114,460,200,216" step="2"/><W30/><G131/><T63/><D63/><U10/><E133/><V19/><F19/><W56/><G30/><T114/><D114/><U47/><E134/><V25/><F25/><W126/><G126/><T21/><D8/><U22/><E26/><V78/><F78/><W118/><G118/><T132/><D132/><U69/><E24/><V105/><F105/><W122/><G122/><T79/><D79/><U116/><E27/><V58/><AGARI ba="0,1" hai="5,9,15,50,53,58,60,61,62,90,91,95,97,101" machi="58" ten="30,7900,0" yaku="1,1,0,1,8,1,53,1" doraHai="67" doraHaiUra="46" who="2" fromWho="2" sc="114,-20,460,-20,200,89,216,-39" />
</Scene>
<Scene>
<INIT seed="4,0,0,3,2,5" ten="94,440,289,177" oya="0" hai0="3,85,54,65,26,16,135,18,15,125,64,52,32" hai1="73,72,28,8,40,103,96,75,124,61,12,42,30" hai2="2,45,88,127,112,93,0,118,63,41,132,36,13" hai3="51,74,47,71,44,115,82,38,56,49,67,24,11"/><T33/><D3/><U77/><E77/><V58/><F112/><W116/><G115/><T76/><D125/><U94/><E124/><V78/><F127/><W114/><G116/><T105/><D105/><U25/><E61/><V126/><F126/><W50/><G114/><T87/><D135/><U23/><REACH who="1" step="1"/><E28/><REACH who="1" ten="94,430,289,177" step="2"/><V1/><F132/><W90/><G74/><T37/><D37/><U119/><E119/><V19/><F118/><W83/><G38/><T46/><D76/><U81/><E81/><V117/><F78/><W39/><G39/><T66/><D46/><U70/><E70/><V111/><F117/><W86/><G83/><T57/><D57/><U134/><E134/><V92/><F111/><W27/><G47/><T107/><D107/><U10/><E10/><V22/><F92/><W89/><G44/><T128/><D128/><U91/><E91/><V108/><F108/><W7/><G89/><T6/><D6/><AGARI ba="0,1" hai="6,8,12,23,25,30,40,42,72,73,75,94,96,103" machi="6" ten="40,2600,0" yaku="1,1,52,1,53,0" doraHai="5" doraHaiUra="109" who="1" fromWho="0" sc="94,-26,430,36,289,0,177,0" />
</Scene>
<Scene>
<INIT seed="5,0,0,3,3,11" ten="68,466,289,177" oya="1" hai0="103,112,114,45,69,132,63,27,48,105,31,75,66" hai1="83,102,20,118,106,93,8,135,61,18,57,97,3" hai2="13,72,53,108,26,43,16,23,68,101,76,95,60" hai3="130,111,73,84,25,128,133,24,33,116,74,80,117"/><U86/><E118/><N who="3" m="45674" /><G111/><T126/><D75/><N who="3" m="28681" /><G33/><T52/><D126/><U30/><E135/><V85/><F108/><W37/><G37/><T90/><D90/><U115/><E115/><V65/><F43/><W100/><G133/><T67/><D67/><U129/><E129/><N who="3" m="49770" /><G100/><T29/><D132/><U34/><E34/><V39/><F39/><W21/><G21/><T125/><D125/><U47/><E20/><V51/><F72/><W46/><G46/><T70/><D70/><U98/><E47/><V92/><F101/><W5/><G5/><T123/><D123/><U62/><E102/><V110/><F110/><W134/><G134/><T78/><D78/><AGARI ba="0,0" hai="24,25,78,80,84" m="49770,28681,45674" machi="78" ten="40,2600,0" yaku="12,1,19,1" doraHai="11" who="3" fromWho="0" sc="68,-26,466,0,289,0,177,26" />
</Scene>
<Scene>
<INIT seed="6,0,0,4,2,41" ten="42,466,289,203" oya="2" hai0="12,97,132,44,87,57,109,1,2,31,111,118,135" hai1="67,113,92,85,102,100,133,76,5,106,46,56,27" hai2="105,116,7,107,23,75,65,43,55,119,130,82,47" hai3="88,131,22,35,4,51,9,49,77,16,73,42,58"/><V63/><F130/><W26/><G131/><T78/><D57/><U30/><E106/><V69/><F23/><W99/><G35/><T126/><D97/><U52/><E113/><V94/><F94/><W64/><G73/><T19/><D87/><U122/><E133/><V110/><F110/><W54/><G77/><T50/><D78/><U33/><E122/><V83/><F55/><W79/><G79/><T6/><D50/><U112/><E112/><V90/><F82/><W28/><G64/><T39/><D39/><U32/><E32/><V25/><F25/><W8/><G28/><T134/><D44/><U59/><E5/><V10/><F75/><W62/><G42/><T53/><D53/><U96/><E67/><V20/><F20/><W129/><G129/><T117/><D31/><U101/><E46/><V29/><F29/><W74/><G74/><T103/><D103/><U84/><E59/><V89/><F89/><W124/><G124/><T34/><D34/><U123/><E123/><V115/><F115/><W125/><G125/><T93/><D93/><U81/><E85/><N who="2" m="50495" /><F107/><W40/><G40/><T80/><D80/><U114/><E114/><V18/><F105/><W17/><G17/><T120/><D120/><U60/><AGARI ba="0,0" hai="27,30,33,52,56,60,76,81,84,92,96,100,101,102" machi="60" ten="20,2700,0" yaku="0,1,7,1,54,1" doraHai="41" who="1" fromWho="1" sc="42,-7,466,27,289,-13,203,-7" />
</Scene>
<Scene>
<INIT seed="7,0,0,2,0,118" ten="35,493,276,196" oya="3" hai0="32,20,64,36,100,26,132,48,116,56,91,29,41" hai1="50,9,72,33,89,3,21,88,84,1,133,16,49" hai2="128,59,114,127,35,31,52,85,134,120,44,125,40" hai3="51,102,76,18,80,37,99,101,68,0,30,28,107"/><W23/><G37/><T7/><D132/><U22/><E33/><V97/><F120/><W5/><G68/><T119/><D36/><U79/><E133/><V70/><F134/><W17/><G102/><T117/><D117/><U2/><E72/><V42/><F70/><W81/><G0/><T43/><D32/><U69/><E69/><V113/><F85/><W95/><G5/><T87/><D116/><U108/><E108/><V47/><F97/><W15/><G107/><T63/><D119/><U46/><E79/><V24/><F128/><W77/><G51/><T45/><D7/><U124/><E124/><N who="2" m="47691" /><F47/><W53/><G53/><T115/><D115/><N who="2" m="44042" /><F44/><W10/><G77/><T121/><D43/><U57/><E57/><V111/><F111/><W106/><G106/><T92/><D87/><U38/><E38/><V103/><F103/><W96/><G96/><T82/><D82/><N who="1" m="49175" /><E89/><V78/><F78/><W83/><REACH who="3" step="1"/><G76/><REACH who="3" ten="35,493,276,186" step="2"/><T6/><D6/><U60/><E50/><AGARI ba="0,1" hai="24,31,35,40,42,50,52,59" m="44042,47691" machi="50" ten="30,3900,0" yaku="18,1,15,1,54,1" doraHai="118" who="2" fromWho="1" sc="35,0,493,-39,276,49,186,0" owari="35,-46.0,454,54.0,325,13.0,186,-21.0" />
</Scene>
</mjloggm>