<mjloggm ver="2.3"><GO type="169" lobby="0"/><UN n0="%E3%81%B3%E3%82%8A%E3%81%B3%E3%82%8A%E2%98%86%E3%83%93%E3%83%AA%E3%83%BC" n1="%67%69%6A%79%75%74%75" n2="%E3%83%A1%E3%83%81%E3%83%AB%E3%82%B0%E3%83%AA%E3%83%BC%E3%83%B3" n3="%41%53%41%50%49%4E" dan="18,16,16,19" rate="2240.38,2136.14,2090.89,2307.70" sx="M,M,M,M"/><TAIKYOKU oya="0"/>

<Scene>
<INIT seed="0,0,0,5,1,111" ten="250,250,250,250" oya="0" hai0="95,120,85,121,96,25,3,76,8,34,16,64,45" hai1="50,1,94,42,52,15,26,22,68,89,127,104,19" hai2="38,62,129,99,79,12,88,82,49,39,24,116,55" hai3="80,72,40,83,73,11,117,32,30,33,63,98,118"/><T123/><D64/><U70/><E104/><V65/><F129/><W115/><G40/><T91/><D45/><U112/><E1/><V87/><F116/><W60/><G11/><T51/><D51/><U29/><E42/><V13/><F24/><W28/><REACH who="3" step="1"/><G98/><REACH who="3" ten="250,250,250,240" step="2"/><T41/><D41/><U54/><E127/><V46/><F38/><W47/><G47/><T53/><D8/><U131/><E131/><V31/><F39/><W97/><G97/><T10/><D10/><U5/><E5/><V21/><F99/><W113/><AGARI ba="0,1" hai="28,30,32,33,60,63,72,73,80,83,113,115,117,118" machi="113" ten="25,16000,3" yaku="1,1,0,1,22,2,52,2,53,2" doraHai="111" doraHaiUra="110" who="3" fromWho="3" sc="250,-80,250,-40,250,-40,240,170" />
</Scene>
<Scene>
<INIT seed="1,0,0,0,3,4" ten="170,210,210,410" oya="1" hai0="70,69,79,3,31,35,29,80,56,115,83,114,53" hai1="96,22,45,21,50,61,123,68,10,58,77,14,131" hai2="124,32,34,130,126,36,64,33,57,90,113,92,12" hai3="107,43,26,40,8,19,71,119,48,0,76,120,11"/><U37/><E123/><V55/><F36/><W63/><G120/><T100/><D3/><U78/><E37/><V106/><F106/><W132/><G107/><T73/><D100/><U51/><E68/><V134/><F64/><W72/><G132/><T28/><D35/><U30/><E131/><V44/><F44/><W87/><G72/><T41/><D41/><N who="1" m="24879" /><E51/><V60/><F134/><W129/><G129/><T18/><D83/><U121/><E121/><V89/><F130/><W65/><G119/><T16/><D69/><U7/><E96/><V1/><F1/><W13/><G48/><T81/><D81/><U116/><E116/><V54/><F113/><W25/><G76/><N who="1" m="29290" /><E30/><V127/><F55/><AGARI ba="0,0" hai="7,10,14,21,22,55,58,61" m="29290,24879" machi="55" ten="30,2900,0" yaku="8,1,52,1" doraHai="4" who="1" fromWho="2" sc="170,0,210,29,210,-29,410,0" />
</Scene>
<Scene>
<INIT seed="1,1,0,3,4,14" ten="170,239,181,410" oya="1" hai0="109,126,99,22,41,88,49,31,92,98,103,51,50" hai1="113,84,7,134,27,60,48,53,82,94,70,87,81" hai2="68,123,124,8,89,122,104,135,79,121,5,116,85" hai3="69,111,37,23,58,75,78,20,35,32,130,25,86"/><U45/><E113/><V56/><F68/><W18/><G69/><T102/><D109/><U47/><E134/><V30/><F116/><W108/><G37/><T34/><D34/><U133/><E133/><V65/><F135/><W64/><G75/><T40/><D126/><U117/><E117/><V101/><F124/><W95/><G130/><T127/><D127/><U29/><E7/><V74/><F30/><W77/><G64/><T73/><D73/><U80/><E70/><V24/><F24/><N who="3" m="14359" /><G58/><T93/><D103/><U55/><E94/><V3/><F74/><W9/><G9/><T125/><D125/><U106/><E106/><V131/><F131/><W26/><G26/><AGARI ba="1,0" hai="22,26,31,40,41,49,50,51,88,92,93,98,99,102" machi="26" ten="40,2600,0" yaku="8,1,54,1" doraHai="14" who="0" fromWho="3" sc="170,29,239,0,181,0,410,-29" />
</Scene>
<Scene>
<INIT seed="2,0,0,0,2,1" ten="199,239,181,381" oya="2" hai0="60,35,74,4,90,29,110,75,109,105,102,40,11" hai1="104,2,116,127,53,57,22,103,83,62,134,58,42" hai2="76,7,93,72,54,10,30,119,78,9,67,87,112" hai3="121,120,31,44,15,0,113,21,128,64,101,106,98"/><V46/><F119/><W114/><G0/><T131/><D131/><U107/><E116/><V51/><F112/><N who="3" m="43115" /><G128/><T89/><D40/><U6/><E42/><V100/><F30/><W92/><G64/><T125/><D125/><U84/><E127/><V115/><F115/><W13/><G44/><T133/><D133/><U126/><E134/><V123/><F123/><N who="3" m="47179" /><G106/><T43/><D105/><U33/><E126/><V81/><F67/><W39/><G39/><T79/><D110/><U55/><E33/><V48/><F48/><W85/><G85/><T108/><D108/><U124/><E124/><V52/><F54/><W28/><G28/><T27/><D29/><U135/><E135/><V69/><F69/><W25/><AGARI ba="0,0" hai="13,15,21,25,31,92,98,101" m="47179,43115" machi="25" ten="40,1500,0" yaku="11,1" doraHai="1" who="3" fromWho="3" sc="199,-4,239,-4,181,-7,381,15" />
</Scene>
<Scene>
<INIT seed="3,0,0,0,5,129" ten="195,235,174,396" oya="3" hai0="91,40,2,117,57,86,82,89,6,20,19,61,50" hai1="56,66,109,54,28,75,3,17,115,94,26,110,99" hai2="16,27,134,128,32,24,5,59,123,72,85,133,113" hai3="12,81,103,112,119,124,58,44,111,15,77,62,11"/><W102/><G112/><T95/><D117/><U13/><E75/><V114/><F72/><W105/><G119/><T64/><D2/><U35/><E66/><V65/><F128/><W34/><G34/><T132/><D6/><U98/><E3/><V31/><F123/><W53/><G124/><T78/><D132/><N who="2" m="50794" /><F5/><W121/><G121/><T101/><D101/><U52/><E115/><V4/><F4/><W37/><G111/><N who="1" m="42506" /><E56/><V43/><F43/><W49/><G37/><T73/><D40/><U9/><E99/><V90/><F59/><W71/><G71/><T83/><D50/><U42/><E42/><V36/><F65/><W126/><G126/><T100/><D100/><AGARI ba="0,0" hai="9,13,17,26,28,35,52,54,94,98,100" m="42506" machi="100" ten="30,2000,0" yaku="14,1,54,1" doraHai="129" who="1" fromWho="0" sc="195,-20,235,20,174,0,396,0" />
</Scene>
<Scene>
<INIT seed="4,0,0,4,5,75" ten="175,255,174,396" oya="0" hai0="1,106,56,121,115,41,110,23,122,52,104,35,30" hai1="97,46,40,6,55,99,81,34,45,50,10,120,59" hai2="112,47,118,66,48,7,105,72,29,91,85,65,86" hai3="11,117,131,51,58,92,130,0,83,84,82,18,88"/><T129/><D1/><U21/><E34/><V87/><F72/><W38/><G38/><T60/><D35/><U62/><E120/><V57/><F105/><W125/><G117/><T8/><D115/><U67/><E21/><V43/><F112/><W103/><G125/><T89/><D129/><N who="3" m="49161" /><G103/><T123/><D110/><U3/><E81/><V28/><F7/><N who="3" m="1511" /><G18/><T69/><D8/><U70/><REACH who="1" step="1"/><E45/><REACH who="1" ten="175,245,174,396" step="2"/><V77/><F118/><W127/><G127/><T33/><D123/><U109/><E109/><V108/><F108/><W134/><G134/><T44/><D122/><U14/><E14/><V27/><F27/><W32/><G32/><T98/><D33/><U37/><AGARI ba="0,1" hai="3,6,10,37,40,46,50,55,59,62,67,70,97,99" machi="37" ten="20,8000,1" yaku="1,1,0,1,7,1,24,2,53,0" doraHai="75" doraHaiUra="78" who="1" fromWho="1" sc="175,-40,245,90,174,-20,396,-20" />
</Scene>
<Scene>
<INIT seed="5,0,0,4,5,0" ten="135,335,154,376" oya="1" hai0="121,71,83,128,13,56,113,57,19,47,10,112,28" hai1="42,79,27,117,72,105,2,73,80,31,50,91,5" hai2="26,107,36,88,106,29,20,24,6,48,129,46,61" hai3="14,66,95,102,30,3,97,70,109,1,131,94,67"/><U12/><E2/><V116/><F116/><W122/><G122/><T39/><D71/><U54/><E42/><V34/><F36/><W85/><G109/><T49/><D39/><U104/><E72/><V89/><F129/><W51/><G131/><T90/><D128/><U4/><E91/><V111/><F111/><W7/><G3/><T22/><D121/><U115/><E117/><V77/><F77/><W81/><G1/><T134/><D134/><U100/><E115/><N who="0" m="44105" /><D28/><U127/><E127/><V130/><F61/><W35/><G70/><T74/><D22/><U38/><E38/><V135/><F135/><W43/><G94/><T63/><D63/><U119/><E119/><V110/><F110/><W15/><G30/><T126/><D126/><U99/><E12/><V108/><F108/><W86/><G15/><T11/><D11/><U96/><E96/><V75/><F130/><W41/><G35/><T98/><D98/><U59/><REACH who="1" step="1"/><E105/><REACH who="1" ten="135,325,154,376" step="2"/><V65/><F107/><W53/><G41/><N who="0" m="24815" /><D74/><U118/><E118/><V23/><F75/><W32/><G43/><T17/><D90/><U9/><E9/><V33/><F88/><N who="3" m="51247" /><G86/><T82/><D82/><U92/><E92/><V45/><F106/><W124/><G124/><T78/><D83/><U69/><E69/><V132/><F132/><W52/><G95/><T68/><D68/><U101/><E101/><V93/><F93/><W21/><G102/><T120/><D120/><U55/><E55/><V62/><F89/><W16/><G53/><T40/><D40/><U37/><E37/><V25/><F25/><W114/><G114/><RYUUKYOKU ba="0,1" sc="135,-10,325,30,154,-10,376,-10" hai1="4,5,27,31,50,54,59,73,79,80,99,100,104" />
</Scene>
<Scene>
<INIT seed="5,1,1,2,3,130" ten="125,355,144,366" oya="1" hai0="84,31,109,85,105,115,23,51,32,38,61,26,98" hai1="111,71,101,135,102,22,7,133,52,40,36,24,37" hai2="94,21,55,72,45,30,3,121,89,47,27,90,97" hai3="16,88,39,69,18,81,75,42,100,5,107,46,96"/><U9/><E71/><V114/><F121/><W129/><G129/><T6/><D109/><U2/><E111/><V87/><F72/><W35/><G69/><T1/><D38/><U67/><E67/><V83/><F3/><W60/><G35/><T54/><D115/><U14/><E2/><V68/><F68/><W131/><G131/><T50/><D32/><U132/><E52/><V10/><F114/><W13/><G60/><T76/><D76/><U74/><E74/><V119/><F119/><W19/><G5/><T12/><D1/><U123/><E123/><V62/><F10/><W127/><G127/><T28/><D28/><N who="1" m="17431" /><E36/><V120/><F120/><W106/><G106/><T20/><D105/><U126/><E126/><V17/><REACH who="2" step="1"/><F30/><REACH who="2" ten="125,355,134,366" step="2"/><W92/><G75/><T53/><D31/><U99/><E99/><V70/><F70/><W59/><G96/><T58/><D98/><U44/><AGARI ba="1,2" hai="7,9,14,37,40,44,101,102,132,133,135" m="17431" machi="44" ten="40,12000,1" yaku="20,1,52,3" doraHai="130" who="1" fromWho="1" sc="125,-41,355,143,134,-41,366,-41" />
</Scene>
<Scene>
<INIT seed="5,2,0,0,0,99" ten="84,498,93,325" oya="1" hai0="120,84,118,13,21,113,69,2,29,68,17,131,128" hai1="71,27,79,31,75,20,55,33,40,35,42,86,12" hai2="5,78,102,98,36,95,135,15,6,10,43,80,16" hai3="108,124,81,89,92,123,8,96,37,63,30,112,25"/><U52/><E71/><V18/><F135/><W107/><G108/><T115/><D118/><U121/><E75/><V34/><F34/><W7/><G123/><T58/><D2/><U67/><E67/><V65/><F65/><W60/><G37/><T125/><D120/><U91/><E79/><V48/><F36/><W105/><G112/><N who="0" m="43083" /><D125/><U46/><E121/><V73/><REACH who="2" step="1"/><F6/><REACH who="2" ten="84,498,83,325" step="2"/><W132/><G7/><T45/><D131/><U54/><E35/><V3/><F3/><W39/><G39/><T62/><D128/><U106/><E33/><V49/><F49/><W23/><G132/><T130/><D130/><U85/><E106/><V104/><F104/><W26/><G107/><T90/><D62/><U83/><E85/><V0/><F0/><W77/><G63/><T129/><D84/><U47/><REACH who="1" step="1"/><E12/><REACH who="1" ten="84,488,83,325" step="2"/><V32/><F32/><W117/><G105/><T119/><D13/><U64/><E64/><V126/><F126/><W76/><G124/><T59/><D129/><U24/><E24/><V66/><F66/><W19/><G25/><T28/><D68/><U53/><N who="1" m="13312" /><DORA hai="56" /><U87/><E87/><V51/><F51/><W114/><G26/><T93/><D69/><U9/><E9/><V14/><F14/><W82/><G8/><T61/><D61/><U100/><E100/><V57/><F57/><W103/><G60/><T122/><D58/><U116/><E116/><V127/><F127/><W4/><G117/><T94/><D119/><U111/><E111/><V38/><F38/><W133/><G114/><T74/><D59/><U41/><AGARI ba="2,2" hai="20,27,31,40,41,42,46,47,83,86,91" m="13312" machi="41" ten="50,12000,1" yaku="1,1,0,1,8,1,54,1,53,0" doraHai="99,56" doraHaiUra="44,70" who="1" fromWho="1" sc="84,-42,488,146,83,-42,325,-42" />
</Scene>
<Scene>
<INIT seed="5,3,0,5,0,54" ten="42,634,41,283" oya="1" hai0="47,11,18,107,5,103,12,51,27,94,90,100,3" hai1="34,116,38,68,122,26,88,72,24,74,30,101,58" hai2="2,125,8,93,21,43,127,1,66,10,39,70,4" hai3="15,108,104,99,55,69,131,128,22,41,130,61,48"/><U32/><E68/><V19/><F93/><W80/><G108/><T87/><D107/><U133/><E116/><V106/><F106/><W63/><G41/><T33/><D33/><U23/><E38/><V134/><F43/><W36/><G36/><T14/><D27/><U118/><E118/><V62/><F39/><W17/><G69/><T109/><D109/><U117/><E117/><V120/><F120/><W126/><G126/><T56/><D3/><U49/><E122/><V132/><F8/><W0/><G0/><T102/><D56/><U59/><E101/><V81/><F81/><W42/><G42/><N who="0" m="25079" /><D103/><U16/><E133/><N who="2" m="51307" /><F1/><W77/><G99/><T114/><D114/><U84/><E34/><V82/><F82/><W31/><G104/><T67/><D67/><U112/><E112/><V135/><N who="2" m="51315" /><V86/><DORA hai="65" /><F86/><W20/><G80/><T53/><D53/><U115/><E115/><V111/><F111/><W78/><G128/><T25/><D25/><AGARI ba="3,0" hai="2,4,10,19,21,25,62,66,70,125,127" m="51315" machi="25" ten="40,2600,0" yaku="20,1,52,1" doraHai="54,65" who="2" fromWho="0" sc="42,-35,634,0,41,35,283,0" />
</Scene>
<Scene>
<INIT seed="6,0,0,4,1,24" ten="7,634,76,283" oya="2" hai0="88,107,20,5,37,132,76,13,1,58,100,53,103" hai1="116,44,19,126,60,35,71,74,8,124,115,28,46" hai2="30,129,117,22,38,7,17,111,110,59,49,25,93" hai3="81,11,84,69,6,62,105,15,87,98,23,70,68"/><V89/><F38/><W83/><G105/><T0/><D37/><U79/><E116/><V91/><F117/><W32/><G32/><T61/><D132/><U109/><E109/><N who="2" m="41483" /><F129/><W40/><G98/><T106/><D76/><U102/><E102/><V134/><F134/><W2/><G40/><T45/><D107/><U95/><E95/><V51/><F7/><W97/><G97/><T26/><D106/><U122/><E122/><V41/><F41/><W9/><G23/><T128/><D0/><U114/><E79/><V10/><F59/><W54/><G81/><T99/><D1/><U96/><E96/><N who="2" m="57391" /><F91/><W66/><G70/><T29/><D45/><N who="1" m="17515" /><E74/><V67/><F67/><W64/><G66/><T85/><D128/><U50/><E50/><V39/><F39/><W31/><G64/><T123/><D123/><U82/><E82/><V90/><F90/><W63/><G83/><N who="0" m="49215" /><D99/><U131/><E131/><V108/><F108/><W65/><G65/><T119/><D119/><U75/><E75/><V121/><F121/><W101/><G69/><T120/><D120/><U125/><E71/><V73/><F73/><W72/><G72/><T43/><D43/><U130/><E130/><V80/><F80/><W104/><G68/><T34/><D34/><U36/><E36/><V12/><AGARI ba="0,0" hai="10,12,17,22,25,30,49,51" m="57391,41483" machi="12" ten="30,3000,0" yaku="10,1,52,1" doraHai="24" who="2" fromWho="2" sc="7,-10,634,-10,76,30,283,-10" owari="-3,-50.0,624,72.0,106,-29.0,273,7.0" />
</Scene>
</mjloggm>