<mjloggm ver="2.3"><GO type="169" lobby="0"/><UN n0="%E5%9F%BA%E7%A4%8E%E8%AB%96" n1="%E5%A5%88%E8%90%BD%E3%81%AE%E7%8E%8B" n2="%E3%82%82%E3%81%97%E3%83%A9%E3%82%B9%E3%81%A7" n3="%41%53%41%50%49%4E" dan="17,17,16,18" rate="2153.52,2163.57,2108.85,2270.52" sx="M,M,M,M"/><TAIKYOKU oya="0"/>

<Scene>
<INIT seed="0,0,0,5,3,62" ten="250,250,250,250" oya="0" hai0="115,9,64,21,94,123,24,52,23,71,125,133,4" hai1="14,118,80,49,40,15,128,30,119,107,106,92,39" hai2="28,82,32,105,100,79,53,63,50,126,0,8,81" hai3="42,60,10,68,130,37,51,38,36,110,19,120,58"/><T132/><D115/><U76/><E39/><V72/><F126/><W2/><G2/><T31/><D123/><U43/><E30/><V48/><F32/><W3/><G3/><T122/><D122/><U16/><E92/><V89/><F28/><W124/><G120/><T104/><D104/><U57/><E57/><V131/><F131/><W102/><G102/><T56/><D125/><U6/><E6/><V90/><F90/><W47/><G19/><T46/><D46/><U108/><E49/><V112/><F112/><W12/><G12/><T44/><D44/><U75/><E128/><V67/><F53/><W35/><G10/><T45/><D45/><U34/><E34/><V114/><F114/><W109/><G35/><T22/><D94/><U103/><E103/><V54/><F54/><N who="3" m="33879" /><G124/><T78/><D78/><U127/><E127/><V65/><F89/><W116/><G130/><T134/><D71/><U95/><E75/><V5/><F82/><W87/><G87/><T85/><D85/><U70/><E70/><V77/><F79/><W74/><G74/><T98/><D98/><U88/><E76/><V18/><F18/><W121/><G121/><T93/><D93/><U20/><E80/><V97/><REACH who="2" step="1"/><F63/><REACH who="2" ten="250,250,240,250" step="2"/><W117/><G68/><T13/><D52/><U99/><E16/><V135/><F135/><W26/><G26/><T111/><D111/><AGARI ba="0,1" hai="36,37,38,42,47,51,109,110,111,116,117" m="33879" machi="111" ten="40,5200,0" yaku="14,1,34,2" doraHai="62" who="3" fromWho="0" sc="250,-52,250,0,240,0,250,62" />
</Scene>
<Scene>
<INIT seed="1,0,0,0,2,11" ten="198,250,240,312" oya="1" hai0="117,48,54,9,10,118,108,44,1,102,95,76,101" hai1="19,93,22,0,4,56,86,66,32,47,41,97,70" hai2="18,92,99,119,5,107,39,64,116,55,12,59,49" hai3="129,98,106,121,131,20,63,13,74,36,67,81,52"/><U77/><E32/><V114/><F39/><W130/><G121/><T43/><D108/><U89/><E70/><V35/><F107/><W69/><G36/><T3/><D76/><U34/><E34/><V7/><F35/><W80/><G74/><T91/><D3/><U126/><E4/><V105/><F105/><W73/><G73/><T135/><D135/><U134/><E0/><V30/><F30/><W109/><G109/><T71/><D71/><U45/><E126/><V14/><F114/><W38/><G38/><T115/><D115/><U96/><E134/><V84/><F84/><W68/><G68/><T26/><D26/><U53/><E66/><V94/><F94/><W112/><G112/><T24/><D24/><U113/><E41/><V120/><F120/><W72/><G72/><T33/><D33/><U16/><E19/><V132/><F132/><W100/><G52/><T8/><D1/><U2/><E2/><V6/><F18/><AGARI ba="0,0" hai="13,18,20,63,67,69,80,81,98,100,106,129,130,131" machi="18" ten="40,2600,0" yaku="19,1,52,1" doraHai="11" who="3" fromWho="2" sc="198,0,250,0,240,-26,312,26" />
</Scene>
<Scene>
<INIT seed="2,0,0,5,4,109" ten="198,250,214,338" oya="2" hai0="49,96,121,99,92,55,135,118,0,100,46,125,64" hai1="28,8,85,35,116,63,66,21,87,7,16,108,128" hai2="79,31,65,19,104,111,43,4,33,5,132,81,53" hai3="114,14,86,107,93,39,112,52,74,101,91,1,80"/><V134/><F104/><W23/><G1/><T69/><D121/><U133/><E116/><V130/><F130/><W51/><G39/><T120/><D120/><U127/><E108/><V67/><F111/><W115/><G107/><T105/><D118/><U84/><E128/><V41/><F53/><W12/><G23/><T15/><D125/><U88/><E127/><V106/><F106/><W90/><G101/><T48/><D135/><N who="2" m="51754" /><F19/><W20/><G20/><T22/><D0/><U25/><E133/><V57/><F31/><W32/><G32/><T9/><D22/><U89/><E7/><N who="2" m="2635" /><F33/><W13/><G74/><T59/><D64/><N who="2" m="24650" /><F57/><N who="3" m="32927" /><G12/><T82/><D15/><N who="1" m="7271" /><E35/><V34/><F34/><W119/><G119/><T18/><D105/><U68/><E28/><V124/><F124/><W76/><G76/><T56/><D100/><U75/><E75/><AGARI ba="0,0" hai="41,43,75,79,81" m="24650,2635,51754" machi="75" ten="30,1500,0" yaku="20,1" doraHai="109" who="2" fromWho="1" sc="198,0,250,-15,214,15,338,0" />
</Scene>
<Scene>
<INIT seed="2,1,0,5,3,126" ten="198,235,229,338" oya="2" hai0="79,14,45,89,104,66,119,6,98,127,43,51,125" hai1="75,120,117,13,5,35,83,76,65,29,64,19,26" hai2="27,0,31,58,122,90,57,32,15,102,18,105,123" hai3="46,71,106,93,20,69,33,100,73,84,8,24,115"/><V21/><F90/><W4/><G73/><T12/><D119/><U47/><E117/><V116/><F116/><W88/><G33/><T133/><D133/><U10/><E120/><V130/><F102/><W60/><G115/><T40/><D66/><U87/><E75/><V72/><F105/><W9/><G9/><T112/><D112/><U96/><E96/><V91/><F91/><W16/><G60/><T54/><D79/><U77/><E76/><V63/><F72/><W17/><G17/><T103/><D89/><U52/><REACH who="1" step="1"/><E5/><REACH who="1" ten="198,225,229,338" step="2"/><V78/><F78/><W39/><G106/><T81/><D6/><U86/><E86/><V1/><F122/><W134/><G134/><T74/><D125/><U99/><E99/><V34/><F123/><W111/><G100/><T44/><D127/><U49/><AGARI ba="1,1" hai="10,13,19,26,29,35,47,49,52,64,65,77,83,87" machi="49" ten="30,4000,0" yaku="1,1,0,1,54,1,53,0" doraHai="126" doraHaiUra="68" who="1" fromWho="1" sc="198,-11,225,53,229,-21,338,-11" />
</Scene>
<Scene>
<INIT seed="3,0,0,1,1,23" ten="187,278,208,327" oya="3" hai0="14,89,67,27,108,48,17,128,53,7,88,80,6" hai1="29,1,121,4,55,21,32,11,26,119,91,10,16" hai2="122,97,120,13,111,20,69,62,19,66,84,116,85" hai3="77,46,94,100,45,50,130,22,92,68,47,76,123"/><W57/><G123/><T71/><D128/><U101/><E121/><N who="2" m="46699" /><F116/><W39/><G68/><T75/><D108/><U31/><E119/><V114/><F111/><W72/><G130/><T40/><D40/><U59/><E101/><V93/><F114/><W49/><G39/><T56/><D71/><U135/><E135/><V44/><F44/><W35/><G35/><T38/><D38/><U51/><E32/><V42/><F42/><W90/><G72/><T24/><D75/><U37/><E37/><V87/><F87/><W3/><G3/><T2/><D2/><U60/><E11/><V131/><F131/><W41/><G57/><T124/><D67/><U104/><E104/><V61/><F62/><W86/><G46/><T95/><D124/><U78/><E78/><V64/><F66/><W58/><G58/><T52/><D53/><U25/><E51/><V83/><F83/><W112/><G112/><T74/><D74/><U5/><E5/><N who="0" m="1545" /><D80/><U96/><E26/><N who="0" m="9769" /><D95/><AGARI ba="0,0" hai="1,4,10,16,21,25,29,31,55,59,60,91,95,96" machi="95" ten="40,8000,1" yaku="25,2,52,1,54,1" doraHai="23" who="1" fromWho="0" sc="187,-80,278,80,208,0,327,0" />
</Scene>
<Scene>
<INIT seed="4,0,0,4,2,28" ten="107,358,208,327" oya="0" hai0="114,108,117,39,71,43,64,124,91,54,92,88,78" hai1="97,129,128,42,116,3,68,130,8,135,53,5,94" hai2="133,86,96,66,105,47,72,119,106,31,16,69,121" hai3="77,34,90,19,20,29,125,36,56,134,70,99,65"/><T27/><D117/><U112/><E68/><V80/><F72/><W49/><G36/><T73/><D114/><U44/><E116/><V103/><F119/><W84/><G134/><T24/><D124/><U45/><E135/><V109/><F133/><W104/><G125/><T131/><D131/><U100/><E112/><V101/><F121/><W7/><G77/><T74/><D108/><U35/><E35/><V52/><F109/><W126/><G126/><T107/><D107/><U58/><E42/><V55/><F66/><W46/><G70/><T62/><D54/><U48/><AGARI ba="0,0" hai="3,5,8,44,45,48,53,58,94,97,100,128,129,130" machi="48" ten="30,2000,0" yaku="0,1,19,1" doraHai="28" who="1" fromWho="1" sc="107,-10,358,20,208,-5,327,-5" />
</Scene>
<Scene>
<INIT seed="5,0,0,5,3,88" ten="97,378,203,322" oya="1" hai0="42,121,108,41,102,59,85,1,0,132,118,66,110" hai1="77,89,128,8,107,31,72,101,16,114,126,99,10" hai2="47,22,40,55,39,113,53,75,52,37,65,25,100" hai3="70,3,12,67,131,71,48,104,34,76,7,97,18"/><U79/><E31/><V69/><F75/><W46/><G34/><T35/><D35/><U57/><E114/><V27/><F27/><W36/><G36/><T124/><D118/><U90/><E128/><V68/><F22/><W4/><G131/><T64/><D124/><U123/><E123/><V14/><F14/><W105/><G76/><T115/><D115/><U116/><E116/><V83/><F25/><W44/><G44/><T49/><D121/><U86/><E89/><V109/><F83/><W33/><G33/><T29/><D132/><U45/><E57/><V20/><F20/><W96/><G3/><T129/><D29/><U73/><E79/><V43/><F100/><W78/><G78/><T60/><D129/><U80/><E126/><V106/><F106/><W19/><G46/><T63/><D102/><U15/><E10/><V62/><F109/><W103/><G103/><T111/><D85/><U24/><E24/><V21/><F21/><W74/><G48/><T95/><D95/><N who="1" m="54743" /><E73/><V125/><F113/><W54/><G74/><T11/><D11/><U38/><E45/><N who="2" m="23695" /><F125/><W93/><G105/><T92/><D111/><U5/><E38/><V112/><F112/><W133/><G104/><T56/><D92/><U117/><E117/><V50/><F39/><W26/><G93/><T61/><REACH who="0" step="1"/><D63/><REACH who="0" ten="87,378,203,322" step="2"/><U134/><E134/><V94/><F94/><W58/><G133/><T84/><D84/><U119/><E119/><V130/><F130/><W13/><G97/><T120/><D120/><U9/><E9/><V135/><F135/><W28/><G96/><T23/><D23/><RYUUKYOKU ba="0,1" sc="87,10,378,10,203,10,322,-30" hai0="0,1,41,42,49,56,59,60,61,64,66,108,110" hai1="5,8,15,16,72,77,80,99,101,107" hai2="43,47,50,52,53,55,62,65,68,69" />
</Scene>
<Scene>
<INIT seed="5,1,1,3,0,102" ten="97,388,213,292" oya="1" hai0="63,33,124,97,71,95,23,14,104,22,30,116,106" hai1="91,1,78,86,42,44,93,20,114,19,98,57,54" hai2="76,31,41,115,16,2,45,88,32,12,65,94,28" hai3="74,8,133,17,15,6,82,26,34,84,105,67,121"/><U101/><E1/><V77/><F2/><W47/><G121/><T103/><D116/><U25/><E78/><V9/><F65/><W13/><G133/><T56/><D124/><U18/><E114/><V51/><F115/><W110/><G74/><T118/><D118/><U52/><E19/><V125/><F125/><W60/><G110/><T53/><D71/><U128/><E57/><V38/><F38/><W112/><G112/><T66/><D53/><U64/><E64/><V130/><F130/><W109/><G109/><T68/><D68/><U83/><REACH who="1" step="1"/><E128/><REACH who="1" ten="97,378,213,292" step="2"/><V135/><F135/><W89/><G17/><T119/><D119/><U111/><E111/><V126/><F126/><W35/><G67/><T108/><D108/><U39/><AGARI ba="1,2" hai="18,20,25,39,42,44,52,54,83,86,91,93,98,101" machi="39" ten="20,12000,1" yaku="1,1,0,1,7,1,54,1,53,1" doraHai="102" doraHaiUra="92" who="1" fromWho="1" sc="97,-41,378,143,213,-41,292,-41" />
</Scene>
<Scene>
<INIT seed="5,2,0,1,1,11" ten="56,521,172,251" oya="1" hai0="86,3,133,52,20,23,66,115,41,105,25,82,131" hai1="126,33,12,62,122,88,35,70,108,21,104,8,4" hai2="110,93,113,18,47,73,72,79,77,80,124,38,34" hai3="48,71,96,59,91,37,65,132,22,134,61,56,103"/><U6/><E104/><V99/><F34/><W109/><G109/><T135/><D3/><U92/><E122/><V17/><F110/><W36/><G91/><T111/><D111/><U14/><E126/><V29/><F29/><W76/><G76/><T10/><D105/><U68/><E108/><V125/><F38/><N who="3" m="14955" /><G22/><T90/><D66/><U27/><E62/><V45/><F113/><W123/><G123/><T97/><D41/><U67/><E67/><V94/><F99/><W42/><G103/><T53/><D115/><U39/><E39/><V55/><F55/><W13/><G13/><T121/><D121/><U129/><E129/><V26/><F80/><W54/><G96/><T84/><D97/><U83/><E83/><V118/><REACH who="2" step="1"/><F26/><REACH who="2" ten="56,521,162,251" step="2"/><W0/><G42/><T2/><D25/><U58/><E35/><V75/><F75/><W69/><G0/><T127/><D127/><U31/><E33/><V7/><F7/><W100/><G100/><T44/><D86/><U116/><E6/><V5/><F5/><W64/><G64/><T50/><D53/><U87/><E4/><V51/><F51/><W63/><G48/><T130/><D2/><U112/><E112/><V117/><AGARI ba="2,1" hai="17,18,45,47,72,73,77,79,93,94,117,118,124,125" machi="117" ten="25,6400,0" yaku="1,1,0,1,22,2,53,0" doraHai="11" doraHaiUra="16" who="2" fromWho="2" sc="56,-18,521,-34,162,80,251,-18" />
</Scene>
<Scene>
<INIT seed="6,0,0,1,2,132" ten="38,487,242,233" oya="2" hai0="77,14,102,90,1,100,126,127,107,95,115,130,113" hai1="53,32,6,81,71,68,16,7,62,111,57,124,40" hai2="60,39,61,44,110,66,92,5,80,123,93,122,18" hai3="64,78,114,55,35,103,52,42,91,117,74,11,37"/><V134/><F5/><W34/><G117/><T24/><D1/><U82/><E32/><V99/><F134/><W75/><G103/><N who="0" m="39467" /><D24/><U51/><E40/><V58/><F110/><W26/><G64/><T86/><D14/><U30/><E30/><V3/><F3/><W128/><G42/><T118/><D118/><U19/><E51/><V28/><F28/><W15/><G37/><T133/><D133/><U54/><E57/><V13/><F93/><W129/><G26/><T96/><D130/><N who="3" m="50281" /><G114/><N who="0" m="43531" /><D107/><U131/><E131/><V83/><F44/><W4/><G34/><T88/><D77/><U23/><E23/><V41/><F41/><W105/><G78/><T94/><AGARI ba="0,0" hai="86,88,90,94,95,96,126,127" m="43531,39467" machi="94" ten="40,12000,2" yaku="15,1,34,2,52,2,54,1" doraHai="132" who="0" fromWho="0" sc="38,120,487,-30,242,-60,233,-30" />
</Scene>
<Scene>
<INIT seed="7,0,0,2,0,17" ten="158,457,182,203" oya="3" hai0="43,115,4,33,40,127,120,15,63,111,46,84,25" hai1="74,6,68,48,9,130,21,37,1,78,117,105,13" hai2="81,99,53,19,8,93,90,5,49,124,76,110,71" hai3="50,38,69,92,132,11,10,32,94,12,133,113,134"/><W83/><G38/><T51/><D120/><U75/><E105/><V16/><F71/><W14/><G69/><T118/><D111/><U60/><E68/><V103/><F110/><W47/><G32/><T97/><D118/><U26/><E60/><V126/><F126/><W72/><G113/><T100/><D127/><U41/><E48/><V34/><F34/><W0/><G0/><T98/><D115/><U123/><E75/><V3/><F90/><W131/><G131/><T114/><D114/><U88/><E88/><V86/><F124/><W64/><G64/><T66/><D43/><U77/><E77/><V36/><F36/><W24/><G24/><T106/><D97/><U61/><E13/><N who="3" m="5226" /><G83/><T22/><D33/><U45/><E130/><V42/><F42/><N who="3" m="24951" /><G72/><T104/><D104/><U107/><E107/><V44/><AGARI ba="0,0" hai="3,5,8,16,19,44,49,53,76,81,86,93,99,103" machi="44" ten="20,2700,0" yaku="0,1,7,1,54,1" doraHai="17" who="2" fromWho="2" sc="158,-7,457,-7,182,27,203,-13" owari="151,-35.0,450,55.0,209,1.0,190,-21.0" />
</Scene>
</mjloggm>