<mjloggm ver="2.3"><GO type="169"/><UN n0="%E3%82%86%E3%81%8D%E3%81%93%E3%81%AB%E3%82%83%E3%82%93" n1="%41%53%41%50%49%4E" n2="%E3%83%9E%E3%83%84%E3%82%B6%E3%82%AD" n3="%E3%81%A1%E3%81%8F%E3%81%8D" dan="16,19,16,18" rate="2046,2271,2050,2178" sx="F,M,M,M"/><TAIKYOKU oya="0"/>

<Scene>
<INIT seed="0,0,0,2,1,4" ten="250,250,250,250" oya="0" hai0="88,134,55,45,74,96,57,24,93,2,54,80,115" hai1="14,135,98,44,133,111,105,79,25,128,82,94,61" hai2="124,60,27,20,68,9,100,113,85,127,23,107,110" hai3="21,120,56,81,5,16,11,87,12,106,49,40,72"/><T92/><D115/><U22/><E111/><V90/><F110/><W71/><G71/><T19/><D2/><U95/><E128/><V58/><F68/><W26/><G106/><T62/><D134/><N who="1" m="51211" /><E61/><V41/><F41/><W89/><G72/><T10/><D74/><N who="1" m="43383" /><E14/><V101/><F113/><W119/><G120/><T59/><D45/><U129/><E129/><V43/><F43/><W64/><G119/><T1/><D24/><U29/><E44/><V69/><F69/><W126/><G126/><T48/><D96/><U117/><E117/><V102/><F107/><W116/><G116/><T31/><D31/><U65/><E65/><V30/><F124/><W8/><G64/><T97/><D97/><U118/><E118/><V130/><F130/><W132/><G132/><T131/><D131/><U75/><E75/><V83/><F127/><W13/><G40/><T37/><D1/><U7/><E7/><V109/><F109/><W104/><G104/><T42/><D42/><U0/><E0/><V51/><F51/><W6/><G49/><T32/><D32/><U66/><E66/><N who="2" m="39191" /><F23/><W70/><G70/><T53/><D37/><U73/><E73/><V112/><F112/><W3/><G3/><T123/><D123/><U122/><E122/><V125/><F125/><W52/><G56/><T84/><D54/><AGARI ba="0,0" hai="5,6,8,11,12,13,16,21,26,52,54,81,87,89" machi="54" ten="40,12000,2" yaku="9,1,8,1,52,2,54,2" doraHai="4" who="3" fromWho="0" sc="250,-120,250,0,250,0,250,120" />
</Scene>
<Scene>
<INIT seed="1,0,0,5,2,10" ten="130,250,250,370" oya="1" hai0="128,89,29,35,106,3,24,84,73,63,50,120,16" hai1="5,34,95,36,65,68,132,23,31,30,54,64,41" hai2="115,14,38,21,70,42,17,39,109,124,1,37,134" hai3="105,98,112,47,9,56,8,81,45,121,79,125,103"/><U92/><E34/><V59/><F70/><W78/><G112/><T4/><D73/><U26/><E132/><V114/><F1/><W32/><G121/><T44/><D106/><U27/><E5/><V135/><F109/><W83/><G32/><T55/><D120/><U108/><E108/><V48/><F124/><W76/><G125/><T13/><D128/><U130/><E68/><V94/><F94/><W7/><G56/><T15/><D63/><U85/><E85/><V22/><F22/><W99/><G99/><T67/><D67/><U129/><E23/><V40/><F40/><W80/><REACH who="3" step="1"/><G9/><REACH who="3" ten="130,250,250,360" step="2"/><T96/><D96/><U2/><E130/><V28/><F59/><W33/><G33/><T77/><D35/><U46/><E129/><V127/><F127/><W25/><G25/><T113/><D113/><N who="2" m="43018" /><F28/><W119/><G119/><T72/><D29/><U91/><E30/><V75/><F75/><W110/><G110/><T49/><D72/><U62/><E31/><V102/><F102/><W66/><G66/><T18/><D24/><U12/><E65/><V131/><F131/><W122/><G122/><T69/><D69/><U88/><E27/><V107/><F107/><W97/><G97/><T90/><D84/><U118/><E26/><V100/><F100/><W133/><G133/><T52/><D77/><U123/><E64/><V126/><F126/><W53/><G53/><T86/><D86/><U101/><E54/><V57/><F57/><W116/><G116/><T43/><D43/><U19/><E101/><V11/><F11/><W58/><G58/><T87/><D87/><RYUUKYOKU ba="0,1" sc="130,-15,250,-15,250,15,360,15" hai2="14,17,21,37,38,39,42,48,134,135" hai3="7,8,45,47,76,78,79,80,81,83,98,103,105" />
</Scene>
<Scene>
<INIT seed="2,1,1,0,1,130" ten="115,235,265,375" oya="2" hai0="75,85,29,13,28,133,95,86,68,89,17,23,20" hai1="94,77,97,118,84,8,31,114,81,3,32,74,9" hai2="26,48,21,135,53,109,27,82,59,120,57,78,24" hai3="16,127,47,63,106,101,132,98,128,19,30,99,62"/><V22/><F120/><W10/><G30/><T65/><D75/><U35/><E114/><V0/><F0/><W102/><G128/><T58/><D68/><U83/><E118/><V108/><F59/><W119/><G119/><T60/><D133/><U124/><E124/><V96/><F96/><W44/><G127/><T70/><D70/><U37/><E37/><V73/><REACH who="2" step="1"/><F135/><REACH who="2" ten="115,235,255,375" step="2"/><W50/><G132/><T100/><D58/><U76/><E3/><V18/><F18/><W115/><G19/><T131/><D17/><U64/><E97/><V110/><AGARI ba="1,2" hai="21,22,24,26,27,48,53,57,73,78,82,108,109,110" machi="110" ten="40,12000,1" yaku="1,1,0,1,14,1,10,1,53,0" doraHai="130" doraHaiUra="125" who="2" fromWho="2" sc="115,-41,235,-41,255,143,375,-41" />
</Scene>
<Scene>
<INIT seed="2,2,0,2,5,125" ten="74,194,398,334" oya="2" hai0="130,104,112,66,38,84,113,71,83,45,127,73,43" hai1="53,100,75,40,91,135,108,20,34,14,24,13,133" hai2="110,101,35,36,92,93,52,21,25,97,65,6,81" hai3="3,116,17,128,47,1,59,79,42,44,26,103,123"/><V63/><F36/><W131/><G123/><T74/><D127/><U107/><E75/><V51/><F35/><W77/><G116/><T69/><D84/><U50/><E34/><V90/><F6/><W39/><G103/><T7/><D104/><U4/><E40/><V119/><F119/><W18/><G59/><T76/><D73/><U29/><E108/><V118/><F118/><W19/><G26/><T55/><D7/><U117/><E117/><V15/><F15/><W46/><G42/><T16/><D55/><U0/><E0/><N who="3" m="74" /><G39/><T30/><D30/><U121/><E121/><V109/><F81/><W5/><G5/><T115/><D16/><U64/><E64/><V22/><F63/><W124/><G124/><T129/><D66/><U98/><E91/><V78/><F78/><AGARI ba="2,0" hai="17,18,19,44,46,47,77,78,79,128,131" m="74" machi="78" ten="40,8000,1" yaku="28,2,52,2" doraHai="125" who="3" fromWho="2" sc="74,0,194,0,398,-86,334,86" />
</Scene>
<Scene>
<INIT seed="3,0,0,0,5,124" ten="74,194,312,420" oya="3" hai0="87,62,66,76,50,71,22,9,118,78,21,77,103" hai1="121,2,98,127,46,54,41,42,100,82,125,106,23" hai2="95,69,104,91,36,57,3,61,134,51,30,49,107" hai3="108,4,24,80,10,17,18,135,112,105,94,11,75"/><W120/><G105/><T99/><D118/><U27/><E121/><V65/><F3/><W14/><G120/><T34/><D34/><U31/><E2/><V0/><F0/><N who="3" m="263" /><G94/><T16/><D9/><U123/><E123/><V122/><F36/><W13/><G80/><T74/><D22/><U70/><E70/><V131/><F122/><W53/><G53/><T64/><D64/><U37/><E42/><V39/><F39/><W60/><G60/><T128/><D50/><U43/><E43/><V97/><F134/><W59/><G59/><T15/><D87/><U92/><E54/><V101/><F30/><W133/><G75/><T20/><D20/><U5/><E5/><V40/><F107/><W19/><G112/><T85/><D85/><U28/><E28/><V26/><F26/><W67/><G67/><T6/><D6/><U35/><E82/><V63/><F40/><W89/><G89/><T117/><D117/><U68/><E68/><V129/><F61/><W81/><G81/><T12/><D12/><N who="3" m="4713" /><G11/><T111/><D74/><U102/><E102/><V114/><F114/><W84/><G84/><T44/><D44/><U33/><E106/><V93/><F104/><W90/><G90/><T83/><D83/><U72/><E72/><V38/><F38/><W130/><G24/><T55/><D55/><U115/><E115/><V8/><F8/><W126/><G126/><AGARI ba="0,0" hai="23,27,31,33,35,37,41,46,92,98,100,125,126,127" machi="126" ten="40,1300,0" yaku="18,1" doraHai="124" who="1" fromWho="3" sc="74,0,194,13,312,0,420,-13" />
</Scene>
<Scene>
<INIT seed="4,0,0,3,4,117" ten="74,207,312,407" oya="0" hai0="16,59,98,30,71,24,108,39,133,88,7,119,102" hai1="2,132,72,4,13,116,40,87,103,113,10,106,37" hai2="69,94,74,120,127,14,1,96,82,99,78,21,26" hai3="18,51,12,93,121,20,49,115,28,65,124,125,61"/><T112/><D119/><U48/><E116/><V54/><F1/><W50/><G115/><T86/><D71/><U91/><E72/><V131/><F69/><W66/><G121/><T8/><D39/><U0/><E113/><V107/><F14/><W85/><G28/><T73/><D73/><U67/><E37/><V17/><F127/><N who="3" m="48715" /><G61/><T47/><D112/><U11/><E132/><V101/><F131/><W105/><G105/><T41/><D133/><U104/><E67/><N who="3" m="25610" /><G85/><T130/><D130/><U109/><E109/><V32/><F32/><W68/><G68/><T79/><D79/><U38/><E103/><V29/><F54/><W83/><G93/><T123/><D108/><U62/><E38/><V56/><F56/><W57/><G83/><T75/><D59/><AGARI ba="0,0" hai="12,18,20,49,50,51,57,59" m="25610,48715" machi="59" ten="40,1300,0" yaku="18,1" doraHai="117" who="3" fromWho="0" sc="74,-13,207,0,312,0,407,13" />
</Scene>
<Scene>
<INIT seed="5,0,0,2,4,54" ten="61,207,312,420" oya="1" hai0="34,22,66,2,121,94,32,104,71,105,67,128,69" hai1="119,70,60,65,29,110,135,116,88,125,4,91,93" hai2="64,18,82,19,24,53,101,103,126,57,58,73,102" hai3="43,7,113,107,17,55,36,39,12,30,38,16,75"/><U61/><E135/><V72/><F126/><W96/><G75/><T21/><D128/><U45/><E125/><V115/><F64/><W118/><G30/><T74/><D121/><U79/><E110/><V37/><F37/><W131/><G43/><T86/><D74/><U35/><E79/><V123/><F123/><W49/><G131/><T28/><D28/><U52/><E4/><V63/><F115/><W95/><G107/><T10/><D86/><U5/><E5/><V78/><F72/><W3/><G3/><T40/><D40/><U129/><E129/><V111/><F111/><W50/><G50/><T127/><D127/><U100/><E100/><V80/><F80/><W87/><G87/><T130/><D130/><U77/><E77/><V27/><REACH who="2" step="1"/><F58/><REACH who="2" ten="61,207,302,420" step="2"/><W9/><G113/><T25/><D67/><U109/><E109/><V33/><F33/><W112/><G112/><T89/><D66/><U14/><E35/><V15/><F15/><W134/><G38/><T117/><D34/><U85/><E14/><V133/><F133/><W56/><G39/><T90/><D32/><U83/><E83/><V92/><F92/><W47/><G134/><T99/><D94/><U31/><E93/><V6/><F6/><W120/><G120/><T132/><D132/><U98/><E65/><V76/><F76/><W44/><G36/><T108/><D108/><U106/><E106/><V0/><F0/><W122/><G122/><T97/><D2/><U11/><E116/><V59/><F59/><W26/><G118/><T46/><D117/><U81/><E119/><V8/><F8/><RYUUKYOKU ba="0,1" sc="61,-10,207,-10,302,30,420,-10" hai2="18,19,24,27,53,57,63,73,78,82,101,102,103" />
</Scene>
<Scene>
<INIT seed="6,1,1,5,4,90" ten="51,197,332,410" oya="2" hai0="45,133,106,119,76,120,60,68,17,79,19,81,97" hai1="112,22,11,66,18,9,56,75,39,89,121,53,92" hai2="105,80,95,12,24,67,111,91,21,85,54,25,29" hai3="2,82,26,7,47,55,128,43,100,28,77,52,94"/><V65/><F111/><W37/><G128/><T125/><D120/><U131/><E75/><V41/><F105/><W61/><G61/><T1/><D133/><U46/><E131/><V16/><F25/><W20/><G100/><T123/><D123/><U14/><E121/><V34/><F41/><W135/><G94/><T40/><D125/><U38/><E112/><V48/><F80/><W99/><G99/><T31/><D79/><U33/><E33/><V130/><F130/><W10/><G135/><T44/><D45/><AGARI ba="1,1" hai="12,16,21,24,29,34,45,48,54,65,67,85,91,95" machi="45" ten="30,5800,0" yaku="7,1,52,1,54,1" doraHai="90" who="2" fromWho="0" sc="51,-61,197,0,332,71,410,0" owari="-10,-51.0,197,-20.0,403,20.0,410,51.0" />
</Scene>
</mjloggm>