<mjloggm ver="2.3"><GO type="169"/><UN n0="%E3%82%A2%E3%83%8B%E3%82%AA%E3%83%B3" n1="%41%53%41%50%49%4E" n2="%67%6F%6F%64%62%79%65" n3="%E3%83%88%E3%83%9E%E3%82%BD%E3%83%B3" dan="16,19,17,16" rate="2094,2262,2155,2074" sx="F,M,F,M"/><TAIKYOKU oya="0"/>

<Scene>
<INIT seed="0,0,0,4,4,131" ten="250,250,250,250" oya="0" hai0="49,85,47,80,22,38,12,50,31,24,60,51,1" hai1="121,134,9,123,102,41,97,86,26,78,69,74,118" hai2="110,103,96,23,91,101,116,25,2,14,10,135,89" hai3="39,29,113,92,58,109,93,129,66,28,68,5,62"/><T43/><D1/><U11/><E69/><V84/><F116/><W125/><G113/><T53/><D12/><U64/><E74/><V87/><F2/><W56/><G129/><T81/><D81/><U83/><E64/><V111/><F10/><W45/><G5/><T67/><D38/><U104/><E118/><V98/><F14/><W21/><G68/><T48/><D43/><U88/><E41/><V16/><F25/><W94/><G125/><T99/><D99/><U114/><E114/><V117/><F117/><W105/><G105/><T75/><D75/><U0/><E134/><V63/><F63/><W8/><G8/><T4/><D4/><U27/><E11/><V108/><F135/><W7/><G7/><T37/><D37/><U15/><E0/><V73/><F23/><W79/><G79/><T128/><D128/><U65/><E65/><V33/><F33/><W44/><G39/><T70/><REACH who="0" step="1"/><D50/><REACH who="0" ten="240,250,250,250" step="2"/><U19/><E121/><V130/><F130/><W72/><G72/><T18/><D18/><U55/><E123/><V46/><F16/><W34/><G29/><T52/><D52/><U40/><E40/><V115/><F73/><W36/><G36/><T20/><D20/><U6/><E6/><V107/><F115/><W59/><G21/><T112/><D112/><U32/><E32/><V35/><F35/><W119/><G34/><T120/><D120/><U95/><E55/><V13/><F13/><W76/><G28/><T122/><D122/><U77/><E83/><V132/><F110/><W126/><G109/><T30/><D30/><U90/><E19/><RYUUKYOKU ba="0,1" sc="240,30,250,-10,250,-10,250,-10" hai0="22,24,31,47,48,49,51,53,60,67,70,80,85" />
</Scene>
<Scene>
<INIT seed="0,1,1,1,3,96" ten="270,240,240,240" oya="0" hai0="88,79,20,89,29,64,112,124,70,37,39,60,17" hai1="105,49,48,43,25,59,5,10,94,86,90,54,69" hai2="104,115,73,50,130,53,99,46,101,123,22,111,63" hai3="26,98,4,67,77,32,61,68,13,21,38,107,55"/><T31/><D112/><U83/><E69/><V57/><F115/><W132/><G77/><T126/><D79/><U71/><E71/><V30/><F123/><W65/><G38/><T34/><D34/><U19/><E105/><V41/><F73/><W7/><G67/><T9/><D9/><U116/><E116/><V23/><F111/><W0/><G55/><T44/><D29/><U92/><E43/><V127/><F127/><N who="0" m="48682" /><D31/><U35/><E48/><V24/><F130/><W108/><G108/><T75/><D75/><U36/><E36/><N who="0" m="13897" /><D44/><U11/><E35/><AGARI ba="1,1" hai="22,23,24,30,35,41,46,50,53,57,63,99,101,104" machi="35" ten="30,2000,0" yaku="7,1,52,1" doraHai="96" who="2" fromWho="1" sc="270,0,240,-23,240,33,240,0" />
</Scene>
<Scene>
<INIT seed="1,0,0,1,5,53" ten="270,217,273,240" oya="1" hai0="86,67,61,113,109,8,48,24,114,23,27,31,1" hai1="94,13,91,89,82,55,58,9,36,93,0,14,99" hai2="92,117,37,116,62,102,131,71,64,127,18,20,78" hai3="84,43,125,41,59,75,95,120,66,5,30,115,90"/><U47/><E82/><V85/><F37/><W104/><G104/><T74/><D74/><U97/><E0/><V56/><F131/><W2/><G75/><T107/><D107/><U135/><E135/><V15/><F127/><W68/><G125/><T119/><D119/><U106/><E106/><V130/><F130/><W35/><G68/><T4/><D109/><U73/><E73/><V34/><F34/><W26/><G120/><T80/><D48/><U105/><E105/><V88/><F102/><W63/><REACH who="3" step="1"/><G115/><REACH who="3" ten="270,217,273,230" step="2"/><T33/><D113/><U32/><E32/><V123/><F123/><W45/><G45/><T132/><D114/><U111/><E111/><V118/><REACH who="2" step="1"/><F78/><REACH who="2" ten="270,217,263,230" step="2"/><W28/><G28/><T19/><D31/><U133/><E133/><V46/><F46/><W54/><G54/><T112/><D33/><U134/><E134/><V101/><F101/><W50/><G50/><T103/><D112/><U38/><E47/><V79/><F79/><W3/><G3/><T40/><D1/><U83/><E38/><V39/><F39/><W129/><G129/><T49/><D103/><U121/><E36/><V57/><AGARI ba="0,2" hai="15,18,20,56,57,62,64,71,85,88,92,116,117,118" machi="57" ten="40,12000,2" yaku="1,1,0,1,52,2,54,1,53,1" doraHai="53" doraHaiUra="17" who="2" fromWho="2" sc="270,-30,217,-60,263,140,230,-30" />
</Scene>
<Scene>
<INIT seed="2,0,0,4,5,98" ten="240,157,403,200" oya="2" hai0="17,61,108,51,2,103,12,104,112,127,38,15,58" hai1="94,117,56,54,26,105,35,97,63,81,100,43,116" hai2="6,69,0,47,75,96,123,133,71,99,30,120,19" hai3="70,11,29,9,65,18,64,44,124,49,134,21,86"/><V53/><F75/><W59/><G70/><T68/><D38/><U130/><E130/><V114/><F30/><W25/><G134/><T85/><D112/><U84/><E43/><V66/><F114/><W3/><G124/><T118/><D118/><U5/><E5/><V126/><F133/><W31/><G3/><T91/><D2/><U37/><E37/><V119/><F119/><W33/><G29/><T80/><D108/><U34/><E26/><V87/><F126/><W16/><G18/><T10/><D127/><U22/><E22/><V36/><F6/><W72/><G72/><T60/><D68/><U41/><E41/><V111/><F0/><W90/><G33/><T62/><D51/><U106/><E116/><V125/><F125/><W132/><G132/><T55/><D104/><U39/><E39/><V113/><F111/><W89/><G89/><T83/><D83/><U46/><E46/><V28/><F47/><W4/><G4/><T77/><D77/><U115/><E115/><V23/><F36/><W79/><G79/><T129/><D129/><U20/><E20/><V93/><F23/><W82/><G59/><T67/><D15/><U110/><E110/><V88/><F71/><W14/><G9/><T32/><D32/><N who="1" m="12331" /><E117/><V74/><F69/><W27/><G25/><T13/><D12/><U24/><E24/><V52/><F113/><W135/><G135/><T48/><D67/><U42/><E42/><AGARI ba="0,0" hai="11,14,16,21,27,31,42,44,49,64,65,82,86,90" machi="42" ten="30,3900,0" yaku="7,1,8,1,54,1" doraHai="98" who="3" fromWho="1" sc="240,0,157,-39,403,0,200,39" />
</Scene>
<Scene>
<INIT seed="3,0,0,1,4,46" ten="240,118,403,239" oya="3" hai0="66,0,67,44,90,130,27,54,32,117,80,13,109" hai1="96,92,7,56,134,35,23,4,76,131,87,70,47" hai2="48,34,50,19,62,85,5,81,95,91,26,112,63" hai3="111,52,31,43,72,135,94,107,100,37,108,97,121"/><W128/><G121/><T129/><D117/><U74/><E35/><V69/><F112/><W8/><G31/><T28/><D0/><U113/><E70/><V123/><F123/><W3/><G72/><T14/><D109/><N who="3" m="42057" /><G135/><T133/><D133/><U83/><E134/><V39/><F39/><W59/><G128/><N who="0" m="49259" /><D13/><U21/><E131/><V132/><F34/><W101/><G43/><T122/><D14/><U73/><E113/><V6/><F132/><W22/><G37/><T15/><D15/><U124/><E74/><V104/><F104/><W10/><G22/><T51/><D122/><U40/><E73/><V79/><F69/><W38/><G38/><T25/><D25/><U41/><E23/><N who="2" m="13695" /><F5/><W105/><G100/><T98/><D80/><U65/><E4/><V75/><F6/><N who="3" m="1119" /><G10/><T18/><D18/><U77/><E7/><V49/><F75/><W2/><G2/><T64/><D64/><U86/><E65/><V106/><F106/><W114/><G114/><T68/><D68/><U103/><E21/><V125/><F79/><W30/><G30/><T99/><D66/><U88/><E76/><V127/><F81/><W120/><G120/><T9/><D9/><U115/><E83/><V58/><F58/><W57/><G57/><T110/><D67/><U42/><E77/><V53/><F53/><W20/><G20/><T29/><D28/><U17/><E56/><V61/><F127/><W36/><G36/><T89/><D110/><U33/><E124/><V45/><F125/><W126/><G126/><T11/><D11/><U119/><E115/><V78/><F78/><RYUUKYOKU ba="0,0" sc="240,10,118,-30,403,10,239,10" hai0="27,29,32,44,51,54,89,90,98,99" hai2="45,48,49,50,61,62,63,85,91,95" hai3="52,59,94,97,101,105,107" />
</Scene>
<Scene>
<INIT seed="3,1,0,5,0,56" ten="250,88,413,249" oya="3" hai0="117,126,52,65,105,107,32,91,8,25,134,112,80" hai1="118,82,100,130,62,38,34,20,93,89,73,41,85" hai2="114,67,0,71,10,53,99,94,115,106,127,31,70" hai3="2,29,54,63,42,88,79,35,75,13,36,59,39"/><W7/><G29/><T123/><D117/><U17/><E118/><V66/><F106/><W61/><G35/><T43/><D123/><U16/><E34/><V47/><F31/><W33/><G33/><T76/><D112/><U102/><E130/><V78/><F78/><W28/><G28/><T15/><D43/><U97/><E73/><V122/><F122/><W104/><G104/><T111/><D65/><U9/><E41/><V1/><F47/><N who="3" m="24031" /><G13/><T64/><D111/><U132/><E132/><V40/><F40/><W119/><G36/><T49/><D134/><U3/><E38/><V103/><F10/><N who="3" m="2423" /><G119/><T50/><D91/><U129/><E129/><V124/><F53/><W18/><G18/><T135/><D135/><U101/><E3/><V21/><F21/><W27/><G27/><T109/><D109/><U19/><E9/><V87/><F0/><W110/><G110/><T95/><D95/><U5/><E5/><V23/><F1/><W81/><G88/><T72/><D25/><U51/><E51/><AGARI ba="1,0" hai="51,54,59,61,63,75,79,81" m="2423,24031" machi="51" ten="30,5800,0" yaku="25,1,52,2" doraHai="56" who="3" fromWho="1" sc="250,0,88,-61,413,0,249,61" />
</Scene>
<Scene>
<INIT seed="3,2,0,2,2,79" ten="250,27,413,310" oya="3" hai0="10,124,24,2,129,41,74,72,44,1,75,114,40" hai1="51,104,4,39,12,116,47,125,108,49,23,34,13" hai2="135,90,110,25,70,73,16,83,97,119,18,7,58" hai3="102,60,30,103,84,88,5,134,26,98,38,53,115"/><W128/><G38/><T77/><D114/><U64/><E34/><V63/><F70/><W3/><G115/><T35/><D124/><U29/><E104/><V46/><F119/><W92/><G134/><T61/><D61/><U78/><E125/><V100/><F135/><W86/><G128/><T82/><D129/><U93/><E116/><V59/><F110/><W36/><G36/><N who="0" m="21511" /><D41/><U22/><E108/><V31/><F7/><W19/><G3/><N who="0" m="1035" /><D10/><U8/><E39/><V127/><F46/><W52/><G5/><T14/><D14/><U28/><E64/><V56/><F63/><W37/><G37/><T76/><D76/><U33/><E33/><V55/><F55/><N who="3" m="21067" /><G30/><AGARI ba="2,0" hai="24,30,35,72,74,75,77,82" m="1035,21511" machi="30" ten="30,3900,0" yaku="33,2,52,1" doraHai="79" who="0" fromWho="3" sc="250,45,27,0,413,0,310,-45" />
</Scene>
<Scene>
<INIT seed="4,0,0,3,0,28" ten="295,27,413,265" oya="0" hai0="14,31,35,79,43,23,47,85,58,128,5,97,51" hai1="56,121,13,119,92,48,54,24,25,10,114,80,40" hai2="109,112,70,91,124,77,38,76,64,42,111,55,30" hai3="104,9,107,44,126,61,18,116,103,27,69,29,115"/><T106/><D128/><U108/><E108/><V57/><F124/><W100/><G126/><T4/><D58/><U78/><E119/><V26/><F112/><W63/><G116/><T90/><D106/><U125/><E121/><V16/><F64/><W74/><G74/><T83/><D97/><U102/><E125/><V96/><F70/><W12/><G115/><T11/><D4/><U113/><E40/><V67/><F67/><W34/><G44/><T123/><D123/><U132/><E132/><V68/><F68/><W8/><G63/><T98/><D98/><U32/><E92/><V1/><F1/><W110/><G110/><T19/><D90/><U59/><E102/><V95/><F42/><W117/><G103/><T135/><D135/><U87/><E59/><V71/><F38/><W75/><G75/><T93/><D93/><U33/><E113/><V36/><F36/><W86/><G86/><T82/><D82/><U65/><E65/><V99/><F71/><W129/><G107/><T131/><D131/><U46/><E56/><V101/><F101/><W39/><G39/><T81/><D81/><U45/><E45/><V22/><F99/><N who="3" m="61471" /><G129/><T6/><D35/><N who="1" m="13387" /><E114/><V3/><F111/><W20/><G117/><T62/><D62/><U127/><E127/><V52/><F109/><W37/><G37/><T120/><D120/><U15/><E15/><V105/><F96/><W7/><G61/><T122/><D122/><U50/><E50/><V17/><F95/><W41/><G69/><T89/><D79/><U118/><E118/><V60/><F77/><W133/><G133/><RYUUKYOKU ba="0,0" sc="295,15,27,15,413,-15,265,-15" hai0="5,6,11,14,19,23,31,43,47,51,83,85,89" hai1="10,13,24,25,46,48,54,78,80,87" />
</Scene>
<Scene>
<INIT seed="4,1,0,2,4,94" ten="310,42,398,250" oya="0" hai0="17,87,120,127,19,35,61,84,128,46,101,122,72" hai1="51,42,57,86,30,130,25,29,10,56,58,125,116" hai2="44,12,48,121,114,70,90,113,85,80,111,134,118" hai3="6,66,117,106,28,65,60,20,95,55,88,7,49"/><T119/><D72/><U78/><E116/><V41/><F121/><W16/><G106/><T135/><D119/><U53/><E130/><V8/><F118/><W32/><G32/><T73/><D35/><U110/><E110/><V52/><F70/><W129/><G28/><T126/><D73/><U24/><E125/><N who="0" m="47625" /><D101/><U23/><E42/><V82/><F111/><W108/><G108/><T5/><D5/><N who="3" m="1545" /><G129/><T123/><D128/><U62/><E10/><V4/><F134/><W100/><G100/><T69/><D135/><U115/><E115/><N who="2" m="44043" /><F82/><W39/><G39/><T37/><D46/><U89/><E78/><V71/><F71/><W21/><G21/><T38/><D84/><U22/><REACH who="1" step="1"/><E62/><REACH who="1" ten="310,32,398,250" step="2"/><V103/><F41/><W124/><G60/><T54/><D120/><U102/><E102/><AGARI ba="1,1" hai="4,8,12,44,48,52,80,85,90,102,103" m="44043" machi="102" ten="30,2000,0" yaku="15,1,54,1" doraHai="94" who="2" fromWho="1" sc="310,0,32,-23,398,33,250,0" />
</Scene>
<Scene>
<INIT seed="5,0,0,1,3,106" ten="310,9,431,250" oya="1" hai0="23,67,61,91,103,38,134,84,26,109,118,129,58" hai1="120,0,119,63,117,89,24,50,113,15,73,130,43" hai2="126,88,96,25,10,132,30,87,69,45,46,70,31" hai3="111,116,18,76,62,127,86,47,94,51,11,77,105"/><U49/><E120/><V79/><F132/><W2/><G105/><T83/><D109/><U9/><E0/><V114/><F126/><W27/><G111/><T125/><D134/><U59/><E113/><V29/><F114/><W123/><G127/><T54/><D118/><U121/><E121/><V56/><F70/><W65/><G123/><T48/><D38/><U122/><E122/><V19/><F69/><W1/><G1/><T39/><D125/><U92/><E73/><V90/><F79/><W3/><G3/><T37/><D129/><U36/><E130/><V85/><F56/><N who="3" m="37063" /><G2/><T107/><D107/><U110/><E110/><V35/><F96/><W64/><G64/><T81/><D103/><U21/><E119/><V74/><F74/><W97/><G86/><T115/><D115/><U112/><E117/><V128/><F35/><W72/><G72/><T95/><D39/><U5/><E112/><V16/><F85/><W44/><G44/><N who="0" m="27911" /><D37/><U135/><E135/><V98/><F98/><W28/><G28/><AGARI ba="0,0" hai="23,26,28,58,61,67,81,83,84,91,95" m="27911" machi="28" ten="30,1000,0" yaku="8,1" doraHai="106" who="0" fromWho="3" sc="310,10,9,0,431,0,250,-10" />
</Scene>
<Scene>
<INIT seed="6,0,0,3,4,67" ten="320,9,431,240" oya="2" hai0="99,8,18,1,94,23,120,72,83,88,57,6,129" hai1="52,41,51,3,132,69,7,118,82,133,53,112,92" hai2="119,80,70,125,25,11,38,33,95,60,114,113,21" hai3="32,78,103,28,110,63,44,65,54,62,55,17,85"/><V91/><F38/><W105/><G63/><T4/><D120/><U130/><E92/><V35/><F119/><W90/><G44/><T39/><D39/><U109/><E82/><V79/><F11/><W48/><G48/><T36/><D36/><U121/><E7/><V37/><F37/><W97/><G17/><T84/><D129/><U2/><E41/><V20/><F20/><W135/><G135/><T45/><D72/><U100/><E100/><V127/><F70/><W5/><G5/><T16/><D6/><U73/><E51/><V116/><F60/><W77/><G77/><T87/><D45/><U134/><E73/><N who="2" m="43119" /><F116/><W22/><G22/><T102/><D23/><U106/><E118/><V68/><F68/><N who="3" m="42039" /><G78/><T89/><REACH who="0" step="1"/><D57/><REACH who="0" ten="310,9,431,240" step="2"/><U131/><E69/><V76/><F21/><W117/><G117/><T128/><D128/><N who="1" m="49195" /><E121/><V26/><F35/><W43/><G110/><T108/><D108/><U101/><E109/><V30/><F33/><W107/><G32/><T0/><D0/><N who="1" m="43" /><E112/><V29/><F113/><W12/><G43/><T81/><AGARI ba="0,1" hai="1,4,8,16,18,81,83,84,87,88,89,94,99,102" machi="81" ten="20,12000,2" yaku="1,1,0,1,7,1,9,1,54,2,53,0" doraHai="67" doraHaiUra="75" who="0" fromWho="0" sc="310,130,9,-30,431,-60,240,-30" owari="440,54.0,-21,-52.0,371,17.0,210,-19.0" />
</Scene>
</mjloggm>