<mjloggm ver="2.3"><GO type="169" lobby="0"/><UN n0="%E3%81%82%E3%82%8A%E3%81%8A%E3%81%A8" n1="%E3%81%A4%E3%81%B0%E3%81%8D%E3%81%A1%30%33" n2="%E3%83%88%E3%82%B7%E3%83%95%E3%83%BC%E3%83%8B" n3="%41%53%41%50%49%4E" dan="17,17,16,19" rate="2144.00,2171.63,2052.66,2248.03" sx="M,M,M,M"/><TAIKYOKU oya="0"/>

<Scene>
<INIT seed="0,0,0,4,4,93" ten="250,250,250,250" oya="0" hai0="91,0,108,42,4,33,12,125,27,71,92,102,83" hai1="81,98,119,58,104,105,54,49,44,7,76,117,109" hai2="56,24,43,118,35,78,128,41,47,124,9,10,52" hai3="22,120,55,115,38,14,96,69,88,89,123,30,34"/><T73/><D125/><U79/><E109/><V63/><F124/><W135/><G115/><T11/><D71/><U103/><E105/><V37/><F128/><W20/><G69/><T21/><D108/><U40/><E7/><V2/><F118/><W66/><G38/><T68/><D68/><U131/><E131/><V18/><F43/><W65/><G135/><T29/><D102/><U59/><E59/><V84/><F2/><W80/><G34/><T75/><D42/><U121/><E121/><V90/><F78/><W129/><G129/><T106/><D83/><U110/><E110/><V16/><F35/><W74/><G55/><T39/><D39/><U32/><E32/><V82/><REACH who="2" step="1"/><F18/><REACH who="2" ten="250,250,240,250" step="2"/><N who="3" m="10327" /><G123/><T36/><D36/><U46/><E79/><V62/><F62/><W6/><G120/><T101/><D33/><U64/><E119/><V57/><F57/><W87/><G6/><T134/><D0/><U127/><E127/><V51/><F51/><W132/><G132/><T133/><D134/><U5/><E5/><V60/><F60/><W97/><G74/><T86/><D133/><U70/><E117/><V3/><F3/><W112/><G112/><T85/><D85/><N who="1" m="48295" /><E70/><V8/><F8/><W113/><G113/><T28/><D28/><U17/><E17/><V45/><F45/><N who="1" m="17513" /><E40/><V1/><F1/><W23/><G30/><T25/><D75/><U99/><E64/><V126/><F126/><W31/><G66/><T114/><D114/><U107/><E49/><V95/><F95/><N who="3" m="56423" /><G65/><T116/><D73/><U122/><E122/><V26/><F26/><N who="3" m="16855" /><G23/><AGARI ba="0,1" hai="9,10,16,23,24,37,41,47,52,56,63,82,84,90" machi="23" ten="40,5200,0" yaku="1,1,54,2,53,0" doraHai="93" doraHaiUra="100" who="2" fromWho="3" sc="250,0,250,0,240,62,250,-52" />
</Scene>
<Scene>
<INIT seed="1,0,0,5,3,91" ten="250,250,302,198" oya="1" hai0="67,108,11,81,117,84,38,46,111,14,109,122,116" hai1="32,56,126,12,30,128,52,106,90,23,25,29,47" hai2="48,6,49,34,68,100,99,101,15,33,98,133,107" hai3="66,74,65,88,0,112,82,119,44,5,59,104,120"/><U69/><E69/><V95/><F68/><W130/><G112/><T61/><D122/><U70/><E70/><V42/><F133/><W71/><G120/><T27/><D27/><U39/><E106/><V62/><F62/><W7/><G104/><T31/><D31/><U94/><E128/><V124/><F124/><W9/><G71/><N who="0" m="42479" /><D46/><U72/><E72/><V35/><REACH who="2" step="1"/><F42/><REACH who="2" ten="250,250,292,198" step="2"/><W1/><G130/><T113/><D113/><U26/><E126/><V127/><F127/><W134/><G134/><T114/><D114/><U105/><E105/><V96/><F96/><W10/><G119/><T93/><D117/><U43/><E12/><V85/><F85/><W2/><G2/><T17/><D116/><U22/><E32/><V16/><F16/><W131/><G131/><T64/><D17/><U50/><E39/><V19/><F19/><W37/><G37/><T4/><D38/><U76/><E76/><V115/><F115/><W40/><G0/><T13/><D13/><U129/><E129/><V79/><F79/><W45/><G1/><T87/><D87/><N who="1" m="52575" /><E43/><V41/><F41/><W80/><G40/><T21/><D111/><U24/><E24/><V92/><F92/><W118/><G118/><T53/><D109/><U73/><E73/><V20/><F20/><W78/><G74/><T57/><D14/><U102/><E102/><V135/><F135/><W75/><G75/><T58/><D21/><U55/><E55/><V132/><F132/><W28/><G78/><T36/><D53/><U123/><E123/><V18/><F18/><W8/><G65/><T89/><D108/><RYUUKYOKU ba="0,1" sc="250,-15,250,15,292,15,198,-15" hai1="22,23,25,26,29,30,47,50,52,56" hai2="6,15,33,34,35,48,49,95,98,99,100,101,107" />
</Scene>
<Scene>
<INIT seed="1,1,1,0,2,2" ten="235,265,307,183" oya="1" hai0="102,78,41,26,59,31,125,54,46,18,97,101,3" hai1="8,25,38,118,115,87,112,22,12,13,5,72,45" hai2="100,48,55,132,76,67,44,98,73,52,53,39,19" hai3="20,29,123,65,116,0,16,64,120,128,108,88,24"/><U86/><E72/><V95/><F132/><W90/><G108/><T43/><D78/><U42/><E118/><V61/><F39/><W77/><G116/><T135/><D135/><U114/><REACH who="1" step="1"/><E13/><REACH who="1" ten="235,255,307,183" step="2"/><V121/><F121/><W111/><G123/><T33/><D3/><U40/><E40/><V133/><F133/><W27/><G0/><T71/><D43/><U124/><E124/><V1/><F1/><W10/><G120/><T47/><D41/><U56/><E56/><V105/><F73/><W129/><G111/><T85/><D59/><U68/><E68/><V4/><F44/><W126/><G126/><T94/><D47/><U35/><E35/><V75/><F75/><W17/><G128/><T91/><D46/><U57/><E57/><V92/><F55/><W34/><G129/><T113/><D71/><U15/><E15/><V82/><F53/><W21/><G34/><T14/><D54/><U36/><E36/><V7/><F52/><W130/><G130/><T51/><D125/><U60/><E60/><V122/><F61/><W32/><G32/><T99/><D51/><U50/><E50/><V117/><F48/><W11/><G77/><T119/><D119/><U69/><E69/><V58/><F117/><W131/><G131/><T70/><D70/><U81/><E81/><V49/><F82/><W30/><AGARI ba="1,2" hai="10,11,16,17,20,21,24,27,29,30,64,65,88,90" machi="30" ten="25,12000,2" yaku="0,1,22,2,8,1,54,2" doraHai="2" who="3" fromWho="3" sc="235,-31,255,-61,307,-31,183,143" />
</Scene>
<Scene>
<INIT seed="2,0,0,4,0,95" ten="204,194,276,326" oya="2" hai0="72,62,107,16,55,65,46,86,6,104,73,102,71" hai1="53,131,45,114,126,38,58,47,42,50,20,80,15" hai2="67,98,116,83,113,4,10,132,3,0,89,49,70" hai3="109,69,52,40,90,112,129,18,119,51,1,92,31"/><V117/><F113/><W75/><G119/><T12/><D6/><U64/><E114/><V7/><F132/><W103/><G112/><T68/><D68/><U17/><E131/><V77/><F49/><W13/><G69/><T41/><D86/><U123/><E123/><V5/><F5/><W35/><G1/><T85/><D85/><U37/><E126/><V94/><F67/><W125/><G75/><T30/><D30/><U110/><E110/><V88/><F89/><W9/><G109/><T56/><D73/><U14/><E64/><V66/><F66/><W101/><G40/><T130/><D72/><U33/><E33/><V74/><F70/><W97/><G129/><T91/><D91/><U2/><E2/><V111/><F111/><W27/><REACH who="3" step="1"/><G125/><REACH who="3" ten="204,194,276,316" step="2"/><T21/><D130/><U26/><E80/><V39/><F39/><W59/><AGARI ba="0,1" hai="9,13,18,27,31,35,51,52,59,90,92,97,101,103" machi="59" ten="20,16000,3" yaku="1,1,2,1,0,1,7,1,52,1,54,1,53,2" doraHai="95" doraHaiUra="99" who="3" fromWho="3" sc="204,-40,194,-40,276,-80,316,170" />
</Scene>
<Scene>
<INIT seed="3,0,0,2,3,64" ten="164,154,196,486" oya="3" hai0="91,82,39,15,16,135,37,6,35,52,58,1,88" hai1="36,19,29,106,40,63,115,47,26,77,50,11,20" hai2="28,3,0,43,27,72,54,51,99,89,109,9,129" hai3="4,53,103,60,79,116,12,21,97,112,67,98,5"/><W108/><G112/><T30/><D135/><U48/><E106/><V130/><F72/><W128/><G116/><T127/><D6/><U110/><E110/><V78/><F78/><W94/><G128/><N who="2" m="49257" /><F43/><W102/><G108/><T32/><D1/><U41/><E115/><V49/><F109/><W120/><G120/><T100/><D100/><U111/><E111/><V76/><F76/><W84/><G53/><T25/><D35/><U95/><E77/><V10/><F51/><W85/><G21/><T121/><D127/><U61/><E36/><V107/><F10/><W17/><G17/><T105/><D105/><U87/><E11/><V7/><F3/><W18/><G18/><T69/><D69/><U126/><E19/><V101/><F89/><W86/><G12/><T31/><D31/><U122/><E126/><V2/><F2/><W59/><REACH who="3" step="1"/><G79/><REACH who="3" ten="164,154,196,476" step="2"/><T114/><D114/><U119/><E119/><V65/><F54/><W68/><G68/><T24/><D121/><U33/><E122/><V42/><F0/><W14/><G14/><T62/><D25/><U23/><E23/><V92/><F27/><W134/><G134/><T74/><D74/><U8/><E20/><V80/><F7/><W133/><G133/><T46/><D15/><U117/><E117/><V34/><F9/><W90/><G90/><N who="0" m="34347" /><D16/><U70/><E70/><V132/><F132/><W44/><G44/><T73/><D46/><N who="1" m="25671" /><E8/><V75/><F75/><W56/><G56/><T55/><D55/><U22/><E22/><V113/><F113/><W125/><G125/><T45/><D45/><U71/><E71/><RYUUKYOKU ba="0,1" sc="164,10,154,10,196,-30,476,10" hai0="24,30,32,37,39,52,58,62,73,82" hai1="26,29,33,41,47,50,61,63,87,95" hai3="4,5,59,60,67,84,85,86,94,97,98,102,103" />
</Scene>
<Scene>
<INIT seed="3,1,1,4,2,59" ten="174,164,166,486" oya="3" hai0="7,36,95,118,91,5,92,112,69,37,93,82,117" hai1="129,99,134,111,81,119,76,79,39,126,96,10,2" hai2="18,100,27,116,128,34,17,30,45,14,42,40,20" hai3="51,131,103,44,73,125,70,94,107,68,38,31,48"/><W4/><G73/><T49/><D69/><U26/><E39/><V114/><F116/><W115/><G115/><T0/><D112/><U109/><E26/><V77/><F114/><W66/><G107/><T90/><D49/><U108/><E10/><V120/><F120/><W47/><G38/><T41/><D82/><U15/><E15/><V6/><F128/><W63/><G131/><T98/><D95/><U78/><E2/><V87/><F100/><W72/><G72/><T64/><D64/><U53/><E53/><V88/><F77/><N who="1" m="29801" /><E129/><V56/><F6/><W65/><G125/><T3/><D98/><N who="1" m="37419" /><E134/><V133/><F133/><W54/><G31/><T46/><D46/><U61/><E61/><V74/><F74/><W135/><G135/><T123/><REACH who="0" step="1"/><D41/><REACH who="0" ten="164,164,166,486" step="2"/><U67/><E67/><N who="3" m="25610" /><G48/><T13/><D13/><U106/><E126/><V97/><F42/><W1/><G51/><T43/><D43/><U132/><E132/><V52/><F40/><W35/><G70/><T84/><D84/><N who="1" m="48191" /><E119/><V22/><F45/><W21/><G68/><T33/><D33/><U105/><AGARI ba="1,2" hai="105,106,108,109,111" m="48191,37419,29801" machi="105" ten="40,5200,0" yaku="14,1,34,2" doraHai="59" who="1" fromWho="1" sc="164,-14,164,75,166,-14,486,-27" />
</Scene>
<Scene>
<INIT seed="4,0,0,0,4,133" ten="150,239,152,459" oya="0" hai0="128,25,119,3,55,22,134,4,39,76,12,97,120" hai1="43,17,30,32,84,64,111,35,6,101,46,2,85" hai2="63,66,33,10,65,113,15,70,0,8,122,103,27" hai3="96,73,91,121,115,13,69,92,117,60,123,118,37"/><T105/><D119/><U68/><E111/><V86/><F122/><N who="3" m="46603" /><G37/><T102/><D120/><U112/><E101/><V19/><F113/><W106/><G73/><T127/><D134/><U88/><E85/><V47/><F66/><N who="3" m="41159" /><G115/><T11/><D128/><U72/><E72/><V28/><F47/><W129/><G129/><T31/><D39/><U51/><E46/><V74/><F74/><W75/><G75/><T48/><D76/><U34/><E112/><V16/><F86/><W49/><G106/><T38/><D38/><U24/><E84/><V108/><F108/><W1/><G1/><T23/><D127/><U41/><E2/><V99/><F0/><W110/><G110/><T7/><D3/><U26/><E35/><V62/><F62/><W50/><G13/><T40/><D40/><U56/><E26/><V67/><F67/><W130/><G130/><T36/><D36/><U135/><E24/><V82/><F82/><W21/><G21/><T9/><D9/><U29/><E34/><V57/><F10/><W125/><G125/><T53/><D23/><U61/><E32/><V42/><F42/><W77/><G77/><T18/><D55/><U98/><E64/><V116/><F116/><AGARI ba="0,0" hai="49,50,91,92,96,116,117,118" m="41159,46603" machi="116" ten="30,1000,0" yaku="13,1" doraHai="133" who="3" fromWho="2" sc="150,0,239,0,152,-10,459,10" />
</Scene>
<Scene>
<INIT seed="5,0,0,3,2,48" ten="150,239,142,469" oya="1" hai0="52,127,78,58,108,93,33,42,95,37,17,99,38" hai1="24,132,10,91,29,117,41,72,62,4,71,43,65" hai2="57,109,74,79,53,32,90,94,133,124,60,134,9" hai3="113,96,20,123,130,98,110,102,19,18,100,51,3"/><U118/><E72/><V26/><F109/><W121/><G110/><T13/><D108/><U40/><E91/><V6/><F124/><W76/><G3/><T35/><D78/><U2/><REACH who="1" step="1"/><E132/><REACH who="1" ten="150,229,142,469" step="2"/><N who="2" m="50795" /><F74/><W56/><G121/><T75/><D75/><U103/><E103/><V31/><F79/><W34/><G100/><T92/><D127/><U106/><E106/><V54/><F90/><W135/><G102/><T45/><D99/><U47/><E47/><V129/><F129/><W87/><G76/><T46/><D45/><U82/><E82/><V66/><F94/><W68/><G123/><T104/><D104/><U15/><E15/><AGARI ba="0,1" hai="6,9,15,26,31,32,53,54,57,60,66" m="50795" machi="15" ten="30,3900,0" yaku="20,1,52,2" doraHai="48" who="2" fromWho="1" sc="150,0,229,-39,142,49,469,0" />
</Scene>
<Scene>
<INIT seed="6,0,0,4,3,15" ten="150,190,191,469" oya="2" hai0="20,78,18,117,116,13,60,1,36,44,130,63,27" hai1="79,84,76,17,101,106,73,122,23,82,52,110,102" hai2="10,2,98,28,16,32,118,34,14,42,77,87,56" hai3="64,50,7,66,124,57,22,100,109,112,58,85,83"/><V127/><F118/><N who="0" m="45674" /><D1/><U69/><E69/><V5/><F127/><W88/><G22/><N who="0" m="11599" /><D78/><U55/><E110/><V80/><F42/><W94/><G57/><T74/><D74/><U129/><E129/><V72/><F72/><W119/><G50/><T135/><D130/><U11/><E106/><V89/><F56/><W132/><G94/><T26/><D26/><N who="1" m="14703" /><E73/><V47/><F47/><W107/><G85/><T123/><D123/><U45/><E11/><V120/><F120/><W65/><G100/><N who="1" m="38506" /><E122/><V61/><F61/><W81/><G65/><T126/><D126/><U95/><E95/><V38/><F38/><W30/><G30/><T35/><D35/><U114/><E114/><V91/><F98/><W121/><G7/><T46/><D135/><U104/><E104/><V105/><F105/><W111/><G64/><T4/><D4/><U24/><E24/><N who="2" m="18439" /><F34/><W33/><G58/><T3/><D3/><U128/><E128/><V53/><F53/><N who="1" m="20553" /><E45/><N who="0" m="17513" /><D36/><U8/><E8/><V0/><F0/><W115/><G66/><T12/><D12/><U19/><E19/><AGARI ba="0,0" hai="19,20,27,60,63" m="17513,11599,45674" machi="19" ten="30,3900,0" yaku="12,1,52,2" doraHai="15" who="0" fromWho="1" sc="150,39,190,-39,191,0,469,0" />
</Scene>
<Scene>
<INIT seed="7,0,0,1,4,130" ten="189,151,191,469" oya="3" hai0="71,122,49,41,127,45,114,21,110,44,0,106,86" hai1="79,39,113,37,83,133,80,36,61,59,91,63,40" hai2="124,23,28,96,98,87,48,20,3,62,60,46,6" hai3="116,95,18,42,85,77,119,81,54,117,31,66,72"/><W74/><G66/><T78/><D110/><U29/><E29/><V135/><F124/><W99/><G42/><T24/><D122/><U19/><E113/><V84/><F135/><W17/><G31/><T120/><D120/><U16/><E40/><N who="2" m="24647" /><F6/><W125/><G125/><T5/><D127/><U107/><E107/><V103/><F3/><W11/><G54/><T12/><D106/><U10/><E133/><V27/><F20/><W115/><G115/><T51/><D114/><U43/><E43/><V8/><F8/><W88/><G11/><T69/><D0/><U22/><E10/><V30/><F30/><W9/><G9/><T13/><D5/><U104/><E104/><V1/><F1/><W53/><G53/><N who="0" m="29863" /><D71/><U34/><E34/><V56/><F60/><W15/><G15/><T89/><D78/><U35/><E35/><V7/><F7/><W131/><G131/><T55/><D41/><U128/><E128/><V47/><F47/><W109/><G109/><T129/><D69/><U64/><E63/><V75/><F75/><W108/><G108/><T102/><D102/><U105/><E105/><V38/><F38/><W100/><G74/><T90/><D129/><U4/><E4/><V32/><F32/><W126/><G126/><T2/><D2/><U111/><E111/><V92/><F98/><W121/><G121/><T118/><D118/><U73/><REACH who="1" step="1"/><E22/><REACH who="1" ten="189,141,191,469" step="2"/><V132/><F132/><W57/><G117/><T52/><D21/><U33/><E33/><V25/><F25/><W76/><G119/><T58/><D24/><U65/><E65/><AGARI ba="0,1" hai="23,27,28,56,62,65,84,87,92,96,103" m="24647" machi="65" ten="30,2000,0" yaku="25,1,8,1" doraHai="130" who="2" fromWho="1" sc="189,0,141,-20,191,30,469,0" owari="189,-21.0,121,-38.0,221,2.0,469,57.0" />
</Scene>
</mjloggm>