<mjloggm ver="2.3"><GO type="169" lobby="0"/><UN n0="%41%53%41%50%49%4E" n1="%E3%81%B3%E3%82%8A%E3%81%B3%E3%82%8A%E2%98%86%E3%83%93%E3%83%AA%E3%83%BC" n2="%E9%80%A2%E9%AD%94%E3%81%8C%E6%99%82" n3="%E3%83%91%E3%83%94%E3%82%A3%E3%82%AA%52" dan="19,17,16,16" rate="2263,2210,2089,2040" sx="M,M,M,M"/><TAIKYOKU oya="0"/>

<Scene>
<INIT seed="0,0,0,5,0,47" ten="250,250,250,250" oya="0" hai0="124,39,94,23,132,26,84,55,115,104,87,46,88" hai1="40,38,126,21,48,74,129,67,90,45,105,33,114" hai2="58,37,66,82,69,123,0,24,95,112,75,83,85" hai3="12,65,61,62,111,50,8,96,28,17,9,18,68"/><T2/><BYE who="3" /><D115/><U120/><E120/><V70/><F123/><W128/><G128/><T15/><D2/><U60/><E33/><V80/><F37/><W121/><G121/><T92/><D104/><U20/><E105/><V32/><F0/><W119/><G119/><T57/><D132/><U16/><E129/><V71/><F75/><W1/><G1/><T125/><D15/><U131/><E131/><V86/><F95/><W4/><G4/><T79/><D46/><U116/><E116/><V97/><F97/><W103/><G103/><T25/><D39/><U91/><E74/><V19/><F112/><W41/><G41/><T93/><D79/><U22/><E114/><V42/><F42/><W63/><G63/><T135/><D135/><U109/><E109/><V27/><F19/><W73/><G73/><T49/><D87/><UN n3="%E3%83%91%E3%83%94%E3%82%A3%E3%82%AA%52" /><U59/><E126/><N who="0" m="48745" /><D25/><U52/><REACH who="1" step="1"/><E16/><AGARI ba="0,0" hai="16,23,26,49,55,57,84,88,92,93,94" m="48745" machi="16" ten="30,11600,0" yaku="18,1,52,1,54,2" doraHai="47" who="0" fromWho="1" sc="250,116,250,-116,250,0,250,0" />
</Scene>
<Scene>
<INIT seed="0,1,0,1,0,6" ten="366,134,250,250" oya="0" hai0="39,71,123,24,28,16,9,60,108,126,5,81,47" hai1="67,36,63,121,92,11,107,110,116,73,43,86,49" hai2="34,90,46,111,62,17,122,48,91,74,15,58,79" hai3="134,85,8,95,32,44,78,27,69,89,133,61,1"/><T66/><D123/><U57/><E121/><V131/><F34/><W114/><G114/><T109/><D126/><U18/><E73/><V101/><F101/><W25/><G78/><T135/><D135/><N who="3" m="51721" /><G32/><T30/><D81/><U2/><E107/><V70/><F70/><W53/><G69/><T55/><D55/><U52/><E116/><V127/><F131/><W68/><G68/><T129/><D129/><U115/><E115/><V84/><F111/><N who="0" m="42570" /><D47/><N who="1" m="25855" /><E110/><V124/><F74/><W19/><G44/><T59/><D39/><U21/><E36/><V23/><F122/><W128/><G128/><T93/><D93/><U130/><E130/><V13/><F127/><W22/><G53/><T82/><D82/><U42/><E42/><V7/><F124/><W94/><G61/><T56/><D56/><U106/><E106/><V20/><F58/><W54/><G54/><T64/><D64/><U51/><E67/><V75/><F62/><W88/><G89/><T65/><D65/><U72/><E63/><V14/><F91/><W103/><G103/><T41/><D41/><U38/><E38/><V35/><F90/><W105/><G105/><T10/><D71/><U26/><E92/><V77/><F75/><W104/><G104/><T118/><D118/><U37/><E72/><V125/><F125/><W50/><G50/><T113/><D113/><U102/><E37/><V100/><F48/><W80/><G27/><T3/><D24/><U87/><E102/><V112/><F100/><W98/><G98/><T119/><D119/><U40/><E40/><V99/><F112/><W33/><G33/><RYUUKYOKU ba="1,0" sc="366,10,134,10,250,-30,250,10" hai0="3,5,9,10,16,28,30,59,60,66" hai1="2,11,18,21,26,51,52,57,86,87" hai3="1,8,19,22,25,80,85,88,94,95" />
</Scene>
<Scene>
<INIT seed="0,2,0,1,5,55" ten="376,144,220,260" oya="0" hai0="33,12,70,25,114,85,90,41,16,135,79,78,29" hai1="113,27,130,50,127,28,47,0,96,98,82,102,108" hai2="48,5,93,66,81,119,123,46,107,21,19,8,100" hai3="83,118,105,74,38,97,31,58,101,75,132,42,126"/><T124/><D114/><U62/><E0/><V43/><F123/><W68/><G68/><T125/><D70/><U111/><E113/><V129/><F119/><W64/><G118/><T61/><D135/><U115/><E115/><V128/><F107/><W72/><G31/><T24/><D24/><U77/><E130/><V32/><F81/><W49/><G38/><T112/><D41/><U45/><E127/><N who="0" m="48713" /><D61/><U134/><E134/><V6/><F32/><W23/><G42/><T14/><D14/><U122/><E122/><V20/><F20/><W67/><G132/><T121/><D121/><U104/><E98/><N who="2" m="59471" /><F66/><W34/><G34/><T103/><D103/><U52/><E62/><V17/><F17/><W54/><G126/><T10/><D112/><U30/><E30/><V35/><F35/><W63/><G63/><T59/><D59/><U9/><E47/><V76/><F76/><W89/><REACH who="3" step="1"/><G23/><REACH who="3" ten="376,144,220,250" step="2"/><T56/><D33/><U1/><E28/><V117/><F117/><W60/><G60/><T88/><D29/><U65/><E65/><V120/><F120/><W22/><G22/><T13/><D10/><U36/><E36/><V91/><F129/><W3/><G3/><T106/><D13/><U99/><E9/><V26/><F128/><W53/><G53/><T15/><D12/><U71/><E1/><V133/><F133/><W80/><G80/><T69/><D15/><U131/><E131/><V57/><F8/><W7/><G7/><T110/><D69/><U51/><E71/><V73/><F6/><W2/><G2/><T40/><D40/><U37/><E37/><RYUUKYOKU ba="2,1" sc="376,-10,144,-10,220,-10,250,30" hai3="49,54,58,64,67,72,74,75,83,89,97,101,105" />
</Scene>
<Scene>
<INIT seed="1,3,1,2,1,116" ten="366,134,210,280" oya="1" hai0="51,63,72,104,75,85,114,67,32,11,129,18,47" hai1="82,110,28,131,123,1,80,73,117,132,96,35,56" hai2="105,42,43,57,25,134,10,5,118,38,128,68,79" hai3="60,88,66,36,61,64,44,69,90,50,4,39,29"/><U12/><E117/><V21/><F105/><W8/><G29/><T102/><D114/><U23/><E1/><V130/><F118/><W71/><G39/><T107/><D32/><U14/><E35/><V86/><F134/><W76/><G76/><T34/><D34/><U62/><E132/><V54/><F68/><W106/><G36/><T59/><D129/><N who="2" m="49770" /><F38/><W26/><G26/><T27/><D104/><U19/><E131/><V65/><F65/><W83/><G83/><T99/><D85/><U122/><E110/><V81/><F21/><W77/><G77/><T113/><D113/><U92/><E73/><V93/><F93/><W94/><G106/><T49/><D49/><U108/><E108/><V133/><F25/><W115/><G94/><T126/><D126/><U109/><E109/><V125/><F125/><W74/><G74/><T24/><D24/><U9/><E82/><V78/><F78/><W31/><G31/><T100/><D100/><N who="1" m="60423" /><E80/><V89/><F79/><W112/><G112/><T6/><D72/><U91/><E91/><V46/><F46/><W121/><G115/><T0/><D75/><U13/><E28/><V124/><F124/><W41/><G121/><N who="1" m="46090" /><E23/><V120/><F120/><W55/><G41/><T127/><D127/><U97/><E97/><V111/><F111/><W20/><G20/><N who="0" m="13719" /><D47/><U52/><E9/><V22/><F133/><W103/><G103/><T33/><D33/><U58/><E56/><V45/><F45/><W87/><G87/><T37/><D37/><U30/><E30/><V7/><F22/><W98/><G98/><T95/><D107/><RYUUKYOKU ba="3,1" sc="366,10,134,10,210,-30,280,10" hai0="0,6,11,51,59,63,67,95,99,102" hai1="12,13,14,19,52,58,62" hai3="4,8,44,50,55,60,61,64,66,69,71,88,90" />
</Scene>
<Scene>
<INIT seed="1,4,1,2,3,57" ten="376,144,180,290" oya="1" hai0="20,62,76,31,37,101,52,132,6,58,14,121,115" hai1="111,100,83,22,92,28,131,46,36,12,102,134,34" hai2="128,127,9,113,135,104,116,89,45,41,95,125,1" hai3="106,38,50,70,117,29,81,25,96,11,64,82,75"/><U40/><E131/><V13/><F116/><W97/><G38/><T87/><D115/><U0/><E0/><V47/><F104/><W73/><G117/><T88/><D37/><U33/><E134/><V42/><F113/><W80/><G11/><N who="0" m="4471" /><D132/><U10/><E111/><V85/><F1/><W77/><G50/><T108/><D108/><U99/><E102/><V48/><F128/><W2/><G2/><T59/><D121/><U103/><E103/><V114/><F114/><W60/><G97/><T61/><D76/><U124/><E124/><V72/><F72/><W27/><G27/><N who="0" m="16871" /><D101/><U30/><E83/><V91/><F91/><W49/><G49/><N who="0" m="30991" /><D59/><U78/><E78/><V67/><F135/><W84/><G75/><T23/><D23/><U109/><E109/><V98/><F125/><W86/><G73/><T15/><D15/><U90/><E100/><V21/><F127/><W110/><G110/><T39/><D39/><U24/><REACH who="1" step="1"/><E30/><REACH who="1" ten="376,134,180,290" step="2"/><V118/><F118/><W79/><G106/><T32/><D32/><U120/><E120/><V17/><F89/><W133/><G133/><T119/><D119/><U94/><E94/><AGARI ba="4,2" hai="61,62,87,88,94" m="30991,16871,4471" machi="94" ten="30,8000,1" yaku="8,1,52,2,54,2" doraHai="57" who="0" fromWho="1" sc="376,112,134,-92,180,0,290,0" />
</Scene>
<Scene>
<INIT seed="2,0,0,4,5,124" ten="488,42,180,290" oya="2" hai0="59,79,64,8,70,107,56,114,20,74,133,89,55" hai1="134,85,18,1,116,44,69,101,119,9,30,83,71" hai2="99,76,96,131,26,32,13,35,105,127,95,61,82" hai3="42,2,112,80,87,60,130,12,106,57,110,125,123"/><V94/><F105/><W53/><G2/><T122/><D114/><U92/><E134/><V19/><F127/><W108/><G123/><T103/><D122/><U34/><E44/><V51/><F35/><W45/><G112/><T78/><D133/><U97/><E30/><V7/><F7/><W104/><G125/><T117/><D74/><U63/><E34/><V50/><F32/><W102/><G102/><T38/><D38/><U81/><E81/><V62/><F26/><W0/><G0/><T31/><D70/><U6/><E18/><V46/><F131/><W115/><G130/><T33/><D33/><U75/><E75/><V15/><F82/><W3/><G3/><T77/><D8/><U29/><E29/><V47/><REACH who="2" step="1"/><F19/><REACH who="2" ten="488,42,170,290" step="2"/><W68/><G115/><T118/><D107/><U24/><E24/><V72/><F72/><W52/><G106/><T73/><D73/><U93/><E83/><V126/><F126/><W40/><G104/><T17/><D17/><U27/><E27/><V65/><F65/><W37/><G80/><T66/><D64/><U129/><E129/><V21/><F21/><W132/><G132/><T67/><D20/><U36/><E6/><V113/><F113/><W48/><G37/><T10/><D67/><U121/><E36/><V14/><F14/><W22/><G12/><T88/><D66/><U43/><E1/><V5/><F5/><W128/><G22/><T100/><D31/><U41/><E121/><V28/><F28/><W49/><G128/><T25/><D25/><U4/><E4/><V39/><F39/><W54/><G68/><RYUUKYOKU ba="0,1" sc="488,-10,42,-10,170,30,290,-10" hai2="13,15,46,47,50,51,61,62,76,94,95,96,99" />
</Scene>
<Scene>
<INIT seed="2,1,1,5,1,11" ten="478,32,200,280" oya="2" hai0="0,71,33,134,86,58,25,61,59,66,40,74,93" hai1="77,55,84,82,29,97,17,53,132,133,22,76,90" hai2="30,16,24,120,34,57,124,65,95,125,128,116,117" hai3="23,75,83,21,115,87,123,121,119,48,135,43,88"/><V52/><F120/><W99/><G119/><T47/><D74/><U35/><E35/><V64/><F128/><W10/><G115/><T37/><D0/><U122/><E29/><V98/><F117/><W104/><G10/><T18/><D134/><N who="1" m="51819" /><E122/><V3/><F3/><W5/><G5/><T91/><D33/><U100/><E77/><V112/><F112/><W45/><G135/><T49/><D37/><U4/><E4/><V130/><F130/><W54/><G75/><T127/><D127/><N who="2" m="48714" /><F16/><W111/><G111/><T96/><D25/><N who="1" m="14543" /><E76/><V101/><F116/><W12/><G123/><T114/><D114/><U46/><E46/><V39/><F39/><W19/><G121/><T60/><D18/><U51/><E51/><AGARI ba="1,1" hai="24,30,34,51,52,57,64,65,95,98,101" m="48714" machi="51" ten="30,2900,0" yaku="18,1,54,1" doraHai="11" who="2" fromWho="1" sc="478,0,32,-32,200,42,280,0" />
</Scene>
<Scene>
<INIT seed="2,2,0,2,5,88" ten="478,0,242,280" oya="2" hai0="103,11,10,91,109,89,17,110,115,6,1,124,40" hai1="64,123,0,39,13,50,74,131,100,77,48,98,71" hai2="68,62,51,2,102,92,118,81,20,29,120,65,18" hai3="44,72,22,49,97,78,42,26,101,55,23,25,69"/><V14/><F120/><W134/><G69/><T128/><D115/><U125/><E39/><V130/><F2/><W28/><G134/><T133/><D133/><U60/><E0/><V34/><F118/><W67/><G67/><T132/><D132/><U121/><E131/><V105/><F130/><W85/><G72/><T108/><D128/><U106/><E125/><V86/><F51/><W19/><G85/><T38/><D124/><U52/><E13/><V9/><F34/><W93/><G78/><T90/><D103/><U61/><E77/><V73/><F73/><W5/><G5/><T95/><D40/><AGARI ba="2,0" hai="19,22,23,25,26,28,40,42,44,49,55,93,97,101" machi="40" ten="40,2600,0" yaku="8,1,52,1" doraHai="88" who="3" fromWho="0" sc="478,-32,0,0,242,0,280,32" />
</Scene>
<Scene>
<INIT seed="3,0,0,0,0,68" ten="446,0,242,312" oya="3" hai0="129,11,25,126,77,114,58,119,83,81,2,22,28" hai1="55,78,16,6,122,7,95,108,27,59,9,125,61" hai2="120,20,72,123,46,65,21,26,93,12,1,87,31" hai3="84,115,23,109,101,74,116,94,56,39,104,51,80"/><W24/><G39/><T100/><D119/><U107/><E107/><V37/><F72/><W135/><G116/><T105/><D129/><U112/><E112/><V134/><F1/><W102/><G115/><T88/><D114/><U90/><E122/><N who="2" m="46635" /><F134/><W75/><G135/><T130/><D130/><U4/><E108/><V62/><F12/><W103/><G109/><T10/><D2/><U19/><E125/><V40/><F87/><W117/><G117/><T53/><D126/><U79/><E9/><N who="0" m="3081" /><D100/><U133/><E133/><V89/><F89/><W13/><G13/><T50/><D105/><U64/><E64/><V54/><F54/><W128/><G128/><T91/><D77/><N who="1" m="29195" /><E27/><V17/><F93/><W99/><G56/><T98/><D98/><AGARI ba="0,0" hai="4,6,7,16,19,55,59,61,90,95,98" m="29195" machi="98" ten="30,2000,0" yaku="8,1,54,1" doraHai="68" who="1" fromWho="0" sc="446,-20,0,20,242,0,312,0" />
</Scene>
<Scene>
<INIT seed="4,0,0,0,1,47" ten="426,20,242,312" oya="0" hai0="27,50,93,95,0,24,90,54,6,39,44,113,133" hai1="52,67,116,115,43,134,123,94,48,17,96,89,101" hai2="35,53,77,79,65,70,102,28,120,34,18,122,87" hai3="57,105,9,107,66,36,11,63,5,135,81,99,41"/><T111/><D113/><U125/><E116/><V56/><F102/><W97/><G135/><T3/><D133/><U68/><E134/><V117/><F18/><W100/><G81/><T112/><D112/><U127/><E115/><V64/><F117/><W85/><G85/><T80/><D111/><U58/><E123/><V108/><F87/><W98/><G36/><T32/><D80/><U91/><E43/><V4/><F4/><W16/><G41/><T22/><D39/><U37/><E37/><V19/><F19/><W75/><G75/><T40/><D40/><U14/><E67/><V132/><F132/><W72/><G72/><T69/><D69/><U71/><E68/><V33/><F108/><W51/><G51/><T61/><D6/><U49/><E71/><V25/><F70/><W86/><G86/><T104/><D104/><U110/><E110/><V131/><F131/><W30/><G30/><T1/><D61/><U2/><E2/><V76/><F122/><W78/><G78/><T55/><D55/><N who="1" m="32103" /><E127/><V7/><F7/><W82/><G82/><T31/><REACH who="0" step="1"/><D90/><REACH who="0" ten="416,20,242,312" step="2"/><U20/><E125/><V83/><F120/><W73/><G107/><T21/><D21/><U59/><AGARI ba="0,1" hai="14,17,20,49,52,59,89,91,94,96,101" m="32103" machi="59" ten="30,7900,0" yaku="8,1,52,2,54,1" doraHai="47" who="1" fromWho="1" sc="416,-39,20,89,242,-20,312,-20" />
</Scene>
<Scene>
<INIT seed="5,0,0,5,1,110" ten="377,109,222,292" oya="1" hai0="71,18,78,50,111,72,20,53,73,61,25,8,127" hai1="22,80,118,36,130,69,128,104,98,134,49,46,93" hai2="59,24,106,34,70,10,26,41,2,125,119,57,84" hai3="38,135,121,12,14,45,74,92,60,101,95,105,85"/><U52/><E118/><V39/><F106/><W7/><G121/><T28/><D111/><U42/><E69/><V27/><F70/><W55/><G105/><T43/><D78/><U116/><E116/><V67/><F119/><W88/><G74/><T6/><D43/><U94/><E134/><V83/><F125/><W100/><G38/><T16/><D127/><U3/><E3/><V66/><F34/><W79/><G79/><T113/><D113/><U126/><E126/><V40/><F39/><W63/><G135/><T47/><D18/><U87/><E22/><V15/><F2/><W11/><G14/><T132/><D132/><U123/><E123/><V33/><F33/><W107/><G107/><T81/><D81/><U32/><E32/><V64/><F41/><W65/><G95/><T117/><D117/><U90/><E104/><V102/><F102/><N who="3" m="39531" /><G65/><T109/><D109/><U48/><E36/><V96/><F96/><W37/><G37/><T131/><D71/><U86/><E94/><V115/><F40/><W51/><AGARI ba="0,0" hai="7,11,12,45,51,55,60,63,85,88,92" m="39531" machi="51" ten="30,2000,0" yaku="8,1,54,1" doraHai="110" who="3" fromWho="3" sc="377,-5,109,-10,222,-5,292,20" />
</Scene>
<Scene>
<INIT seed="6,0,0,2,4,52" ten="372,99,217,312" oya="2" hai0="15,129,20,97,117,85,118,73,23,4,2,75,10" hai1="7,26,93,121,102,123,40,101,134,8,38,59,6" hai2="36,24,86,43,54,128,18,124,53,1,30,66,50" hai3="9,62,61,58,28,55,104,13,89,31,122,87,99"/><V94/><F1/><W120/><G104/><T51/><D129/><U131/><E131/><V69/><F128/><W78/><G78/><T111/><D111/><U14/><E134/><V116/><F124/><W114/><G99/><T84/><D97/><U83/><E83/><V56/><F18/><W92/><G114/><T130/><D130/><U11/><E26/><V110/><F110/><W74/><G74/><N who="0" m="28171" /><D51/><U0/><E93/><V135/><F116/><N who="0" m="44650" /><D2/><U103/><E40/><V12/><F135/><W44/><G44/><T42/><D42/><U60/><REACH who="1" step="1"/><E38/><REACH who="1" ten="372,89,217,312" step="2"/><V108/><F43/><W64/><G122/><T109/><D109/><U45/><E45/><V91/><F36/><W3/><G120/><T16/><D85/><U132/><E132/><V119/><F108/><W77/><G77/><T127/><D84/><U115/><E115/><V72/><F119/><W47/><G47/><T29/><D127/><U95/><E95/><V82/><F72/><W63/><G64/><AGARI ba="0,1" hai="0,6,7,8,11,14,59,60,64,101,102,103,121,123" machi="64" ten="40,2600,0" yaku="1,1,52,1,53,0" doraHai="52" doraHaiUra="81" who="1" fromWho="3" sc="372,0,89,36,217,0,312,-26" />
</Scene>
<Scene>
<INIT seed="7,0,0,1,3,6" ten="372,125,217,286" oya="3" hai0="53,62,103,123,110,92,84,19,59,63,44,78,80" hai1="125,35,52,55,97,64,47,61,12,117,5,109,3" hai2="104,95,83,67,71,121,133,34,13,116,131,46,122" hai3="74,58,114,0,119,15,30,56,87,129,100,21,112"/><W11/><G74/><T93/><D110/><U45/><E109/><V124/><F34/><W33/><G0/><T43/><D123/><U126/><E35/><V86/><F104/><W88/><G119/><T132/><D132/><U130/><E3/><V127/><F116/><W37/><G37/><T10/><D103/><U94/><E117/><V18/><F131/><W31/><G33/><T73/><D73/><U101/><E130/><V102/><F46/><W98/><G129/><T50/><D63/><U22/><E47/><V17/><F133/><W20/><G58/><T115/><D115/><N who="3" m="44073" /><G56/><T96/><D96/><U57/><E45/><V107/><F107/><N who="3" m="63895" /><G31/><T81/><D81/><U49/><E49/><V113/><F113/><W42/><G42/><T68/><D68/><U1/><E1/><V108/><F108/><W36/><G36/><T54/><D54/><U90/><E90/><V75/><F75/><W9/><G30/><T27/><D27/><U85/><E85/><V38/><F38/><W41/><G41/><T23/><D23/><N who="3" m="8777" /><G15/><AGARI ba="0,0" hai="10,15,19,43,44,50,53,59,62,78,80,84,92,93" machi="15" ten="40,2600,0" yaku="8,1,52,1" doraHai="6" who="0" fromWho="3" sc="372,26,125,0,217,0,286,-26" owari="398,49.0,125,-37.0,217,-18.0,260,6.0" />
</Scene>
</mjloggm>