<mjloggm ver="2.3"><GO type="169"/><UN n0="%4C%49%47%48%54%53" n1="%6B%65%72%6F%62%6F%75" n2="%41%53%41%50%49%4E" n3="%E2%98%86%E6%97%A5%E5%90%91%E5%A4%8F%E7%BE%8E%E2%98%86" dan="16,16,18,16" rate="2060,2105,2215,2085" sx="M,M,M,F"/><TAIKYOKU oya="0"/>

<Scene>
<INIT seed="0,0,0,4,5,40" ten="250,250,250,250" oya="0" hai0="28,93,46,109,19,60,17,69,65,7,123,111,14" hai1="130,78,117,94,102,113,98,85,77,33,21,91,68" hai2="101,15,118,72,29,71,11,86,30,108,27,51,127" hai3="89,26,99,125,110,32,61,73,13,128,23,62,133"/><T43/><D123/><U88/><E33/><V12/><F72/><W106/><G73/><T104/><D104/><U16/><E68/><V74/><F74/><W90/><G133/><T56/><D28/><U95/><E117/><V34/><F71/><W49/><G32/><T115/><D115/><U119/><E119/><V121/><F121/><W4/><G128/><T103/><D69/><U2/><E2/><V24/><F118/><W100/><G110/><N who="0" m="41995" /><D7/><U79/><E113/><V76/><F108/><W39/><G125/><T131/><D131/><U67/><E130/><V129/><F127/><W58/><G39/><N who="0" m="21887" /><D14/><U124/><E124/><V70/><F70/><W59/><G13/><T31/><D31/><U80/><E67/><V42/><F129/><W82/><G4/><T44/><D44/><U45/><E45/><V122/><F122/><W36/><G106/><T92/><D103/><U8/><E8/><V18/><F101/><W96/><G100/><T84/><D84/><N who="1" m="52583" /><E77/><V52/><F76/><W126/><G126/><T55/><D65/><U134/><E134/><V5/><F34/><W75/><G99/><T135/><D135/><U53/><E53/><V38/><F11/><W114/><G96/><T20/><D20/><U9/><E9/><V47/><F47/><W107/><G23/><T87/><D87/><U1/><E1/><V37/><F86/><W54/><G114/><T63/><D63/><U116/><E116/><V3/><F42/><W25/><G107/><T105/><D105/><U132/><E132/><V83/><F38/><W112/><G36/><T41/><D41/><RYUUKYOKU ba="0,0" sc="250,15,250,15,250,-15,250,-15" hai0="17,19,55,56,60,92,93" hai1="16,21,78,79,80,85,88,95,98,102" />
</Scene>
<Scene>
<INIT seed="0,1,0,0,2,116" ten="265,265,235,235" oya="0" hai0="20,42,133,51,63,81,92,31,8,44,134,110,118" hai1="87,98,38,119,102,103,131,3,99,5,82,109,125" hai2="127,123,14,26,40,29,23,60,47,41,16,122,128" hai3="7,65,61,46,37,86,57,117,56,89,28,112,96"/><T0/><D118/><U83/><E119/><V1/><F1/><W64/><G117/><T84/><D92/><U68/><E68/><V52/><F127/><W132/><G112/><T35/><D35/><U115/><E38/><V27/><F128/><W130/><G130/><T114/><D114/><U113/><E131/><V79/><F79/><W94/><G132/><N who="0" m="50795" /><D63/><U70/><E70/><V85/><F85/><W106/><G7/><N who="0" m="1127" /><D110/><U50/><E5/><V105/><F105/><W97/><G106/><T77/><D20/><U17/><E3/><V88/><F88/><W59/><G28/><AGARI ba="1,0" hai="28,31,42,44,51,77,81,84" m="1127,50795" machi="28" ten="30,1500,0" yaku="20,1" doraHai="116" who="0" fromWho="3" sc="265,18,265,0,235,0,235,-18" />
</Scene>
<Scene>
<INIT seed="0,2,0,3,1,95" ten="283,265,235,217" oya="0" hai0="130,62,25,100,79,16,86,115,127,82,49,81,114" hai1="88,120,29,96,9,14,15,98,72,12,60,6,56" hai2="77,71,73,61,34,66,46,8,64,118,108,117,55" hai3="132,22,101,128,4,17,106,102,105,33,40,27,99"/><T50/><D127/><U91/><E120/><V103/><F34/><W42/><G33/><T35/><D130/><U43/><E72/><V75/><F108/><W28/><G128/><T7/><D7/><U89/><E43/><V119/><F77/><W41/><G132/><T11/><D62/><U70/><E70/><V0/><F66/><W36/><G4/><T2/><D81/><U54/><REACH who="1" step="1"/><E29/><REACH who="1" ten="283,255,235,217" step="2"/><V57/><F71/><W69/><G69/><T122/><D122/><U45/><E45/><V104/><F46/><W80/><G36/><T85/><D115/><U107/><E107/><V48/><F73/><W59/><G59/><T126/><D114/><U21/><E21/><V52/><F75/><W63/><G28/><T113/><D113/><U129/><E129/><V109/><F109/><W32/><G32/><T84/><D35/><U110/><E110/><V1/><F8/><W94/><G105/><T121/><D121/><U123/><E123/><V31/><F31/><W24/><G106/><T83/><D11/><U20/><E20/><V65/><F1/><AGARI ba="2,1" hai="1,6,9,12,14,15,54,56,60,88,89,91,96,98" machi="1" ten="40,8000,1" yaku="1,1,52,2,54,1,53,1" doraHai="95" doraHaiUra="53" who="1" fromWho="2" sc="283,0,255,96,235,-86,217,0" />
</Scene>
<Scene>
<INIT seed="1,0,0,3,3,25" ten="283,351,149,217" oya="1" hai0="55,88,104,117,22,87,95,128,83,16,133,74,36" hai1="54,75,65,86,19,0,40,80,23,73,62,28,85" hai2="114,6,129,39,108,84,69,123,111,66,107,118,46" hai3="72,99,124,51,135,79,94,20,93,61,2,91,57"/><U33/><E0/><V119/><F107/><W38/><G38/><T76/><D117/><N who="2" m="44554" /><F6/><W102/><G135/><T81/><D36/><U26/><E40/><N who="2" m="22815" /><F84/><W11/><G124/><T82/><D133/><U53/><E86/><V5/><F5/><W41/><G2/><T47/><D104/><U58/><E75/><V98/><F98/><W7/><G7/><T24/><REACH who="0" step="1"/><D128/><REACH who="0" ten="273,351,149,217" step="2"/><U50/><E73/><V32/><F129/><W37/><G37/><T43/><D43/><U92/><E92/><V116/><F116/><W52/><G41/><T115/><D115/><U78/><REACH who="1" step="1"/><E50/><AGARI ba="0,1" hai="16,22,24,47,50,55,74,76,81,82,83,87,88,95" machi="50" ten="40,5200,0" yaku="1,1,54,2,53,0" doraHai="25" doraHaiUra="132" who="0" fromWho="1" sc="273,62,351,-52,149,0,217,0" />
</Scene>
<Scene>
<INIT seed="2,0,0,0,0,132" ten="335,299,149,217" oya="2" hai0="104,5,79,2,47,51,41,123,89,135,8,131,90" hai1="34,128,58,22,111,105,26,35,75,84,101,59,49" hai2="112,108,39,78,96,0,102,120,134,14,55,117,42" hai3="9,66,67,107,53,13,71,65,81,44,92,62,109"/><V118/><F0/><W21/><G107/><T48/><D123/><U64/><E75/><V121/><F112/><W114/><G114/><T4/><D104/><U60/><E128/><V80/><F134/><W127/><G109/><T122/><D122/><U52/><E111/><V72/><F121/><W94/><G21/><T10/><D135/><U50/><E50/><V57/><F120/><W32/><G32/><T119/><D131/><U3/><E3/><V97/><F108/><W110/><G110/><T31/><D31/><U87/><E87/><V30/><F30/><W28/><G28/><T126/><D119/><U29/><REACH who="1" step="1"/><E84/><REACH who="1" ten="335,289,149,217" step="2"/><V27/><F117/><W83/><G83/><T33/><D51/><U18/><E18/><V12/><F118/><W82/><G81/><T54/><D48/><U61/><E61/><V16/><F39/><W95/><G82/><T73/><D2/><U40/><E40/><V24/><F42/><W68/><G62/><T56/><D41/><U63/><E63/><V103/><F72/><W6/><G71/><T45/><D73/><U93/><E93/><V133/><F133/><W37/><G68/><T74/><D74/><U129/><E129/><V19/><F80/><W46/><G37/><T113/><D113/><U130/><E130/><V77/><F57/><W100/><G94/><T70/><D56/><U43/><E43/><V115/><F115/><W88/><G95/><T116/><D70/><U91/><E91/><V124/><F55/><W125/><G53/><T76/><D54/><U99/><AGARI ba="0,1" hai="22,26,29,34,35,49,52,58,59,60,64,99,101,105" machi="99" ten="30,4000,0" yaku="1,1,0,1,54,1,53,0" doraHai="132" doraHaiUra="38" who="1" fromWho="1" sc="335,-10,289,50,149,-20,217,-10" />
</Scene>
<Scene>
<INIT seed="3,0,0,3,3,13" ten="325,339,129,207" oya="3" hai0="82,129,21,92,49,88,18,56,83,52,63,135,57" hai1="3,1,61,128,66,71,101,84,26,99,30,48,108" hai2="12,9,29,50,107,68,62,90,131,44,97,87,6" hai3="41,10,109,72,134,24,79,54,116,32,0,123,19"/><W15/><G123/><T112/><D135/><U42/><E128/><V14/><F131/><W2/><G116/><T80/><D129/><U121/><E121/><V81/><F29/><N who="3" m="19495" /><G54/><N who="0" m="34231" /><D112/><U53/><E42/><V22/><F68/><W89/><G89/><T78/><D78/><U39/><E39/><V20/><F62/><W51/><G51/><T60/><D60/><U34/><E84/><V119/><F119/><W132/><G41/><T73/><D73/><U110/><E110/><V95/><F107/><W46/><G46/><T25/><D82/><U67/><E67/><V91/><REACH who="2" step="1"/><F14/><REACH who="2" ten="325,339,119,207" step="2"/><W36/><G15/><T127/><D127/><U111/><E108/><V120/><F120/><W17/><G134/><T114/><D114/><U47/><REACH who="1" step="1"/><E111/><REACH who="1" ten="325,329,119,207" step="2"/><V113/><F113/><W93/><G132/><T133/><D133/><U96/><E96/><AGARI ba="0,2" hai="18,21,25,49,52,56,80,83,88,92,96" m="34231" machi="96" ten="30,8000,1" yaku="25,1,8,1,52,1,54,2" doraHai="13" who="0" fromWho="1" sc="325,100,329,-80,119,0,207,0" />
</Scene>
<Scene>
<INIT seed="4,0,0,5,4,104" ten="425,249,119,207" oya="0" hai0="130,69,52,125,0,129,39,106,34,33,32,28,57" hai1="67,56,47,89,131,37,115,51,24,92,55,74,102" hai2="93,107,4,9,16,27,134,80,90,73,85,22,98" hai3="42,128,72,120,94,62,113,15,101,50,53,68,7"/><T87/><D39/><U19/><E131/><V70/><F134/><W112/><G128/><N who="0" m="49259" /><D69/><U23/><E115/><N who="3" m="44106" /><G42/><T44/><D106/><U5/><E5/><V96/><F70/><W30/><G30/><T14/><D0/><U110/><E110/><V117/><F117/><W123/><G7/><T109/><D44/><U58/><E102/><V79/><REACH who="2" step="1"/><F107/><REACH who="2" ten="425,249,109,207" step="2"/><W60/><G68/><T45/><D109/><U127/><E127/><V25/><F25/><W105/><G105/><T40/><D125/><U48/><E24/><V114/><F114/><W71/><G71/><T88/><D34/><U97/><E56/><V118/><F118/><W11/><G123/><T95/><D33/><U38/><E58/><V124/><F124/><W41/><G120/><T59/><D32/><U76/><E37/><V13/><AGARI ba="0,1" hai="4,9,13,16,22,27,73,79,80,85,90,93,96,98" machi="13" ten="20,8000,1" yaku="1,1,0,1,7,1,52,1,54,1,53,0" doraHai="104" doraHaiUra="63" who="2" fromWho="2" sc="425,-40,249,-20,109,90,207,-20" />
</Scene>
<Scene>
<INIT seed="5,0,0,5,5,36" ten="385,229,199,187" oya="1" hai0="117,2,17,118,132,99,112,116,49,41,84,123,83" hai1="20,124,25,69,106,75,27,65,45,13,55,30,86" hai2="34,8,107,50,111,95,87,15,33,29,38,31,110" hai3="37,52,133,119,11,90,68,74,43,53,91,47,101"/><U109/><E75/><V28/><F38/><W40/><G133/><T16/><D2/><U100/><E124/><V18/><F107/><W72/><G68/><T102/><D132/><U62/><E109/><V48/><F95/><W115/><G115/><T57/><D112/><U51/><E86/><V85/><F87/><W3/><G119/><T60/><D123/><U24/><REACH who="1" step="1"/><E13/><REACH who="1" ten="385,219,199,187" step="2"/><V42/><F85/><W96/><G74/><T97/><D84/><U4/><E4/><V128/><F111/><W10/><G72/><T130/><D118/><U120/><E120/><V19/><F110/><W64/><G3/><T113/><D117/><U26/><E26/><V1/><F1/><W58/><G96/><AGARI ba="0,1" hai="20,24,25,27,30,45,51,55,62,65,69,96,100,106" machi="96" ten="40,2000,0" yaku="1,1,53,0" doraHai="36" doraHaiUra="73" who="1" fromWho="3" sc="385,0,219,30,199,0,187,-20" />
</Scene>
<Scene>
<INIT seed="5,1,0,5,2,93" ten="385,249,199,167" oya="1" hai0="60,49,73,101,33,5,23,104,20,85,45,124,95" hai1="53,130,111,103,79,4,29,134,28,56,30,47,78" hai2="8,86,62,115,64,99,10,125,59,37,46,112,25" hai3="120,63,21,132,0,41,88,109,58,40,82,77,69"/><U42/><E111/><V26/><F125/><W39/><G109/><T90/><D33/><U16/><E130/><V94/><F86/><W70/><G120/><T68/><D124/><U89/><E134/><V91/><F46/><W128/><G128/><T43/><D5/><U83/><E103/><V75/><F37/><W22/><G132/><T17/><D73/><U123/><E123/><V72/><F75/><W32/><G32/><T76/><D76/><U7/><E89/><V27/><REACH who="2" step="1"/><F72/><REACH who="2" ten="385,249,189,167" step="2"/><W114/><G39/><T74/><D74/><N who="1" m="43479" /><E47/><V102/><F102/><W13/><G114/><AGARI ba="1,1" hai="8,10,25,26,27,59,62,64,91,94,99,112,114,115" machi="114" ten="40,8000,1" yaku="1,1,15,1,11,1,52,1,53,1" doraHai="93" doraHaiUra="84" who="2" fromWho="3" sc="385,0,249,0,189,93,167,-83" />
</Scene>
<Scene>
<INIT seed="6,0,0,0,4,91" ten="385,249,282,84" oya="2" hai0="126,29,74,88,130,33,15,35,109,6,16,95,23" hai1="4,83,38,5,52,9,47,55,92,135,25,85,100" hai2="124,120,3,79,116,48,24,44,76,69,17,14,42" hai3="81,114,49,108,127,82,62,34,8,80,128,46,103"/><V53/><F116/><W63/><G108/><T71/><D109/><U68/><E68/><V106/><F120/><W99/><G34/><T54/><D71/><U113/><E113/><V58/><F3/><W36/><G36/><T122/><D74/><U59/><E135/><V66/><F106/><W32/><G32/><T65/><D65/><U77/><E25/><V67/><F124/><W96/><G127/><T75/><D75/><U31/><E31/><V111/><F111/><W110/><G110/><T37/><D37/><U40/><E59/><V105/><F105/><W112/><G128/><T2/><D126/><U61/><E61/><V118/><F24/><W117/><G117/><T107/><D107/><U119/><E119/><V57/><F57/><W41/><G8/><T10/><D122/><U50/><E38/><V90/><F118/><W94/><REACH who="3" step="1"/><G99/><REACH who="3" ten="385,249,282,74" step="2"/><T134/><D130/><U129/><E129/><V45/><F69/><W115/><AGARI ba="0,1" hai="41,46,49,62,63,80,81,82,94,96,103,112,114,115" machi="115" ten="40,12000,2" yaku="1,1,2,1,0,1,15,1,11,1,52,1,53,0" doraHai="91" doraHaiUra="0" who="3" fromWho="3" sc="385,-30,249,-30,282,-60,74,130" />
</Scene>
<Scene>
<INIT seed="7,0,0,2,4,18" ten="355,219,222,204" oya="3" hai0="45,25,99,42,53,107,95,134,31,51,128,135,101" hai1="116,80,77,133,125,34,48,49,22,5,132,44,122" hai2="69,10,130,84,81,75,20,40,2,60,23,54,68" hai3="63,65,76,14,61,43,79,29,91,28,127,118,36"/><W102/><G118/><T21/><D128/><U58/><E122/><V6/><F130/><W66/><G127/><T9/><D9/><U82/><E116/><V90/><F75/><W11/><G102/><T39/><REACH who="0" step="1"/><D107/><REACH who="0" ten="345,219,222,204" step="2"/><U7/><E132/><V12/><F10/><W105/><G105/><T32/><D32/><U17/><E34/><V33/><F33/><W67/><G43/><T13/><D13/><U62/><E133/><V85/><F12/><W59/><G36/><T88/><D88/><U72/><E125/><V1/><F90/><W4/><G91/><T113/><D113/><U86/><E77/><N who="3" m="29770" /><G63/><T8/><D8/><U108/><E62/><V35/><F35/><W57/><G57/><AGARI ba="0,1" hai="21,25,31,39,42,45,51,53,57,95,99,101,134,135" machi="57" ten="40,5200,0" yaku="1,1,52,1,53,1" doraHai="18" doraHaiUra="89" who="0" fromWho="3" sc="345,62,219,0,222,0,204,-52" owari="407,51.0,219,-18.0,222,2.0,152,-35.0" />
</Scene>
</mjloggm>