<mjloggm ver="2.3"><GO type="169"/><UN n0="%6B%6D%6F%32" n1="%E3%81%91%E3%82%93%31%39%37%30" n2="%E3%83%9D%E3%83%B3%E5%8A%A9" n3="%41%53%41%50%49%4E" dan="16,16,17,18" rate="2003,2080,2136,2244" sx="M,M,M,M"/><TAIKYOKU oya="0"/>

<Scene>
<INIT seed="0,0,0,3,4,122" ten="250,250,250,250" oya="0" hai0="80,78,35,121,50,135,117,26,79,47,53,102,22" hai1="51,134,63,28,87,76,67,1,65,106,77,18,110" hai2="114,96,88,62,27,33,127,43,29,90,12,118,129" hai3="20,57,52,7,25,32,45,66,24,16,17,15,75"/><T92/><D121/><U2/><E106/><V86/><F114/><W126/><G75/><T46/><D117/><U37/><E37/><V55/><F118/><W85/><G126/><T132/><D35/><U23/><E28/><V64/><F127/><W99/><G32/><T89/><D102/><U59/><E67/><V83/><F43/><W0/><G66/><T124/><D124/><U31/><E31/><V115/><F115/><W56/><G0/><T128/><D128/><U116/><E116/><V9/><F55/><W40/><G7/><T130/><D130/><U93/><E2/><V44/><F44/><W73/><G73/><T104/><D47/><U19/><E19/><V5/><F129/><W111/><G111/><T94/><D104/><U11/><E51/><V112/><F112/><W39/><G99/><N who="0" m="57743" /><D94/><U48/><E48/><V81/><F96/><W91/><G17/><N who="0" m="12623" /><D80/><U21/><E93/><V71/><F81/><W105/><G105/><T133/><AGARI ba="0,0" hai="46,50,53,78,79,132,133,135" m="12623,57743" machi="133" ten="30,1500,0" yaku="20,1" doraHai="122" who="0" fromWho="0" sc="250,15,250,-5,250,-5,250,-5" />
</Scene>
<Scene>
<INIT seed="0,1,0,1,2,87" ten="265,245,245,245" oya="0" hai0="120,21,97,123,53,71,12,124,99,17,117,18,83" hai1="122,110,103,133,34,48,69,45,67,6,41,13,55" hai2="47,90,60,125,22,5,126,112,10,114,44,52,50" hai3="86,107,73,88,38,62,135,26,93,105,57,20,24"/><T95/><D117/><U116/><E122/><V96/><F22/><W29/><G73/><T31/><D71/><U98/><E34/><V75/><F75/><W49/><G38/><T7/><D124/><N who="2" m="47722" /><F47/><W51/><G135/><T30/><D7/><U46/><E133/><V15/><F60/><W109/><G109/><T91/><D97/><U102/><E110/><V127/><N who="2" m="47730" /><V85/><DORA hai="43" /><F96/><W92/><G92/><AGARI ba="1,0" hai="5,10,15,44,50,52,85,90,92,112,114" m="47730" machi="92" ten="40,8000,1" yaku="18,1,52,2,54,1" doraHai="87,43" who="2" fromWho="3" sc="265,0,245,0,245,83,245,-83" />
</Scene>
<Scene>
<INIT seed="1,0,0,3,4,98" ten="265,245,328,162" oya="1" hai0="59,21,93,57,65,96,113,33,116,124,114,104,75" hai1="14,91,72,97,74,7,2,135,80,73,125,123,118" hai2="51,84,119,46,15,63,110,36,41,1,13,53,112" hai3="27,39,19,90,69,92,131,11,134,71,0,22,38"/><U105/><E2/><V35/><F1/><W86/><G131/><T95/><D116/><U58/><E7/><V70/><F35/><W122/><G122/><T62/><D33/><U6/><E6/><V103/><F119/><W64/><G134/><T126/><D104/><U20/><E118/><V127/><F112/><W67/><G0/><T111/><D75/><U49/><E123/><V25/><F25/><W81/><G11/><T48/><D111/><U50/><E135/><V56/><F110/><W129/><G129/><T88/><D21/><U24/><E14/><V52/><F127/><N who="0" m="48682" /><D95/><U66/><E125/><V101/><F84/><W107/><G107/><T78/><D78/><U85/><E66/><N who="2" m="41311" /><F53/><AGARI ba="0,0" hai="48,53,57,59,62,65,88,93,96,113,114" m="48682" machi="53" ten="30,2000,0" yaku="18,1,54,1" doraHai="98" who="0" fromWho="2" sc="265,20,245,0,328,-20,162,0" />
</Scene>
<Scene>
<INIT seed="2,0,0,1,5,53" ten="285,245,308,162" oya="2" hai0="112,14,80,87,63,98,118,107,37,83,47,109,71" hai1="57,18,75,34,4,115,113,89,8,96,97,40,78" hai2="52,49,127,56,31,10,70,120,66,123,135,44,48" hai3="101,117,79,33,76,91,94,67,103,100,81,131,129"/><V77/><F77/><W26/><G67/><T3/><D112/><U51/><E34/><V21/><F10/><W2/><G2/><T119/><D3/><U128/><E78/><N who="3" m="29738" /><G26/><T133/><D109/><U82/><E75/><V62/><F127/><W46/><G33/><T38/><D133/><U17/><E40/><N who="2" m="24583" /><F21/><W30/><G46/><T124/><D124/><U132/><E132/><V102/><F102/><W69/><G30/><T19/><D71/><U43/><E43/><V25/><F25/><W85/><G69/><T60/><D83/><U134/><E134/><V50/><F31/><W11/><G11/><N who="0" m="6623" /><D98/><U58/><E97/><V125/><F125/><W41/><G41/><N who="0" m="22959" /><D38/><U15/><E115/><V23/><F23/><W22/><G22/><T114/><D107/><U5/><E5/><V27/><F27/><W1/><G1/><T73/><D73/><U110/><E96/><V28/><F28/><W20/><G20/><T16/><D114/><U88/><E4/><V92/><F92/><W90/><G117/><T86/><D80/><U130/><E113/><V74/><F74/><W104/><G104/><T12/><D87/><AGARI ba="0,0" hai="81,85,87,90,91,94,100,101,103,129,131" m="29738" machi="87" ten="30,2000,0" yaku="34,2" doraHai="53" who="3" fromWho="0" sc="285,-20,245,0,308,0,162,20" />
</Scene>
<Scene>
<INIT seed="3,0,0,3,0,46" ten="265,245,308,182" oya="3" hai0="86,27,65,38,26,70,58,23,31,132,42,105,98" hai1="90,41,20,92,128,133,61,120,15,122,88,106,28" hai2="66,96,115,118,130,134,113,62,67,14,64,87,60" hai3="72,53,13,84,111,40,78,125,100,44,79,76,69"/><W16/><G69/><T24/><D70/><U30/><E106/><V21/><F118/><W45/><G72/><T32/><D132/><U101/><E133/><V107/><F134/><W75/><G75/><T116/><D116/><U85/><E41/><V121/><F130/><W77/><G125/><T6/><D6/><U129/><E101/><V99/><F121/><W17/><G111/><T82/><D26/><U2/><E2/><V103/><F87/><W91/><G100/><T108/><D108/><U102/><E102/><V114/><F99/><W22/><G40/><T127/><D127/><U18/><E122/><V123/><F123/><W57/><G17/><T29/><D105/><U25/><E120/><V93/><F107/><W48/><N who="3" m="19456" /><DORA hai="37" /><W73/><G73/><T97/><D65/><U33/><E30/><V43/><F43/><W59/><G59/><T68/><D58/><U81/><REACH who="1" step="1"/><E61/><REACH who="1" ten="265,235,308,182" step="2"/><V52/><F62/><W119/><REACH who="3" step="1"/><G119/><REACH who="3" ten="265,235,308,172" step="2"/><T117/><D117/><U63/><E63/><V54/><F60/><W94/><AGARI ba="0,2" hai="13,16,22,44,45,48,53,57,84,91,94" m="19456" machi="94" ten="40,24000,3" yaku="1,1,2,1,0,1,25,2,8,1,52,1,54,1,53,0" doraHai="46,37" doraHaiUra="1,95" who="3" fromWho="3" sc="265,-80,235,-80,308,-80,172,260" />
</Scene>
<Scene>
<INIT seed="3,1,0,4,3,100" ten="185,155,228,432" oya="3" hai0="26,62,18,54,61,5,15,103,96,78,31,16,2" hai1="114,56,51,36,93,116,19,32,131,65,37,99,57" hai2="94,46,53,44,87,128,79,73,24,21,95,97,9" hai3="80,122,133,75,120,117,60,85,119,40,1,102,71"/><W115/><G115/><T45/><D2/><U123/><E114/><V22/><F128/><W77/><G1/><T27/><D78/><U113/><E113/><V82/><F73/><W11/><G40/><T134/><D134/><U59/><E32/><V49/><F9/><W72/><G11/><T89/><D89/><U6/><E6/><V129/><F129/><W3/><G3/><T29/><D5/><U41/><E19/><V92/><F22/><W98/><G60/><T125/><D125/><U107/><E93/><V70/><F70/><W39/><G39/><T4/><D27/><U91/><E91/><V104/><F104/><N who="3" m="63575" /><G71/><T63/><D4/><U81/><E81/><V67/><F67/><W38/><G38/><T112/><D112/><U109/><E99/><V84/><F84/><W10/><G10/><T25/><D25/><U111/><E107/><V43/><F97/><W30/><G133/><T64/><D64/><U14/><E14/><V83/><F83/><W74/><G30/><T48/><D26/><U76/><E131/><V20/><REACH who="2" step="1"/><F24/><REACH who="2" ten="185,155,218,432" step="2"/><W12/><G12/><T105/><REACH who="0" step="1"/><D18/><REACH who="0" ten="175,155,218,432" step="2"/><U132/><E132/><V23/><F23/><AGARI ba="1,2" hai="15,16,23,29,31,45,48,54,61,62,63,96,103,105" machi="23" ten="40,8000,1" yaku="1,1,2,1,52,1,54,1,53,0" doraHai="100" doraHaiUra="7" who="0" fromWho="2" sc="175,103,155,0,218,-83,432,0" />
</Scene>
<Scene>
<INIT seed="4,0,0,1,4,102" ten="278,155,135,432" oya="0" hai0="97,35,60,73,66,79,129,67,65,64,62,72,32" hai1="55,57,135,134,10,125,111,115,69,6,87,59,41" hai2="76,18,68,5,118,112,30,45,13,42,54,105,96" hai3="21,114,1,107,26,116,22,120,15,7,39,19,78"/><T80/><D129/><U110/><E87/><V63/><F112/><W99/><G116/><T0/><D0/><U83/><E83/><V122/><F122/><W24/><G39/><T98/><D67/><U100/><E100/><V16/><F118/><W53/><G120/><T36/><D36/><U14/><E69/><V74/><F30/><W103/><G114/><T4/><D4/><U43/><E115/><V128/><F128/><W25/><G78/><T82/><D66/><U31/><E31/><V127/><F127/><W121/><G121/><T133/><REACH who="0" step="1"/><D79/><REACH who="0" ten="268,155,135,432" step="2"/><U38/><E125/><V88/><F5/><W108/><G7/><T37/><D37/><U47/><E6/><V106/><F76/><W56/><G1/><T28/><D28/><U34/><E38/><V95/><F18/><W51/><REACH who="3" step="1"/><G108/><REACH who="3" ten="268,155,135,422" step="2"/><T77/><D77/><U2/><E111/><V50/><F74/><W46/><G46/><T119/><D119/><U86/><E47/><V117/><F117/><W52/><G52/><T70/><D70/><U126/><E55/><V61/><F68/><W71/><G71/><T40/><D40/><U132/><E43/><V44/><F44/><W92/><G92/><T104/><D104/><U85/><E41/><V17/><F42/><W27/><G27/><T123/><D123/><U8/><E110/><V89/><F106/><W33/><G33/><T84/><D84/><U23/><E34/><V113/><F105/><W109/><G109/><T93/><D93/><U101/><E86/><N who="2" m="52631" /><F113/><W91/><G91/><T81/><D81/><U75/><E85/><V11/><F17/><AGARI ba="0,2" hai="15,17,19,21,22,24,25,26,51,53,56,99,103,107" machi="17" ten="30,8000,1" yaku="1,1,6,1,7,1,52,1,53,1" doraHai="102" doraHaiUra="49" who="3" fromWho="2" sc="268,0,155,0,135,-80,422,100" />
</Scene>
<Scene>
<INIT seed="5,0,0,0,0,121" ten="268,155,55,522" oya="1" hai0="130,107,76,17,100,135,53,129,124,125,133,41,99" hai1="70,72,6,98,128,61,7,115,122,23,20,79,126" hai2="68,83,101,91,50,117,110,38,80,58,104,78,22" hai3="103,73,108,55,96,31,85,113,51,112,119,56,48"/><U24/><E122/><V94/><F38/><W87/><G108/><T75/><D41/><U88/><E79/><V106/><F68/><W2/><G73/><T123/><D123/><U127/><E72/><V120/><F22/><W92/><G2/><T1/><D1/><U10/><E128/><N who="0" m="49257" /><D53/><U52/><E115/><N who="3" m="44106" /><G119/><T43/><D43/><U84/><E98/><N who="2" m="59607" /><F58/><W64/><G64/><T93/><D17/><U26/><E70/><V109/><F50/><N who="3" m="18987" /><G31/><T5/><D5/><U65/><E65/><V116/><F120/><W54/><G54/><T36/><D36/><U62/><E10/><V0/><F0/><W44/><G44/><T95/><D76/><U37/><E37/><V105/><F91/><W59/><G59/><T46/><D46/><U19/><E127/><N who="0" m="48713" /><D75/><U29/><E126/><V3/><F3/><W27/><G27/><T45/><D45/><U9/><E9/><V82/><F78/><W66/><G66/><T57/><D57/><N who="1" m="34983" /><E62/><AGARI ba="0,0" hai="55,56,62,85,87,92,96,103" m="18987,44106" machi="62" ten="30,1000,0" yaku="15,1" doraHai="121" who="3" fromWho="1" sc="268,0,155,-10,55,0,522,10" />
</Scene>
<Scene>
<INIT seed="6,0,0,2,1,29" ten="268,145,55,532" oya="2" hai0="5,71,124,24,128,64,127,0,21,47,14,88,100" hai1="30,104,15,72,51,42,1,96,56,65,7,126,9" hai2="118,8,43,131,37,113,41,121,85,123,62,38,34" hai3="114,63,58,6,35,57,103,18,55,110,84,26,107"/><V109/><F85/><W76/><G110/><T69/><D0/><U66/><E72/><V98/><F8/><W39/><G39/><N who="2" m="14857" /><F98/><W87/><G114/><T59/><D128/><U102/><E1/><V75/><F75/><W32/><G6/><T40/><D100/><U129/><E30/><V73/><F73/><W78/><G103/><T3/><D3/><U45/><E126/><N who="0" m="48169" /><D88/><U132/><E132/><V2/><F2/><W10/><G10/><N who="0" m="4431" /><D59/><U120/><E120/><N who="2" m="46155" /><F34/><W106/><G63/><T67/><D71/><U111/><E111/><V53/><F109/><W13/><G55/><T19/><D69/><U27/><E104/><V115/><F118/><W16/><G13/><T90/><D90/><U97/><E102/><V25/><F25/><AGARI ba="0,0" hai="16,18,25,26,32,35,57,58,76,78,84,87,106,107" machi="25" ten="25,8000,1" yaku="22,2,52,2,54,1" doraHai="29" who="3" fromWho="2" sc="268,0,145,0,55,-80,532,80" owari="268,7.0,145,-25.0,-25,-53.0,612,71.0" />
</Scene>
</mjloggm>