<mjloggm ver="2.3"><GO type="169" lobby="0"/><UN n0="%68%79%75%2D%69" n1="%41%53%41%50%49%4E" n2="%E9%9B%80%E3%82%AD%E3%83%AB%EF%BC%B9%EF%BC%AF%EF%BC%B5" n3="%E3%83%9E%E3%83%84%E3%82%B6%E3%82%AD" dan="16,18,16,17" rate="2045.36,2275.52,2057.32,2150.65" sx="M,M,M,M"/><TAIKYOKU oya="0"/>

<Scene>
<INIT seed="0,0,0,2,1,47" ten="250,250,250,250" oya="0" hai0="35,126,12,124,33,133,64,11,20,62,127,69,8" hai1="132,42,71,75,99,41,128,78,49,1,34,134,107" hai2="37,102,105,63,123,109,45,13,74,25,82,32,30" hai3="113,130,114,93,110,97,115,104,43,14,2,84,92"/><T68/><D133/><N who="1" m="51307" /><E1/><V135/><F123/><W31/><G2/><T28/><D69/><U16/><E34/><N who="0" m="12809" /><D28/><U44/><E128/><V5/><F63/><W95/><G31/><T87/><D87/><U0/><E0/><V121/><F121/><W60/><G130/><T112/><D112/><U24/><E71/><V19/><F37/><W40/><G84/><T106/><D106/><U17/><E24/><V7/><F25/><W53/><G14/><T111/><D111/><U67/><E67/><V76/><F13/><W88/><G110/><T54/><D54/><U79/><E42/><V57/><F109/><W86/><G104/><T89/><D89/><U15/><E75/><V125/><F74/><W46/><G40/><T91/><D91/><U117/><E117/><V119/><F102/><W50/><REACH who="3" step="1"/><G97/><REACH who="3" ten="250,250,250,240" step="2"/><T80/><D80/><U108/><E108/><V56/><F135/><W38/><G38/><T77/><D77/><N who="1" m="29195" /><E15/><V94/><F76/><W18/><G18/><AGARI ba="0,1" hai="8,11,12,18,20,62,64,68,124,126,127" m="12809" machi="18" ten="40,2000,0" yaku="18,1" doraHai="47" who="0" fromWho="3" sc="250,30,250,0,250,0,240,-20" />
</Scene>
<Scene>
<INIT seed="0,1,0,0,5,63" ten="280,250,250,220" oya="0" hai0="29,70,84,72,3,58,53,122,121,7,0,106,12" hai1="57,107,52,41,13,88,66,43,39,10,15,75,128" hai2="105,24,1,38,109,85,31,14,111,49,95,78,62" hai3="100,23,2,82,127,80,64,101,25,67,35,74,26"/><T56/><D72/><U132/><E107/><V83/><F1/><W94/><G2/><T123/><D106/><U8/><E75/><V92/><F38/><W96/><G127/><T4/><D70/><U59/><E128/><V44/><F105/><W108/><G108/><N who="2" m="41545" /><F62/><W87/><G74/><T21/><D3/><U120/><E120/><V131/><F14/><N who="1" m="5129" /><E39/><V11/><F11/><N who="1" m="4137" /><E132/><V130/><F130/><W54/><G101/><T118/><D0/><U30/><E30/><V125/><F125/><W112/><G112/><T48/><D118/><U19/><E19/><V90/><F78/><W40/><G40/><T113/><D113/><U135/><E135/><V99/><F99/><W22/><G35/><T28/><D28/><U45/><E66/><N who="3" m="25130" /><G54/><T47/><D123/><U9/><E9/><V69/><F69/><W55/><G55/><T51/><D122/><U76/><E76/><V34/><F131/><W18/><G87/><T61/><D84/><U46/><E41/><AGARI ba="1,0" hai="24,31,34,41,44,49,83,85,90,92,95" m="41545" machi="41" ten="30,1000,0" yaku="14,1" doraHai="63" who="2" fromWho="1" sc="280,0,250,-13,250,13,220,0" />
</Scene>
<Scene>
<INIT seed="1,0,0,1,1,36" ten="280,237,263,220" oya="1" hai0="135,82,60,130,68,76,59,84,47,11,48,70,126" hai1="10,103,39,3,8,107,55,124,87,57,81,132,30" hai2="31,104,17,41,75,38,35,121,64,66,101,22,6" hai3="129,16,105,62,100,111,117,79,44,27,78,23,49"/><U54/><E39/><V58/><F75/><W94/><G111/><T72/><D126/><U119/><E119/><V110/><F121/><W125/><G129/><T127/><D127/><U93/><E124/><V109/><F6/><W69/><G125/><T116/><D135/><U1/><E132/><V83/><F83/><W131/><G131/><T108/><D108/><N who="2" m="41578" /><F31/><W95/><G105/><T61/><D61/><U53/><E107/><V120/><F35/><W21/><G117/><T50/><D48/><U67/><E30/><V24/><F120/><W91/><G100/><T113/><D113/><U26/><E26/><V63/><F66/><W56/><G23/><T74/><D74/><U89/><E3/><V80/><F80/><W40/><G69/><T0/><D0/><U86/><E1/><V18/><F18/><W96/><REACH who="3" step="1"/><G95/><REACH who="3" ten="280,237,263,210" step="2"/><T122/><D116/><U133/><E133/><V106/><F101/><W19/><G19/><T28/><D70/><U7/><E7/><V29/><F29/><W32/><G32/><T128/><D28/><U88/><E103/><V14/><F24/><W52/><AGARI ba="0,1" hai="16,21,27,40,44,49,52,56,62,78,79,91,94,96" machi="52" ten="20,16000,3" yaku="1,1,0,1,7,1,25,2,8,1,52,1,54,2,53,0" doraHai="36" doraHaiUra="25" who="3" fromWho="3" sc="280,-40,237,-80,263,-40,210,170" />
</Scene>
<Scene>
<INIT seed="2,0,0,0,3,108" ten="240,157,223,380" oya="2" hai0="89,72,68,113,42,100,10,30,83,118,60,36,106" hai1="90,91,49,46,61,79,116,111,20,5,98,32,131" hai2="48,115,114,1,82,129,119,74,124,55,80,15,8" hai3="59,76,102,63,87,65,112,104,99,78,22,16,13"/><V84/><F1/><W128/><G128/><T50/><D118/><U34/><E116/><V31/><F119/><W51/><G112/><T110/><D113/><U29/><E131/><V126/><F31/><W35/><G35/><T130/><D110/><U69/><E111/><V117/><F117/><W37/><G37/><T107/><D107/><U12/><E79/><N who="2" m="44151" /><F129/><W38/><G38/><T88/><D36/><U0/><E0/><V135/><F135/><W21/><G87/><T52/><D42/><U4/><E32/><V47/><F84/><W26/><REACH who="3" step="1"/><G51/><REACH who="3" ten="240,157,223,370" step="2"/><T43/><D50/><U125/><E49/><V85/><F85/><W19/><AGARI ba="0,1" hai="13,16,19,21,22,26,59,63,65,76,78,99,102,104" machi="19" ten="20,8000,1" yaku="1,1,2,1,0,1,7,1,54,1,53,0" doraHai="108" doraHaiUra="109" who="3" fromWho="3" sc="240,-20,157,-20,223,-40,370,90" />
</Scene>
<Scene>
<INIT seed="3,0,0,3,0,85" ten="220,137,183,460" oya="3" hai0="118,53,17,79,65,69,18,15,30,43,51,117,46" hai1="98,87,4,95,25,13,84,71,19,7,12,28,22" hai2="115,36,66,8,31,33,34,47,134,114,2,105,54" hai3="133,5,110,93,26,32,91,21,80,74,39,57,109"/><W119/><G39/><T120/><D120/><U9/><E71/><V89/><F66/><W10/><G32/><T103/><D30/><U90/><REACH who="1" step="1"/><E7/><REACH who="1" ten="220,127,183,460" step="2"/><V49/><F114/><W88/><G119/><T3/><D69/><U107/><E107/><V59/><F105/><W23/><G133/><T75/><D118/><U108/><E108/><N who="3" m="41578" /><G57/><T83/><D117/><U130/><E130/><V38/><F115/><W67/><G67/><T104/><D65/><U35/><AGARI ba="0,1" hai="4,9,12,13,19,22,25,28,35,84,87,90,95,98" machi="35" ten="20,5200,0" yaku="1,1,0,1,7,1,52,1,53,0" doraHai="85" doraHaiUra="77" who="1" fromWho="1" sc="220,-13,127,62,183,-13,460,-26" />
</Scene>
<Scene>
<INIT seed="4,0,0,3,2,2" ten="207,189,170,434" oya="0" hai0="104,122,31,90,109,57,34,9,67,117,133,52,58" hai1="37,72,68,33,79,29,1,44,88,56,77,129,114" hai2="21,74,30,115,60,7,118,51,42,26,91,45,47" hai3="36,66,73,48,82,135,54,78,121,39,95,71,11"/><T103/><D117/><U116/><E68/><V113/><F74/><W8/><G121/><T94/><D122/><U123/><E123/><V100/><F100/><W23/><G66/><T134/><D109/><U130/><E116/><V0/><F118/><W83/><G71/><T119/><D119/><U127/><E1/><V13/><F0/><W16/><G39/><T102/><D104/><U93/><E127/><V20/><F60/><W81/><G36/><T69/><D58/><U132/><E72/><V38/><F91/><W107/><G107/><T32/><D67/><U25/><E132/><N who="0" m="50793" /><D9/><U5/><E5/><V62/><F62/><W27/><G135/><T124/><D124/><U14/><E14/><V22/><F7/><W28/><G95/><T112/><D112/><N who="2" m="43082" /><F13/><W50/><G50/><N who="0" m="30871" /><D69/><U96/><E56/><V64/><F64/><W125/><G8/><T6/><D6/><U17/><E114/><V110/><F110/><W12/><G125/><T99/><D31/><U3/><E3/><V10/><F10/><W63/><G63/><T49/><D49/><U85/><E37/><V59/><F59/><AGARI ba="0,0" hai="11,12,16,23,27,28,48,54,59,73,78,81,82,83" machi="59" ten="30,2000,0" yaku="7,1,54,1" doraHai="2" who="3" fromWho="2" sc="207,0,189,0,170,-20,434,20" />
</Scene>
<Scene>
<INIT seed="5,0,0,3,2,25" ten="207,189,150,454" oya="1" hai0="68,57,77,28,34,61,70,108,79,55,36,126,40" hai1="93,105,7,22,16,32,67,19,20,98,64,117,10" hai2="45,13,76,56,94,133,81,102,124,52,127,47,135" hai3="132,112,128,38,113,35,121,88,1,21,65,11,109"/><U69/><E117/><V43/><F102/><W89/><G35/><T86/><D108/><U66/><E32/><V87/><F94/><W14/><G38/><T100/><D100/><U75/><E75/><V83/><F83/><W18/><G109/><T58/><D126/><N who="2" m="48170" /><F13/><W123/><G128/><T0/><D0/><U115/><E115/><N who="3" m="44106" /><G132/><N who="2" m="50761" /><F43/><W90/><G65/><T130/><D86/><U73/><E69/><V110/><F110/><W37/><G37/><T46/><D79/><U33/><E73/><V53/><F53/><W114/><G114/><T84/><D84/><U30/><E105/><V134/><N who="2" m="50769" /><V50/><AGARI ba="0,0" hai="45,47,50,52,56,76,81,87" m="50769,48170" machi="50" ten="50,8000,1" yaku="4,1,18,1,20,1,54,1" doraHai="25" who="2" fromWho="2" sc="207,-20,189,-40,150,80,454,-20" />
</Scene>
<Scene>
<INIT seed="6,0,0,1,4,14" ten="187,149,230,434" oya="2" hai0="43,37,80,53,48,10,5,89,41,34,55,9,126" hai1="70,38,133,108,87,92,16,51,73,97,58,56,60" hai2="23,2,107,31,6,69,44,20,115,81,110,19,88" hai3="120,117,47,30,104,8,35,17,65,98,18,27,61"/><V15/><F107/><W101/><G117/><T111/><D111/><U50/><E108/><V68/><F110/><W24/><G120/><T7/><D34/><U25/><E38/><V0/><F115/><W33/><G8/><N who="0" m="3179" /><D37/><U46/><E73/><V122/><F122/><W29/><G47/><N who="0" m="27807" /><D126/><U123/><E70/><AGARI ba="0,0" hai="17,18,24,27,29,30,33,35,61,65,70,98,101,104" machi="70" ten="30,12000,2" yaku="7,1,9,1,25,2,52,2" doraHai="14" who="3" fromWho="1" sc="187,0,149,-120,230,0,434,120" />
</Scene>
<Scene>
<INIT seed="7,0,0,1,4,21" ten="187,29,230,554" oya="3" hai0="43,73,75,116,1,132,57,126,61,68,88,67,18" hai1="113,97,102,40,120,45,20,99,131,26,100,37,124" hai2="12,49,125,95,35,118,16,9,93,25,52,60,76" hai3="122,15,91,47,92,50,39,42,85,5,70,134,10"/><W96/><G122/><T27/><D1/><U82/><E113/><V128/><F118/><W111/><G134/><T54/><D132/><U17/><E120/><V65/><F128/><W80/><G111/><T6/><D6/><U135/><E131/><V59/><F125/><W98/><G70/><T89/><D126/><U41/><E124/><V133/><F76/><W14/><G39/><T55/><D43/><U51/><E135/><V77/><F77/><W115/><G115/><T127/><D116/><U81/><E37/><V78/><F78/><W30/><G30/><T86/><D89/><U110/><E110/><V62/><F62/><W13/><G98/><T44/><D44/><U34/><E34/><V112/><F112/><W109/><G109/><T64/><D127/><U103/><E41/><V119/><F119/><W46/><G46/><T4/><D4/><U90/><E90/><AGARI ba="0,0" hai="5,10,13,14,15,42,47,50,80,85,90,91,92,96" machi="90" ten="30,2900,0" yaku="7,1,8,1" doraHai="21" who="3" fromWho="1" sc="187,0,29,-29,230,0,554,29" owari="187,-21.0,0,-50.0,230,3.0,583,68.0" />
</Scene>
</mjloggm>