<mjloggm ver="2.3"><GO type="169"/><UN n0="%EF%BC%BC%28%EF%BC%BE%6F%EF%BC%BE%29%EF%BC%8F%E2%98%85" n1="%41%53%41%50%49%4E" n2="%44%65%78%69%63" n3="%E7%AB%8B%E8%8F%AF%E5%A5%8F" dan="18,18,16,16" rate="2213,2204,2082,2047" sx="M,M,M,F"/><TAIKYOKU oya="0"/>

<Scene>
<INIT seed="0,0,0,3,4,33" ten="250,250,250,250" oya="0" hai0="72,131,24,40,0,16,47,122,101,81,91,71,132" hai1="108,95,52,21,59,4,57,126,2,13,115,99,29" hai2="23,130,110,15,80,98,3,75,135,41,78,106,107" hai3="82,62,50,63,9,12,1,74,96,27,123,117,103"/><T93/><D122/><U89/><E108/><V112/><F41/><W6/><G117/><T129/><D71/><U19/><E126/><V38/><F38/><W66/><G123/><T128/><D132/><U69/><E69/><V64/><F64/><W31/><G50/><T76/><D101/><U22/><E115/><V28/><F28/><W14/><G82/><T43/><D0/><U55/><E29/><V116/><F3/><W134/><G74/><T46/><D43/><U18/><E4/><V11/><F23/><W49/><G49/><T10/><D40/><U94/><E2/><V5/><F112/><W73/><G73/><T30/><D10/><U84/><E57/><V92/><F116/><W39/><G39/><T109/><D109/><U61/><E55/><V60/><F110/><W127/><G127/><T20/><REACH who="0" step="1"/><D30/><REACH who="0" ten="240,250,250,250" step="2"/><U77/><E77/><V67/><F135/><W97/><G134/><T48/><D48/><U37/><E37/><V121/><F121/><W90/><G103/><T111/><D111/><U51/><E51/><V17/><F11/><W87/><G1/><T8/><D8/><U83/><REACH who="1" step="1"/><E99/><AGARI ba="0,1" hai="16,20,24,46,47,72,76,81,91,93,99,128,129,131" machi="99" ten="40,7700,0" yaku="1,1,19,1,54,1,53,0" doraHai="33" doraHaiUra="53" who="0" fromWho="1" sc="240,87,250,-77,250,0,250,0" />
</Scene>
<Scene>
<INIT seed="0,1,0,3,3,127" ten="327,173,250,250" oya="0" hai0="85,1,38,42,33,114,58,75,71,109,125,35,19" hai1="68,51,4,112,84,83,37,40,20,43,107,14,122" hai2="74,36,6,28,79,94,99,133,128,131,91,76,115" hai3="67,119,63,0,120,103,2,22,89,130,134,61,24"/><T116/><RYUUKYOKU type="yao9" ba="1,0" sc="327,0,173,0,250,0,250,0" hai0="1,19,33,35,38,42,58,71,75,85,109,114,116,125" />
</Scene>
<Scene>
<INIT seed="0,2,0,3,0,114" ten="327,173,250,250" oya="0" hai0="50,82,75,65,72,7,55,130,28,25,125,123,115" hai1="88,41,122,12,135,24,98,68,43,64,56,132,32" hai2="22,49,87,124,6,44,92,11,63,15,31,61,54" hai3="53,70,119,1,40,127,27,17,90,134,101,42,47"/><T133/><D115/><U113/><E113/><V77/><F124/><W58/><G127/><T116/><D125/><U83/><E122/><V20/><F20/><W117/><G1/><T74/><D123/><U106/><E68/><V8/><F8/><W5/><G5/><T84/><D65/><U23/><E32/><V79/><F79/><W3/><G3/><T45/><D7/><U0/><E0/><V16/><F31/><W126/><G70/><T36/><D36/><U120/><E120/><V97/><F87/><W13/><G126/><T30/><D133/><N who="1" m="51275" /><E12/><V46/><F46/><W51/><G27/><T14/><D130/><U19/><E106/><V80/><F80/><W10/><G134/><T66/><D66/><U37/><E37/><V128/><F77/><W118/><G101/><T76/><D14/><U62/><E83/><V78/><F78/><W85/><REACH who="3" step="1"/><G58/><REACH who="3" ten="327,173,250,240" step="2"/><T67/><D25/><U18/><E18/><V60/><F128/><W34/><G34/><T21/><D30/><U35/><E35/><V100/><REACH who="2" step="1"/><F60/><REACH who="2" ten="327,173,240,240" step="2"/><W57/><G57/><T111/><D28/><U103/><E56/><V105/><F105/><W107/><G107/><T95/><D75/><U86/><E62/><V2/><AGARI ba="2,2" hai="2,6,11,15,16,22,44,49,54,61,63,92,97,100" machi="2" ten="20,5200,0" yaku="1,1,0,1,7,1,54,1,53,0" doraHai="114" doraHaiUra="109" who="2" fromWho="2" sc="327,-28,173,-15,240,78,240,-15" />
</Scene>
<Scene>
<INIT seed="1,0,0,5,2,36" ten="299,158,318,225" oya="1" hai0="6,88,104,116,11,73,53,105,14,7,47,100,79" hai1="20,68,34,69,38,57,117,133,132,115,31,59,13" hai2="134,130,126,3,19,85,87,1,86,67,131,77,97" hai3="28,2,18,8,62,40,128,92,84,119,103,37,123"/><U54/><E115/><V89/><F67/><W9/><G123/><T16/><D116/><U71/><E117/><V70/><F70/><W113/><G119/><T48/><D100/><U99/><E38/><V83/><F19/><W120/><G120/><T17/><D17/><U102/><E34/><V98/><F126/><W93/><G113/><T52/><D79/><U42/><E42/><V75/><F134/><N who="1" m="51817" /><E13/><V22/><F22/><W21/><G128/><N who="2" m="49193" /><F89/><W26/><G62/><T78/><D53/><U50/><E57/><V10/><F10/><W58/><G58/><T80/><REACH who="0" step="1"/><D88/><REACH who="0" ten="289,158,318,225" step="2"/><U101/><E99/><AGARI ba="0,1" hai="1,3,75,77,83,85,86,87,97,98,99" m="49193" machi="99" ten="30,1000,0" yaku="19,1" doraHai="36" who="2" fromWho="1" sc="289,0,158,-10,318,20,225,0" />
</Scene>
<Scene>
<INIT seed="2,0,0,3,3,29" ten="289,148,338,225" oya="2" hai0="51,69,119,61,71,23,100,104,95,12,20,17,120" hai1="53,99,18,111,110,40,34,73,2,97,33,21,16" hai2="113,72,92,66,85,115,65,74,55,9,64,28,126" hai3="50,105,94,129,125,13,67,122,54,4,31,15,87"/><V117/><F117/><W37/><G105/><T106/><D120/><U25/><E2/><V103/><F9/><W128/><G37/><T44/><D119/><U86/><E73/><V36/><F36/><W22/><G122/><T57/><D104/><U1/><E1/><V0/><F0/><W68/><G125/><T114/><D106/><U77/><E40/><V19/><F126/><W135/><G135/><T80/><D80/><N who="1" m="47375" /><E53/><V24/><F19/><W127/><G127/><T47/><D114/><U112/><E112/><V83/><F113/><W58/><G4/><T46/><D71/><U49/><E49/><V3/><F3/><W132/><G132/><T48/><D69/><U78/><E78/><V134/><F134/><W14/><G68/><T26/><D95/><U27/><E18/><V101/><F115/><W60/><G31/><N who="0" m="17863" /><D100/><U93/><E27/><V108/><F72/><W82/><G94/><T96/><D96/><N who="1" m="36939" /><E93/><V89/><F74/><W116/><G116/><T81/><D81/><U43/><E43/><V32/><F83/><W42/><G42/><T102/><D102/><U84/><E84/><V121/><F121/><W70/><REACH who="3" step="1"/><G22/><REACH who="3" ten="289,148,338,215" step="2"/><T88/><D23/><U38/><E38/><V35/><F101/><W90/><AGARI ba="0,1" hai="13,14,15,50,54,58,60,67,70,82,87,90,128,129" machi="90" ten="30,4000,0" yaku="1,1,2,1,0,1,53,0" doraHai="29" doraHaiUra="118" who="3" fromWho="3" sc="289,-10,148,-10,338,-20,215,50" />
</Scene>
<Scene>
<INIT seed="3,0,0,2,0,88" ten="279,138,318,265" oya="3" hai0="94,59,9,105,92,129,67,54,45,22,0,2,8" hai1="128,19,123,135,122,10,79,78,1,56,41,99,52" hai2="97,133,91,73,117,46,100,20,111,125,66,87,37" hai3="42,134,57,82,62,83,119,90,65,86,70,31,32"/><W12/><G119/><T15/><D105/><U24/><E128/><V130/><F66/><W93/><G134/><T96/><D129/><U113/><E135/><V55/><F130/><W76/><G42/><T108/><D108/><U112/><E41/><V13/><F117/><W16/><G70/><T43/><D67/><U26/><E1/><V21/><F73/><W101/><G101/><T127/><D127/><U81/><E10/><N who="0" m="4201" /><D96/><U5/><E5/><V118/><F118/><W38/><G38/><T60/><D0/><U74/><E78/><V17/><F111/><W120/><G120/><T84/><D2/><U28/><E19/><V131/><F131/><W25/><G76/><T64/><D43/><U33/><E24/><V132/><F37/><W85/><G85/><T36/><D84/><U48/><REACH who="1" step="1"/><E99/><REACH who="1" ten="279,128,318,265" step="2"/><V121/><F132/><W89/><G89/><T30/><D36/><U69/><E69/><V71/><F133/><W51/><G51/><N who="0" m="29039" /><D15/><U104/><E104/><V50/><F71/><W109/><G109/><T95/><D30/><U6/><E6/><V61/><F121/><AGARI ba="0,1" hai="26,28,33,48,52,56,74,79,81,112,113,121,122,123" machi="121" ten="40,2600,0" yaku="1,1,54,1,53,0" doraHai="88" doraHaiUra="4" who="1" fromWho="2" sc="279,0,128,36,318,-26,265,0" />
</Scene>
<Scene>
<INIT seed="4,0,0,4,1,110" ten="279,164,292,265" oya="0" hai0="133,92,1,30,128,19,55,90,129,108,99,37,116" hai1="35,79,23,105,41,46,6,117,97,130,85,28,91" hai2="104,95,25,5,67,65,8,88,26,86,93,54,75" hai3="122,13,98,49,33,59,27,56,0,3,81,115,112"/><T18/><D116/><U11/><E117/><V69/><F104/><W70/><G70/><T58/><D108/><U22/><E130/><N who="0" m="50281" /><D37/><U45/><E79/><V135/><F135/><W61/><G122/><T114/><D133/><U100/><E35/><V38/><F75/><W51/><G81/><T124/><D1/><U14/><E28/><V10/><F38/><W4/><G98/><T94/><D30/><U62/><E62/><V121/><F121/><W126/><G126/><T48/><D124/><U40/><E45/><V127/><F127/><W15/><G27/><T12/><D114/><N who="3" m="43561" /><G33/><T132/><D132/><U71/><E71/><V17/><F69/><W66/><G59/><T119/><D119/><U43/><REACH who="1" step="1"/><E46/><REACH who="1" ten="279,154,292,265" step="2"/><V134/><F134/><W83/><G83/><AGARI ba="0,1" hai="6,11,14,22,23,40,41,43,83,85,91,97,100,105" machi="83" ten="40,2600,0" yaku="1,1,2,1,53,0" doraHai="110" doraHaiUra="31" who="1" fromWho="3" sc="279,0,154,36,292,0,265,-26" />
</Scene>
<Scene>
<INIT seed="5,0,0,5,4,21" ten="279,190,292,239" oya="1" hai0="85,119,77,45,75,34,128,130,97,131,78,98,17" hai1="20,54,51,0,41,46,14,19,132,36,7,105,3" hai2="27,135,5,48,44,26,13,121,107,58,52,43,37" hai3="40,81,79,68,111,1,24,62,2,65,72,124,106"/><U57/><E105/><V69/><F107/><W108/><G124/><T80/><D34/><U133/><REACH who="1" step="1"/><E7/><REACH who="1" ten="279,180,292,239" step="2"/><V122/><F121/><W87/><G106/><T59/><D128/><U67/><E67/><V91/><F122/><W123/><G123/><T100/><D131/><U64/><E64/><V30/><F135/><AGARI ba="0,1" hai="0,3,14,19,20,36,41,46,51,54,57,132,133,135" machi="135" ten="40,3900,0" yaku="1,1,20,1,53,0" doraHai="21" doraHaiUra="89" who="1" fromWho="2" sc="279,0,180,49,292,-39,239,0" />
</Scene>
<Scene>
<INIT seed="5,1,0,1,5,24" ten="279,229,253,239" oya="1" hai0="38,129,118,26,7,29,50,72,69,82,108,71,35" hai1="103,124,15,57,123,84,126,16,18,0,109,134,122" hai2="99,115,120,104,135,22,77,12,44,55,113,48,128" hai3="110,60,61,92,86,112,39,88,106,90,111,67,6"/><U80/><E0/><V107/><F120/><W125/><G106/><T76/><D38/><U74/><E74/><V85/><F128/><W33/><G39/><T105/><D108/><U94/><E109/><V23/><F135/><W59/><G33/><T102/><D118/><U28/><E134/><V4/><F104/><W36/><G36/><T1/><D50/><U75/><E75/><V25/><F107/><W66/><G125/><N who="1" m="48234" /><E18/><V2/><F2/><W117/><G117/><T100/><D129/><U32/><E57/><V65/><F65/><W54/><G112/><N who="2" m="43081" /><F99/><W130/><G130/><T21/><D21/><N who="1" m="11423" /><E94/><V5/><F12/><W133/><G133/><T45/><D105/><U34/><E103/><V43/><F22/><W47/><G6/><T116/><D116/><U89/><E32/><V20/><F20/><W114/><G114/><T63/><D7/><U101/><E101/><V119/><F119/><W131/><G131/><T11/><D102/><U41/><E41/><V17/><F43/><W81/><G67/><T97/><D1/><U87/><E87/><V30/><F17/><W79/><G90/><T78/><D100/><U121/><E121/><V27/><F27/><AGARI ba="1,0" hai="27,28,34,80,84,89,122,123" m="11423,48234" machi="27" ten="30,5800,0" yaku="18,1,52,1,54,1" doraHai="24" who="1" fromWho="2" sc="279,0,229,61,253,-61,239,0" />
</Scene>
<Scene>
<INIT seed="5,2,0,4,1,133" ten="279,290,192,239" oya="1" hai0="93,51,48,100,28,121,77,26,10,3,82,58,61" hai1="41,89,20,22,78,134,8,118,124,29,91,80,70" hai2="101,96,9,126,0,108,76,11,135,128,30,88,114" hai3="34,83,117,43,27,73,36,47,44,122,59,45,52"/><U94/><E118/><V107/><F108/><W105/><G105/><T65/><D121/><U13/><E70/><V130/><F76/><W16/><G122/><T53/><D3/><U111/><E134/><V109/><F109/><W63/><G117/><T31/><D10/><U98/><E111/><V71/><F71/><W64/><G73/><T38/><D38/><U119/><E119/><V37/><F37/><W116/><G83/><T15/><D15/><U110/><E110/><V75/><F75/><W86/><G86/><T127/><D127/><U131/><E131/><N who="2" m="50219" /><F135/><W81/><G81/><T60/><D93/><U7/><E124/><V25/><F126/><W56/><G116/><T120/><D100/><U33/><E89/><V54/><F54/><W69/><G59/><T66/><D120/><U32/><E41/><V95/><F0/><W68/><G68/><T85/><D31/><U42/><E42/><V6/><F6/><W19/><G34/><T99/><D99/><U97/><E97/><N who="2" m="61871" /><F114/><W57/><G57/><N who="0" m="34991" /><D65/><U18/><E29/><V92/><F92/><W123/><G123/><T103/><D103/><U125/><E125/><V72/><F72/><W84/><G84/><T104/><D104/><U112/><E112/><V46/><F46/><W115/><G115/><T17/><D28/><U113/><E113/><V50/><F50/><N who="3" m="30743" /><G19/><T129/><D129/><U35/><REACH who="1" step="1"/><E18/><REACH who="1" ten="279,280,192,239" step="2"/><V62/><F62/><W23/><AGARI ba="2,1" hai="16,23,27,36,43,44,45,47,63,64,69" m="30743" machi="23" ten="30,4000,0" yaku="24,1,54,2" doraHai="133" who="3" fromWho="3" sc="279,-12,280,-22,192,-12,239,56" />
</Scene>
<Scene>
<INIT seed="6,0,0,4,3,71" ten="267,258,180,295" oya="2" hai0="107,19,39,104,14,106,73,81,90,17,116,128,48" hai1="32,23,78,44,61,31,62,42,103,38,75,124,54" hai2="86,69,82,47,2,40,6,89,51,110,60,100,20" hai3="70,68,88,76,134,28,33,53,49,29,45,121,1"/><V91/><F110/><W130/><G121/><T72/><D128/><U97/><E32/><V15/><F2/><W27/><G130/><T8/><D116/><U92/><E124/><V87/><F100/><W24/><G1/><T43/><D48/><U125/><E125/><V52/><F69/><W118/><G118/><T4/><D90/><U96/><E54/><V109/><F109/><W11/><G134/><T18/><REACH who="0" step="1"/><D81/><REACH who="0" ten="257,258,180,295" step="2"/><U21/><E62/><V16/><F6/><W3/><G88/><N who="2" m="33865" /><F82/><W30/><G49/><T95/><D95/><U131/><E61/><V120/><F120/><W84/><G76/><T55/><D55/><U0/><E131/><V126/><F126/><W67/><G53/><T123/><D123/><U58/><E78/><V5/><F5/><W41/><G67/><T37/><D37/><U85/><E38/><V93/><F93/><W111/><G111/><T26/><D26/><U129/><E129/><V132/><F132/><W57/><G27/><T22/><D22/><U113/><E92/><V101/><F101/><W46/><G24/><T74/><D74/><U25/><E75/><V127/><F127/><W77/><G77/><T65/><D65/><U102/><E103/><V56/><AGARI ba="0,1" hai="15,16,20,40,47,51,52,56,60,86,87" m="33865" machi="56" ten="30,11700,0" yaku="8,1,54,3" doraHai="71" who="2" fromWho="2" sc="257,-39,258,-39,180,127,295,-39" />
</Scene>
<Scene>
<INIT seed="6,1,0,3,3,102" ten="218,219,307,256" oya="2" hai0="116,37,50,42,2,68,0,73,26,112,8,23,11" hai1="56,80,77,125,16,59,67,90,38,91,22,9,110" hai2="120,1,122,3,10,96,114,94,87,44,111,61,40" hai3="24,17,60,88,107,108,103,131,41,33,20,27,117"/><V92/><F114/><W19/><G117/><T36/><D68/><U12/><E110/><V46/><F111/><W55/><G108/><T45/><D73/><U6/><E38/><V134/><F61/><W62/><G41/><T66/><D66/><U105/><E105/><V70/><F70/><W13/><G131/><T104/><D104/><U74/><E125/><V130/><F87/><W64/><G27/><T48/><D112/><U58/><REACH who="1" step="1"/><E67/><REACH who="1" ten="218,209,307,256" step="2"/><V127/><F127/><W78/><G64/><T101/><D36/><U25/><AGARI ba="1,1" hai="6,9,12,16,22,25,56,58,59,74,77,80,90,91" machi="25" ten="30,7900,0" yaku="1,1,2,1,0,1,54,1,53,0" doraHai="102" doraHaiUra="124" who="1" fromWho="1" sc="218,-21,209,92,307,-40,256,-21" />
</Scene>
<Scene>
<INIT seed="7,0,0,0,4,64" ten="197,301,267,235" oya="3" hai0="78,68,131,63,45,54,14,70,94,67,84,38,57" hai1="28,34,105,123,2,24,60,110,106,112,15,99,25" hai2="37,127,132,20,66,61,29,113,7,74,4,88,43" hai3="21,65,27,76,42,32,85,26,81,115,53,35,49"/><W56/><G115/><T58/><D131/><U0/><E123/><V133/><F74/><W9/><G42/><N who="0" m="22743" /><D14/><U11/><E112/><V39/><F113/><W80/><G9/><T95/><D78/><U8/><E110/><V83/><F127/><W100/><G100/><T124/><D84/><U36/><E36/><V16/><F29/><W128/><G128/><T87/><D87/><U118/><E118/><V59/><F83/><W93/><G93/><T40/><D94/><U73/><E73/><V46/><F39/><W5/><G5/><T134/><D95/><U19/><E8/><V102/><F102/><W90/><G65/><T41/><D124/><U97/><E60/><V135/><REACH who="2" step="1"/><F88/><REACH who="2" ten="197,301,257,235" step="2"/><W104/><G104/><T117/><D117/><U108/><E105/><V125/><F125/><W101/><G101/><T48/><D134/><U18/><E106/><V50/><F50/><W82/><G76/><T75/><D75/><U3/><E108/><V96/><F96/><W77/><G82/><T30/><D30/><N who="1" m="19783" /><E97/><V119/><F119/><W98/><G98/><T120/><D120/><U114/><E99/><V111/><F111/><W55/><G81/><T122/><D122/><U121/><E114/><V10/><F10/><W44/><G77/><T129/><D129/><U12/><E121/><V51/><F51/><W92/><G80/><T22/><D22/><N who="1" m="11623" /><E3/><V86/><F86/><W72/><G72/><T47/><D41/><U33/><AGARI ba="0,1" hai="0,2,11,15,18,25,28,33" m="11623,19783" machi="33" ten="30,8000,1" yaku="35,5" doraHai="64" who="1" fromWho="1" sc="197,-20,301,90,257,-20,235,-40" owari="177,-32.0,391,48.0,237,4.0,195,-20.0" />
</Scene>
</mjloggm>