<mjloggm ver="2.3"><GO type="169" lobby="0"/><UN n0="%E7%A0%B4%E5%A3%8A%E9%AD%94%E7%A5%9E" n1="%E8%B6%85%E3%83%92%E3%83%A2%E3%83%AA%E3%83%AD" n2="%41%53%41%50%49%4E" n3="%EF%BC%BC%28%EF%BC%BE%6F%EF%BC%BE%29%EF%BC%8F%E2%98%85" dan="16,18,19,17" rate="2095.96,2238.81,2284.60,2197.27" sx="F,F,M,M"/><TAIKYOKU oya="0"/>

<Scene>
<INIT seed="0,0,0,0,0,86" ten="250,250,250,250" oya="0" hai0="116,0,75,35,105,53,125,39,29,131,13,23,123" hai1="11,96,101,84,26,6,33,62,135,126,47,44,109" hai2="118,4,69,32,119,66,7,1,38,107,127,60,61" hai3="63,129,46,83,40,12,8,77,97,22,113,133,24"/><T20/><BYE who="1" /><RYUUKYOKU type="yao9" ba="0,0" sc="250,0,250,0,250,0,250,0" hai0="0,13,20,23,29,35,39,53,75,105,116,123,125,131" /><UN n1="%E8%B6%85%E3%83%92%E3%83%A2%E3%83%AA%E3%83%AD" />
</Scene>
<Scene>
<INIT seed="0,1,0,4,3,108" ten="250,250,250,250" oya="0" hai0="79,53,3,4,130,107,106,10,15,43,84,61,81" hai1="113,30,109,7,122,75,124,69,55,134,62,0,44" hai2="25,91,27,49,73,12,22,121,102,14,101,64,67" hai3="41,132,38,40,120,20,116,6,19,78,94,21,13"/><T71/><D130/><U39/><RYUUKYOKU type="yao9" ba="1,0" sc="250,0,250,0,250,0,250,0" hai1="0,7,30,39,44,55,62,69,75,109,113,122,124,134" />
</Scene>
<Scene>
<INIT seed="0,2,0,0,3,47" ten="250,250,250,250" oya="0" hai0="120,100,74,32,4,44,55,15,123,88,113,10,36" hai1="18,70,9,130,80,6,7,114,108,125,82,75,127" hai2="58,40,1,84,78,85,104,133,14,107,43,96,13" hai3="41,134,17,50,87,52,118,34,116,76,109,129,94"/><T103/><D113/><U31/><E108/><V20/><F1/><W45/><G109/><T37/><D32/><U33/><E130/><V86/><F133/><W92/><G134/><T30/><D74/><U64/><E114/><V53/><F78/><W8/><G129/><T26/><D120/><U22/><E7/><V73/><F73/><W91/><G34/><T68/><D123/><U54/><E64/><V98/><F104/><W48/><G76/><T93/><D68/><U66/><E54/><V97/><F107/><W122/><G122/><T57/><D36/><U19/><E19/><V105/><F105/><W3/><G94/><T110/><D110/><U115/><E115/><V49/><F20/><W39/><G39/><T132/><D132/><U101/><E101/><V90/><F90/><W135/><G135/><T38/><D38/><U23/><E23/><V27/><F27/><W24/><G24/><T72/><D72/><U102/><E102/><V56/><REACH who="2" step="1"/><F58/><REACH who="2" ten="250,250,240,250" step="2"/><W121/><G121/><T67/><D57/><U61/><E75/><V60/><F60/><W71/><G71/><T62/><D26/><N who="1" m="18679" /><E125/><V89/><F89/><W126/><G126/><T77/><D88/><U111/><E127/><V29/><F29/><W51/><G3/><T11/><D30/><U95/><E111/><V35/><F35/><W79/><G79/><T2/><D77/><U59/><E70/><V46/><F46/><W63/><G63/><T0/><D44/><U25/><E95/><V124/><F124/><W21/><G45/><T106/><D93/><U28/><E28/><V131/><F131/><RYUUKYOKU ba="2,1" sc="250,-15,250,15,240,15,250,-15" hai1="6,9,18,22,25,59,61,66,80,82" hai2="13,14,40,43,49,53,56,84,85,86,96,97,98" />
</Scene>
<Scene>
<INIT seed="1,3,1,5,1,20" ten="235,265,255,235" oya="1" hai0="95,62,85,75,131,7,106,100,110,58,27,1,103" hai1="31,80,48,29,32,78,88,128,16,134,122,105,39" hai2="91,65,117,6,41,97,19,5,25,3,127,87,43" hai3="4,21,82,0,124,64,26,10,66,50,92,133,72"/><U55/><E128/><V84/><F117/><W98/><G133/><T76/><D75/><U115/><E134/><V12/><F3/><W118/><G118/><T93/><D131/><U49/><E39/><V44/><F127/><W59/><G124/><T18/><D110/><U47/><E105/><V51/><F65/><W69/><G69/><T73/><D73/><U13/><E115/><V107/><F43/><W67/><G72/><T56/><D106/><U113/><E122/><V46/><F46/><W9/><G9/><T101/><D7/><U68/><E68/><V71/><F71/><W94/><G82/><N who="0" m="47303" /><D1/><U77/><E113/><V123/><F123/><W111/><G111/><T120/><D120/><U81/><E32/><V109/><F109/><W28/><G94/><N who="0" m="35851" /><D62/><U70/><E70/><V33/><F97/><W61/><REACH who="3" step="1"/><G50/><REACH who="3" ten="235,265,255,225" step="2"/><T15/><D103/><AGARI ba="3,2" hai="0,4,10,21,26,28,59,61,64,66,67,92,98,103" machi="103" ten="30,12000,2" yaku="1,1,2,1,7,1,25,2,52,1,53,0" doraHai="20" doraHaiUra="74" who="3" fromWho="0" sc="235,-129,265,0,255,0,225,149" />
</Scene>
<Scene>
<INIT seed="2,0,0,2,1,134" ten="106,265,255,374" oya="2" hai0="29,58,125,32,57,65,94,104,70,133,6,18,88" hai1="45,97,46,21,111,56,92,66,20,128,33,69,9" hai2="12,17,119,135,102,3,24,15,122,99,7,23,38" hai3="131,129,26,93,74,1,37,28,73,78,8,14,113"/><V132/><F119/><W16/><G113/><T44/><D104/><U76/><E69/><V87/><F122/><W116/><G116/><T75/><D75/><U108/><E33/><V101/><F38/><W0/><G37/><T25/><D133/><N who="2" m="51274" /><F101/><W68/><G68/><T90/><D6/><U31/><E76/><V127/><F87/><W117/><G117/><T82/><D70/><U80/><E128/><N who="3" m="49226" /><G93/><T61/><D44/><U49/><E80/><V48/><F48/><W67/><G67/><T89/><D58/><U103/><E49/><V36/><F36/><W50/><G50/><T107/><D107/><U79/><E46/><V106/><F127/><W105/><G105/><T5/><D5/><U86/><E45/><V77/><F77/><W72/><G78/><T110/><D110/><U35/><E86/><V11/><AGARI ba="0,0" hai="3,7,11,12,15,17,23,24,99,102,106" m="51274" machi="11" ten="30,1500,0" yaku="20,1" doraHai="134" who="2" fromWho="2" sc="106,-5,265,-5,255,15,374,-5" />
</Scene>
<Scene>
<INIT seed="2,1,0,4,5,48" ten="101,260,270,369" oya="2" hai0="18,4,54,63,14,92,133,3,28,55,98,127,88" hai1="36,85,73,79,84,30,11,7,17,80,107,35,101" hai2="90,33,39,62,58,27,53,106,15,5,41,116,124" hai3="67,111,21,57,77,59,119,26,102,123,109,25,19"/><V128/><F116/><W83/><G119/><T74/><D74/><U86/><E17/><V113/><F113/><W52/><G123/><T46/><D133/><U121/><E121/><V72/><F72/><W68/><G102/><T51/><D127/><U12/><E36/><V117/><F117/><W96/><G96/><T24/><D4/><U61/><E101/><V1/><F1/><W31/><G59/><N who="0" m="35327" /><D3/><U9/><E107/><V38/><F124/><W130/><G67/><T13/><D28/><U95/><E30/><V94/><F106/><W126/><G68/><T118/><D118/><U64/><E35/><V110/><F41/><W16/><G126/><T49/><D49/><U20/><E20/><AGARI ba="1,0" hai="13,14,18,20,24,46,51,54,88,92,98" m="35327" machi="20" ten="30,8000,1" yaku="25,1,8,1,52,2,54,1" doraHai="48" who="0" fromWho="1" sc="101,83,260,-83,270,0,369,0" />
</Scene>
<Scene>
<INIT seed="3,0,0,5,2,67" ten="184,177,270,369" oya="3" hai0="55,26,107,99,44,46,121,8,122,91,64,130,105" hai1="22,76,1,62,110,53,124,10,34,49,27,85,112" hai2="58,16,21,98,100,77,15,82,23,56,87,89,41" hai3="70,2,111,90,135,120,66,128,0,118,125,97,78"/><W114/><RYUUKYOKU type="yao9" ba="0,0" sc="184,0,177,0,270,0,369,0" hai3="0,2,66,70,78,90,97,111,114,118,120,125,128,135" />
</Scene>
<Scene>
<INIT seed="3,1,0,5,1,102" ten="184,177,270,369" oya="3" hai0="36,50,103,83,127,69,126,92,58,48,116,72,121" hai1="59,60,99,78,85,10,81,53,70,115,132,129,91" hai2="24,66,119,96,19,64,134,15,57,93,120,90,2" hai3="39,77,40,130,54,9,88,112,47,26,107,52,95"/><W61/><G107/><T87/><D72/><U56/><E129/><V20/><F2/><W76/><G112/><T71/><D121/><U35/><E132/><V111/><F111/><W18/><G130/><T106/><D116/><U68/><E35/><V42/><F134/><W108/><G108/><T74/><D36/><U41/><E115/><V114/><F114/><W4/><G18/><T31/><D106/><U125/><E125/><N who="0" m="47625" /><D74/><U29/><E29/><V110/><F110/><W34/><G26/><T1/><D1/><U80/><E41/><V32/><F119/><W43/><G43/><T12/><D31/><U122/><E122/><V100/><F120/><W123/><G34/><T105/><D105/><U118/><E118/><V22/><F32/><W5/><G123/><T17/><D92/><U75/><E10/><V63/><F42/><W73/><G73/><T89/><D103/><U62/><REACH who="1" step="1"/><E99/><REACH who="1" ten="184,167,270,369" step="2"/><V21/><F21/><W14/><G40/><T101/><D101/><U13/><E13/><V33/><F33/><W94/><G14/><T128/><D128/><U23/><E23/><V37/><F100/><W109/><G109/><T44/><D12/><U82/><E82/><V0/><F0/><W98/><G98/><T97/><D97/><U49/><E49/><V79/><F37/><W8/><G39/><T117/><D117/><U16/><E16/><V104/><F22/><W3/><G3/><T86/><D17/><U124/><E124/><V131/><F131/><W46/><G8/><T84/><D83/><U65/><AGARI ba="1,1" hai="53,56,59,60,62,65,68,70,75,78,80,81,85,91" machi="65" ten="20,8000,1" yaku="1,1,0,1,7,1,53,2" doraHai="102" doraHaiUra="67" who="1" fromWho="1" sc="184,-21,167,93,270,-21,369,-41" />
</Scene>
<Scene>
<INIT seed="4,0,0,2,1,94" ten="163,260,249,328" oya="0" hai0="116,81,18,74,25,135,24,79,104,87,85,99,72" hai1="77,33,43,78,70,76,45,26,98,123,108,53,124" hai2="100,84,112,55,97,60,73,115,9,35,37,51,14" hai3="110,64,30,95,16,121,50,96,22,59,61,69,105"/><T92/><D116/><U49/><E108/><V106/><F73/><N who="0" m="28266" /><D18/><U31/><E123/><V21/><F35/><W57/><G121/><T91/><D24/><U13/><E70/><V131/><F37/><W58/><G110/><T23/><D25/><U3/><E3/><V90/><F131/><W103/><G30/><T114/><D23/><U19/><E124/><V127/><F60/><W125/><G125/><T66/><D66/><U101/><E43/><V122/><F127/><W29/><G29/><T0/><D0/><U20/><REACH who="1" step="1"/><E77/><REACH who="1" ten="163,250,249,328" step="2"/><V65/><F122/><W56/><G69/><T41/><D41/><U5/><E5/><V89/><F115/><W102/><G64/><T39/><D39/><U71/><E71/><V80/><F112/><W117/><G117/><T28/><D114/><U2/><E2/><V54/><F65/><W68/><G68/><T133/><D28/><U120/><E120/><V47/><F54/><W32/><G61/><T119/><D119/><U93/><AGARI ba="0,1" hai="13,19,20,26,31,33,45,49,53,76,78,93,98,101" machi="93" ten="20,5200,0" yaku="1,1,0,1,7,1,52,1,53,0" doraHai="94" doraHaiUra="86" who="1" fromWho="1" sc="163,-26,250,62,249,-13,328,-13" />
</Scene>
<Scene>
<INIT seed="5,0,0,4,1,86" ten="137,312,236,315" oya="1" hai0="30,130,75,102,122,80,129,78,79,24,111,135,74" hai1="106,10,59,119,89,107,76,85,121,126,36,65,38" hai2="117,18,94,98,26,16,101,50,9,27,42,52,57" hai3="47,69,63,73,19,31,40,71,14,108,17,66,34"/><U64/><E126/><V12/><F117/><W104/><G108/><T3/><D111/><U123/><E76/><V127/><F127/><W118/><G118/><T33/><D122/><U99/><E119/><V133/><F133/><W134/><G134/><T6/><D135/><U44/><E10/><V82/><F18/><W112/><G73/><T81/><REACH who="0" step="1"/><D102/><REACH who="0" ten="127,312,236,315" step="2"/><U95/><E123/><V67/><F67/><W13/><G66/><T32/><D32/><U2/><E121/><V45/><REACH who="2" step="1"/><F82/><REACH who="2" ten="127,312,226,315" step="2"/><W21/><G69/><T61/><D61/><AGARI ba="0,2" hai="9,12,16,26,27,42,45,50,52,57,61,94,98,101" machi="61" ten="30,12000,2" yaku="1,1,2,1,7,1,8,1,54,2,53,1" doraHai="86" doraHaiUra="48" who="2" fromWho="0" sc="127,-120,312,0,226,140,315,0" />
</Scene>
<Scene>
<INIT seed="6,0,0,1,2,92" ten="7,312,366,315" oya="2" hai0="88,134,109,124,80,117,106,74,95,32,75,71,76" hai1="103,33,2,11,69,98,111,51,58,22,36,104,127" hai2="52,41,20,97,67,7,120,107,10,50,105,17,94" hai3="9,39,44,84,129,99,87,29,63,13,25,93,101"/><V102/><F120/><W114/><G129/><T59/><D59/><U133/><E127/><V56/><F41/><W113/><G63/><T77/><D32/><U45/><E133/><V14/><REACH who="2" step="1"/><F67/><REACH who="2" ten="7,312,356,315" step="2"/><W40/><G114/><T100/><D71/><U121/><E33/><V125/><F125/><W42/><G42/><T31/><D124/><U8/><E111/><V116/><F116/><W34/><G113/><T68/><D109/><U46/><E121/><V82/><F82/><W21/><G34/><T19/><D117/><U70/><E22/><V60/><F60/><W96/><G40/><T5/><D134/><U86/><E36/><V135/><F135/><W23/><G21/><T81/><D68/><U78/><E69/><V91/><F91/><W89/><G39/><T48/><D48/><U79/><E70/><V131/><F131/><W118/><G118/><T4/><D31/><U57/><E46/><V73/><F73/><W123/><G44/><T62/><D62/><U72/><E72/><V112/><F112/><W61/><G61/><T119/><D119/><U130/><E130/><V43/><F43/><W128/><G128/><T122/><D122/><U66/><E66/><V18/><F18/><N who="3" m="8495" /><G123/><T65/><D65/><U35/><E35/><V15/><AGARI ba="0,1" hai="7,10,14,15,17,20,50,52,56,94,97,102,105,107" machi="15" ten="20,12000,1" yaku="1,1,0,1,7,1,52,1,54,1,53,0" doraHai="92" doraHaiUra="115" who="2" fromWho="2" sc="7,-40,312,-40,356,130,315,-40" owari="-33,-53.0,272,-13.0,486,58.0,275,8.0" />
</Scene>
</mjloggm>