<mjloggm ver="2.3"><GO type="169" lobby="0"/><UN n0="%7A%65%72%6F%52%58" n1="%61%68%68%68%68%68%68%61" n2="%4D%61%72%6C%69%6E" n3="%41%53%41%50%49%4E" dan="16,16,17,19" rate="2053.82,2028.30,2165.45,2267.20" sx="M,M,M,M"/><TAIKYOKU oya="0"/>

<Scene>
<INIT seed="0,0,0,1,1,100" ten="250,250,250,250" oya="0" hai0="90,10,56,53,75,36,78,54,59,112,121,111,68" hai1="21,0,73,106,79,124,63,57,94,50,80,122,114" hai2="13,88,120,108,46,113,64,83,66,58,17,117,105" hai3="35,1,102,131,3,133,119,33,91,61,41,39,28"/><T9/><D121/><U82/><E122/><V18/><F113/><W86/><G119/><T65/><D112/><U132/><E114/><V99/><F120/><W6/><G131/><T16/><D36/><U93/><E0/><V95/><F117/><W29/><G133/><T87/><D75/><U25/><E132/><V84/><F105/><W115/><G115/><T97/><D78/><U47/><E82/><V134/><F108/><W125/><G125/><T129/><D97/><U15/><E15/><V135/><F46/><W2/><G6/><T70/><D65/><N who="2" m="25194" /><F58/><N who="0" m="22058" /><D70/><U89/><E124/><V11/><F134/><W118/><G61/><T48/><D68/><U107/><E57/><V101/><F135/><W44/><G118/><T31/><D31/><U7/><E7/><AGARI ba="0,0" hai="7,11,13,17,18,83,84,88,95,99,101" m="25194" machi="7" ten="30,2000,0" yaku="8,1,54,1" doraHai="100" who="2" fromWho="1" sc="250,0,250,-20,250,20,250,0" />
</Scene>
<Scene>
<INIT seed="1,0,0,0,5,7" ten="250,230,270,250" oya="1" hai0="8,44,64,15,108,39,21,9,35,66,49,27,133" hai1="53,88,135,70,22,95,78,79,99,4,98,1,113" hai2="36,123,46,106,91,54,115,75,40,96,45,31,110" hai3="129,74,24,116,19,101,102,63,92,105,134,112,130"/><U81/><E70/><V50/><F123/><W80/><G112/><T87/><D108/><U61/><E113/><V111/><F115/><W58/><G105/><T85/><D39/><U124/><E124/><V121/><F121/><W100/><G134/><T120/><D35/><U125/><E125/><V2/><F75/><W132/><G132/><T94/><D120/><U90/><E135/><V71/><F71/><W16/><G116/><T62/><D15/><U28/><E1/><V42/><F2/><W12/><G92/><T3/><D3/><U93/><E4/><V52/><F31/><W60/><G24/><T51/><D51/><U11/><E11/><N who="0" m="4169" /><D133/><U10/><E10/><V29/><F29/><W26/><G26/><T23/><D23/><U76/><E28/><V118/><F118/><W33/><G33/><T89/><D85/><U69/><E22/><V68/><F68/><W0/><G0/><T97/><D87/><U72/><REACH who="1" step="1"/><E69/><REACH who="1" ten="250,220,270,250" step="2"/><V32/><F32/><W57/><G19/><N who="0" m="12735" /><D62/><U122/><E122/><V17/><F17/><W34/><G34/><T41/><AGARI ba="0,1" hai="41,44,49,64,66,89,94,97" m="12735,4169" machi="41" ten="30,7900,0" yaku="8,1,52,3" doraHai="7" who="0" fromWho="0" sc="250,89,220,-39,270,-20,250,-20" />
</Scene>
<Scene>
<INIT seed="2,0,0,2,2,122" ten="339,181,250,230" oya="2" hai0="130,107,128,15,11,129,31,108,50,10,110,6,95" hai1="123,7,113,46,100,40,74,93,60,87,97,4,94" hai2="51,29,43,27,106,92,66,16,19,24,55,126,28" hai3="18,36,79,91,88,49,105,111,12,30,32,45,132"/><V96/><F106/><W3/><G105/><T134/><D107/><U118/><E74/><V80/><F126/><W117/><G117/><T98/><D134/><U53/><E118/><V14/><F66/><W38/><G3/><N who="0" m="351" /><D50/><N who="1" m="26951" /><E113/><V34/><F80/><W42/><G111/><N who="0" m="42539" /><D31/><N who="2" m="11850" /><F43/><W2/><G132/><T63/><D63/><U85/><E123/><V86/><F86/><N who="1" m="32777" /><E94/><V103/><F34/><W57/><G32/><T62/><D62/><U37/><E37/><V90/><F103/><W120/><G36/><T89/><D130/><U69/><E53/><V83/><F83/><W112/><G38/><T39/><D39/><U76/><E69/><V101/><F101/><W131/><G131/><T44/><D44/><U133/><E60/><V127/><F127/><W68/><G45/><T52/><D52/><U75/><E133/><V116/><F116/><W13/><G42/><T8/><D8/><U26/><E26/><N who="2" m="9771" /><F14/><W1/><G13/><T35/><D35/><U109/><E109/><V115/><F115/><W48/><G12/><T64/><D64/><U114/><E114/><V81/><F81/><W21/><G112/><T121/><D121/><U72/><E76/><V5/><F5/><AGARI ba="0,0" hai="5,11,15,89,95,98,128,129" m="42539,351" machi="5" ten="30,7700,0" yaku="14,1,52,3" doraHai="122" who="0" fromWho="2" sc="339,77,181,0,250,-77,230,0" />
</Scene>
<Scene>
<INIT seed="3,0,0,0,4,30" ten="416,181,173,230" oya="3" hai0="108,50,95,10,65,120,129,135,111,23,32,40,15" hai1="44,0,53,133,119,73,123,100,38,41,2,89,113" hai2="85,48,46,121,18,55,134,90,79,6,99,94,67" hai3="127,125,131,11,82,27,42,117,130,39,93,49,17"/><W9/><G39/><T110/><D120/><U20/><E123/><V66/><F121/><W83/><G93/><T14/><D135/><U58/><E113/><V64/><F134/><W19/><G49/><T132/><D132/><U101/><E73/><V54/><F6/><W77/><G42/><T98/><D129/><N who="3" m="49161" /><G117/><T13/><D65/><U52/><E133/><V51/><F18/><N who="3" m="6667" /><G27/><T91/><D23/><U112/><E20/><V31/><F31/><W29/><G29/><T22/><D22/><U122/><E112/><V3/><F3/><W45/><G45/><N who="0" m="25895" /><D10/><N who="3" m="3593" /><G77/><T5/><D5/><U37/><E119/><V70/><F70/><W24/><G24/><T68/><D68/><U21/><E21/><V57/><REACH who="2" step="1"/><F79/><REACH who="2" ten="416,181,163,230" step="2"/><W43/><G43/><T61/><D111/><U78/><E78/><V116/><F116/><W126/><AGARI ba="0,1" hai="82,83,125,126,127" m="3593,6667,49161" machi="126" ten="40,12000,1" yaku="28,2,18,1,19,1" doraHai="30" who="3" fromWho="3" sc="416,-40,181,-40,163,-40,230,130" />
</Scene>
<Scene>
<INIT seed="3,1,0,5,5,15" ten="376,141,123,360" oya="3" hai0="92,130,42,103,29,122,43,98,2,113,87,28,61" hai1="25,36,16,90,12,53,116,54,39,105,101,106,75" hai2="123,135,126,82,95,58,63,84,6,22,97,119,7" hai3="83,5,65,23,124,45,125,35,4,24,66,76,60"/><W91/><G35/><T11/><D122/><U86/><E75/><V0/><F119/><W134/><G134/><T102/><D130/><U37/><E116/><V48/><F135/><W21/><G91/><T73/><D73/><U72/><E72/><V78/><F126/><N who="3" m="48747" /><G45/><T17/><D113/><U52/><E25/><V129/><F129/><W47/><G47/><T132/><D103/><U108/><E108/><V3/><F48/><W34/><G34/><T131/><D131/><U51/><E51/><V109/><F109/><W114/><G114/><T20/><D132/><U100/><E100/><N who="2" m="60479" /><F3/><W85/><G23/><T112/><D112/><U64/><E64/><N who="3" m="24682" /><G60/><T81/><D61/><U31/><E101/><V118/><F0/><W8/><G8/><T62/><D62/><U133/><E133/><V120/><F118/><W49/><G49/><T44/><D11/><U50/><E50/><V27/><F120/><W56/><G56/><T77/><D2/><U89/><E31/><AGARI ba="1,0" hai="4,5,21,24,31,76,83,85" m="24682,48747" machi="31" ten="30,1500,0" yaku="18,1" doraHai="15" who="3" fromWho="1" sc="376,0,141,-18,123,0,360,18" />
</Scene>
<Scene>
<INIT seed="3,2,0,0,2,112" ten="376,123,123,378" oya="3" hai0="119,15,49,86,110,17,6,90,75,16,96,60,80" hai1="65,68,72,123,67,58,59,105,95,46,93,48,104" hai2="98,113,51,106,100,55,27,117,131,9,40,14,2" hai3="21,35,84,120,116,124,76,114,108,19,89,85,33"/><W39/><G114/><T57/><D119/><U61/><E72/><V115/><F2/><W56/><G120/><T0/><D0/><U32/><E32/><V83/><F131/><W97/><G39/><T42/><D110/><U29/><E29/><V26/><F117/><W79/><G108/><T31/><D75/><U13/><E123/><V77/><F40/><W132/><G116/><T88/><D31/><U24/><E24/><V5/><F115/><W62/><G132/><T63/><D6/><U25/><E25/><V45/><REACH who="2" step="1"/><F113/><REACH who="2" ten="376,123,113,378" step="2"/><W30/><G124/><T47/><D17/><U66/><E13/><V130/><F130/><W44/><G19/><T134/><D134/><U4/><E4/><V10/><F10/><W3/><G3/><T22/><D57/><U50/><E68/><V74/><AGARI ba="2,1" hai="5,9,14,26,27,45,51,55,74,77,83,98,100,106" machi="74" ten="20,5200,0" yaku="1,1,0,1,7,1,53,1" doraHai="112" doraHaiUra="102" who="2" fromWho="2" sc="376,-15,123,-15,113,68,378,-28" />
</Scene>
<Scene>
<INIT seed="4,0,0,1,3,118" ten="361,108,181,350" oya="0" hai0="95,110,134,93,87,109,19,63,74,44,98,33,15" hai1="77,122,72,90,80,111,86,52,133,45,91,121,48" hai2="113,27,83,81,96,43,126,101,5,117,105,88,34" hai3="28,99,16,32,49,59,124,97,108,37,41,3,55"/><T94/><D33/><U85/><E111/><N who="0" m="42505" /><D74/><U120/><E133/><V42/><F117/><W26/><G108/><T7/><D134/><U61/><E61/><V127/><F113/><W135/><G135/><T76/><D7/><U92/><REACH who="1" step="1"/><E121/><REACH who="1" ten="361,98,181,350" step="2"/><V70/><F126/><W123/><G124/><T115/><D63/><U35/><E35/><V4/><F127/><W14/><G123/><T23/><D115/><U54/><E54/><V17/><F34/><W106/><G55/><T30/><D30/><U84/><E84/><V53/><F53/><W56/><G28/><T8/><D98/><U68/><E68/><V116/><F70/><W36/><G97/><T18/><D44/><U60/><E60/><V69/><F69/><W131/><G99/><T38/><D87/><U10/><E10/><V104/><F116/><W22/><G32/><T25/><D38/><U47/><E47/><V82/><F105/><W78/><G36/><T2/><D2/><U20/><E20/><N who="2" m="13711" /><F104/><W66/><G106/><T130/><D130/><U21/><E21/><V100/><F42/><W125/><G125/><T29/><D29/><U13/><E13/><V79/><F43/><W71/><G131/><T89/><D23/><U119/><E119/><V0/><F0/><W64/><G3/><T58/><D15/><U62/><E62/><V73/><F73/><W9/><G71/><T51/><D51/><U112/><E112/><V132/><F132/><W67/><G37/><T24/><D8/><U39/><E39/><V31/><F31/><W50/><G9/><T107/><D58/><U40/><E40/><RYUUKYOKU ba="0,1" sc="361,-10,98,30,181,-10,350,-10" hai1="45,48,52,72,77,80,85,86,90,91,92,120,122" />
</Scene>
<Scene>
<INIT seed="5,1,1,4,2,8" ten="351,128,171,340" oya="1" hai0="36,55,57,63,75,42,64,58,20,15,92,135,82" hai1="77,81,34,62,51,108,40,25,48,133,32,60,66" hai2="86,103,106,29,97,117,90,13,83,17,113,54,71" hai3="11,59,46,53,134,65,111,56,14,22,9,116,74"/><U67/><E133/><V69/><F117/><W84/><G74/><T112/><D135/><U94/><E108/><V129/><F129/><W18/><G134/><T127/><D112/><U89/><E40/><V105/><F105/><W41/><G111/><T131/><D131/><U85/><E34/><V27/><F54/><W24/><G116/><T52/><D127/><U96/><E32/><V39/><F39/><W50/><G65/><T118/><D118/><U80/><E25/><V107/><F107/><W100/><G100/><T119/><D119/><U45/><E81/><V33/><REACH who="2" step="1"/><F113/><REACH who="2" ten="351,128,161,340" step="2"/><W98/><G53/><T87/><D55/><N who="1" m="30095" /><E51/><V109/><F109/><W110/><G110/><T2/><D52/><U73/><E73/><V124/><F124/><W4/><G50/><T120/><D36/><U0/><E0/><V38/><F38/><W101/><G41/><T125/><D2/><U122/><E122/><V44/><F44/><W130/><G46/><T114/><D42/><U95/><E94/><V1/><F1/><W104/><G130/><T6/><D92/><U35/><E35/><V47/><F47/><W79/><G104/><T5/><D125/><U61/><AGARI ba="1,2" hai="60,61,62,66,67,77,80,85,89,95,96" m="30095" machi="61" ten="30,1500,0" yaku="8,1" doraHai="8" who="1" fromWho="1" sc="351,-6,128,38,161,-6,340,-6" />
</Scene>
<Scene>
<INIT seed="5,2,0,4,0,98" ten="345,166,155,334" oya="1" hai0="43,91,84,15,12,97,62,47,77,2,30,23,21" hai1="26,128,39,117,94,69,134,101,51,57,105,11,71" hai2="48,78,86,67,63,9,36,127,113,34,130,81,24" hai3="119,60,122,13,107,93,29,59,42,32,19,35,46"/><U106/><E117/><V10/><F36/><W3/><G122/><T126/><D2/><U65/><E39/><V92/><F127/><W110/><G110/><T52/><D126/><U102/><E11/><V83/><F130/><W28/><G107/><T135/><D135/><U104/><E134/><V44/><F113/><W80/><G3/><T56/><D97/><U33/><E128/><V54/><F92/><W121/><G121/><T120/><D77/><U53/><E94/><V18/><F81/><W103/><G119/><T17/><D120/><U6/><E6/><V64/><F64/><W22/><G35/><T124/><D124/><U82/><E82/><V37/><F37/><W123/><G32/><T72/><D72/><U14/><E14/><N who="0" m="5161" /><D17/><U61/><REACH who="1" step="1"/><E71/><REACH who="1" ten="345,156,155,334" step="2"/><V132/><F132/><W68/><G80/><N who="0" m="49543" /><D30/><AGARI ba="2,1" hai="26,30,33,51,53,57,61,65,69,101,102,104,105,106" machi="30" ten="40,12000,1" yaku="1,1,52,2,53,1" doraHai="98" doraHaiUra="20" who="1" fromWho="0" sc="345,-126,156,136,155,0,334,0" />
</Scene>
<Scene>
<INIT seed="5,3,0,4,5,17" ten="219,292,155,334" oya="1" hai0="131,107,111,1,133,89,40,7,66,78,2,119,10" hai1="126,118,109,31,83,58,98,74,16,60,13,90,65" hai2="42,94,116,72,134,9,100,108,11,63,61,6,62" hai3="122,25,33,22,135,125,114,99,93,8,32,3,52"/><U129/><E118/><V88/><F116/><W76/><G122/><T103/><D119/><U106/><E126/><V38/><F72/><W53/><G125/><T81/><D111/><U19/><E109/><V41/><F108/><W69/><G69/><T91/><D1/><U117/><E117/><V132/><F100/><W68/><G68/><T37/><D133/><N who="2" m="51306" /><F38/><W46/><G135/><T96/><D66/><U127/><E127/><V47/><F47/><W26/><G26/><T39/><D131/><U50/><E31/><V73/><F73/><W67/><G67/><T0/><D0/><U43/><E129/><V23/><F23/><W104/><G104/><T48/><D48/><U49/><E19/><V79/><F79/><W77/><G33/><T75/><REACH who="0" step="1"/><D39/><REACH who="0" ten="209,292,155,334" step="2"/><U86/><E43/><N who="2" m="16395" /><F6/><W112/><G3/><T51/><D51/><U29/><E50/><V55/><F55/><W20/><G52/><T44/><AGARI ba="3,1" hai="2,7,10,37,40,44,75,78,81,89,91,96,103,107" machi="44" ten="30,12000,2" yaku="1,1,0,1,25,2,53,2" doraHai="17" doraHaiUra="84" who="0" fromWho="0" sc="209,139,292,-63,155,-33,334,-33" />
</Scene>
<Scene>
<INIT seed="6,0,0,5,1,47" ten="348,229,122,301" oya="2" hai0="73,91,17,14,42,26,127,83,30,33,110,113,72" hai1="28,93,18,118,44,135,35,89,51,66,41,63,55" hai2="5,111,105,121,59,32,75,13,122,52,57,19,61" hai3="7,102,126,95,20,36,112,114,6,22,48,1,109"/><V87/><F75/><W107/><G109/><T96/><D110/><U101/><E118/><V134/><F111/><W90/><G36/><T49/><D113/><N who="3" m="43625" /><G126/><T68/><D68/><U31/><E135/><V78/><F134/><W108/><G108/><T50/><D127/><U106/><E106/><V67/><F105/><W54/><G102/><T58/><D42/><U65/><E101/><V2/><F32/><W81/><G81/><T99/><D58/><N who="1" m="35295" /><E18/><V80/><F5/><N who="3" m="1547" /><G1/><T37/><D37/><U85/><E35/><V100/><F100/><W130/><G130/><T24/><D33/><U9/><E9/><V129/><F129/><W125/><G107/><T94/><D73/><U79/><E79/><V8/><REACH who="2" step="1"/><F2/><REACH who="2" ten="348,229,112,301" step="2"/><W103/><G103/><T76/><D72/><U128/><E128/><V62/><AGARI ba="0,1" hai="8,13,19,52,57,59,61,62,67,78,80,87,121,122" machi="62" ten="20,12000,1" yaku="1,1,2,1,0,1,7,1,54,1,53,0" doraHai="47" doraHaiUra="43" who="2" fromWho="2" sc="348,-40,229,-40,112,130,301,-40" />
</Scene>
<Scene>
<INIT seed="6,1,0,3,2,124" ten="308,189,242,261" oya="2" hai0="59,31,97,45,92,40,88,110,43,12,54,68,127" hai1="91,77,83,69,123,112,78,44,63,111,73,39,135" hai2="75,64,118,131,70,49,133,28,108,30,29,13,87" hai3="117,19,119,53,81,66,76,103,35,46,113,80,120"/><V17/><F75/><W122/><G35/><T42/><D110/><U104/><E111/><V22/><F108/><W89/><G66/><T74/><D74/><U55/><E112/><V106/><F118/><W23/><G113/><T3/><D3/><U52/><E104/><V107/><F133/><W114/><G114/><T14/><D68/><U62/><E135/><V34/><F34/><W99/><G89/><T41/><D127/><U27/><E123/><V96/><F87/><W10/><G10/><T11/><D31/><U4/><E4/><V101/><F49/><W86/><G80/><T129/><D129/><U121/><E121/><V128/><REACH who="2" step="1"/><F107/><REACH who="2" ten="308,189,232,261" step="2"/><W47/><G120/><T95/><D41/><U8/><E73/><V6/><F6/><W9/><G122/><T72/><D72/><U1/><E39/><V115/><F115/><W58/><G119/><T79/><D42/><U26/><E63/><AGARI ba="1,1" hai="13,17,22,28,29,30,63,64,70,96,101,106,128,131" machi="63" ten="40,12000,1" yaku="1,1,52,2,53,1" doraHai="124" doraHaiUra="15" who="2" fromWho="1" sc="308,0,189,-123,232,133,261,0" />
</Scene>
<Scene>
<INIT seed="6,2,0,0,1,7" ten="308,66,365,261" oya="2" hai0="108,28,15,47,103,96,86,29,134,22,106,129,34" hai1="87,9,109,117,88,118,127,60,92,99,35,42,68" hai2="98,54,2,74,30,64,101,78,120,79,84,31,135" hai3="8,61,77,25,43,121,12,37,18,130,4,119,48"/><V41/><F120/><W110/><G110/><T131/><D108/><U89/><E109/><V73/><F2/><W122/><G37/><T53/><D34/><U59/><E35/><V71/><F41/><W93/><G119/><T5/><D134/><U49/><E127/><V113/><F135/><W27/><G130/><N who="0" m="49675" /><D86/><U39/><E39/><V0/><F0/><W85/><G121/><T57/><D47/><U3/><E68/><V14/><F73/><W97/><G122/><T19/><D5/><U52/><E42/><V13/><F74/><W33/><G33/><T69/><D69/><U50/><E118/><V132/><F132/><W66/><G18/><T91/><D91/><U21/><E117/><V111/><F84/><W62/><G48/><AGARI ba="2,0" hai="15,19,22,28,29,48,53,57,96,103,106" m="49675" machi="48" ten="30,1000,0" yaku="19,1" doraHai="7" who="0" fromWho="3" sc="308,16,66,0,365,0,261,-16" />
</Scene>
<Scene>
<INIT seed="7,0,0,2,5,81" ten="324,66,365,245" oya="3" hai0="38,103,31,91,15,47,128,8,121,14,96,3,90" hai1="9,94,77,111,131,50,20,17,36,104,106,5,79" hai2="135,32,28,11,119,58,7,67,51,52,114,68,95" hai3="105,61,57,55,70,133,100,113,4,83,122,30,92"/><W123/><G105/><T117/><D121/><U75/><E36/><V134/><F119/><W101/><G113/><T13/><D117/><U124/><E111/><V64/><F114/><W21/><G133/><N who="2" m="50697" /><F68/><W86/><G70/><T19/><D128/><U10/><E131/><V73/><F73/><W44/><G122/><T108/><D108/><U71/><E124/><V98/><F28/><W62/><G123/><T18/><D31/><U76/><E75/><V35/><F35/><W39/><G4/><T129/><D3/><U130/><E71/><V2/><F32/><W87/><G61/><T97/><D14/><U112/><E130/><V82/><F82/><W54/><G39/><T74/><D74/><U115/><E94/><V84/><F84/><N who="3" m="32299" /><G83/><T23/><D129/><U33/><E33/><V132/><F132/><W49/><G92/><T29/><D38/><U48/><E115/><V59/><F59/><W0/><G0/><T109/><D109/><U60/><E60/><V63/><F63/><W120/><G120/><T65/><D103/><AGARI ba="0,0" hai="2,7,11,51,52,58,64,67,95,98,103" m="50697" machi="103" ten="30,2000,0" yaku="20,1,54,1" doraHai="81" who="2" fromWho="0" sc="324,-20,66,0,365,20,245,0" owari="304,10.0,66,-43.0,385,48.0,245,-15.0" />
</Scene>
</mjloggm>