<mjloggm ver="2.3"><GO type="169"/><UN n0="%79%69%6E%6E%65%72%30%36" n1="%41%53%41%50%49%4E" n2="%E3%81%93%E3%81%BE%E3%81%A3%E3%81%95%E3%82%93" n3="%E7%A9%BA%E5%B1%85" dan="16,18,16,16" rate="2087,2209,2124,2041" sx="M,M,M,M"/><TAIKYOKU oya="0"/>

<Scene>
<INIT seed="0,0,0,2,5,124" ten="250,250,250,250" oya="0" hai0="123,86,94,77,53,80,20,24,79,111,73,71,119" hai1="115,54,118,52,101,72,23,31,32,2,17,113,97" hai2="39,46,13,22,129,33,81,110,26,47,103,48,27" hai3="8,70,120,49,109,4,76,10,40,99,89,130,68"/><T102/><D123/><U135/><E118/><V122/><F122/><W5/><G120/><T3/><D3/><U67/><E72/><V61/><F39/><W30/><G30/><T62/><D119/><U126/><E2/><V87/><F33/><W50/><G89/><T92/><D111/><U127/><E67/><V100/><F110/><W116/><G99/><T121/><D121/><U28/><E135/><V128/><F61/><W0/><G0/><T85/><D73/><U21/><E32/><V95/><F13/><W96/><G96/><T11/><D11/><U90/><E90/><V16/><F27/><W106/><G109/><T1/><D1/><U58/><E97/><V107/><F95/><N who="0" m="36394" /><D71/><U57/><REACH who="1" step="1"/><E17/><REACH who="1" ten="250,240,250,250" step="2"/><V132/><F132/><W88/><G116/><T7/><D102/><AGARI ba="0,1" hai="21,23,28,31,52,54,57,58,101,102,113,115,126,127" machi="102" ten="25,12000,2" yaku="1,1,2,1,22,2,54,1,53,2" doraHai="124" doraHaiUra="98" who="1" fromWho="0" sc="250,-120,240,130,250,0,250,0" />
</Scene>
<Scene>
<INIT seed="1,0,0,4,2,50" ten="130,370,250,250" oya="1" hai0="36,24,62,35,134,128,82,125,91,86,76,116,74" hai1="123,106,57,41,90,64,6,110,107,40,99,15,23" hai2="49,42,120,114,30,12,1,105,117,92,97,60,16" hai3="3,77,104,71,54,115,37,96,129,8,33,18,13"/><U79/><E123/><V10/><F105/><W39/><G77/><T112/><D116/><U69/><E69/><V31/><F117/><W70/><G115/><T118/><D112/><U89/><E79/><V108/><F114/><W132/><G33/><T11/><D118/><U46/><E110/><V102/><F120/><W87/><G87/><T38/><D128/><U45/><E64/><V48/><F1/><W135/><G3/><T4/><D134/><N who="3" m="51241" /><G129/><T119/><D119/><U65/><E65/><V126/><F108/><W34/><G34/><T101/><D101/><U28/><E57/><V63/><F126/><W22/><G104/><T25/><D125/><U113/><E113/><V29/><F42/><W17/><G96/><T93/><D62/><AGARI ba="0,0" hai="10,12,16,29,30,31,48,49,60,62,63,92,97,102" machi="62" ten="40,2600,0" yaku="8,1,54,1" doraHai="50" who="2" fromWho="0" sc="130,-26,370,0,250,26,250,0" />
</Scene>
<Scene>
<INIT seed="2,0,0,4,4,63" ten="104,370,276,250" oya="2" hai0="96,48,102,58,43,5,32,106,10,51,79,127,9" hai1="52,19,134,26,117,54,50,8,29,92,75,77,95" hai2="17,46,24,40,107,133,41,111,68,132,110,64,116" hai3="113,72,2,14,121,73,100,119,126,86,7,27,6"/><V91/><F107/><W90/><G100/><T55/><D127/><U44/><E117/><V131/><F41/><W93/><G119/><T21/><D32/><U42/><E134/><N who="2" m="51819" /><F91/><W28/><G2/><T76/><D21/><U124/><E124/><V122/><F116/><W105/><G105/><T20/><D20/><U25/><E75/><V45/><F45/><W108/><G6/><T3/><D10/><U35/><E77/><V1/><F1/><W33/><G121/><T88/><D43/><U89/><E92/><V38/><F17/><W69/><G126/><T120/><D120/><U115/><E115/><V62/><F24/><W36/><G36/><T23/><D23/><U67/><E25/><V97/><F97/><W60/><G7/><T101/><D101/><U99/><REACH who="1" step="1"/><E67/><REACH who="1" ten="104,360,276,250" step="2"/><V30/><F122/><W83/><G72/><T16/><D79/><U78/><E78/><V128/><F30/><W135/><G73/><T57/><D76/><U81/><E81/><V39/><F38/><W103/><G83/><T80/><D80/><U70/><E70/><V74/><F74/><W112/><G69/><T130/><D106/><U109/><E109/><AGARI ba="0,1" hai="39,40,46,62,64,68,109,110,111,128,131" m="51819" machi="109" ten="30,18000,2" yaku="14,1,10,1,20,1,23,1,34,2,52,1" doraHai="63" who="2" fromWho="1" sc="104,0,360,-180,276,190,250,0" />
</Scene>
<Scene>
<INIT seed="2,1,0,0,1,80" ten="104,180,466,250" oya="2" hai0="91,115,90,38,2,102,124,135,62,45,12,19,93" hai1="126,11,106,84,25,9,111,36,134,33,89,17,121" hai2="22,66,129,6,40,67,48,43,53,14,68,132,94" hai3="60,39,65,123,71,1,81,4,21,85,98,24,8"/><V130/><F132/><W82/><G123/><T107/><D115/><U88/><E134/><V70/><F6/><W113/><G113/><T117/><D135/><U59/><E121/><V119/><F94/><W56/><G39/><T108/><D108/><U127/><E111/><V27/><F14/><W92/><G71/><N who="2" m="27177" /><F119/><W87/><G82/><T54/><D117/><U74/><E74/><V55/><F22/><W120/><G81/><T42/><D2/><U83/><E36/><V79/><F79/><W35/><G35/><T97/><D124/><N who="1" m="47659" /><E106/><V13/><F13/><W50/><G50/><T44/><D107/><U61/><E89/><V75/><F27/><W34/><G34/><T29/><D29/><N who="1" m="19631" /><E17/><V37/><F37/><W109/><G120/><T131/><D91/><U95/><E95/><V47/><F75/><W5/><G5/><T104/><D104/><U16/><E16/><V96/><F96/><W103/><G109/><T114/><D90/><U58/><E58/><V78/><F78/><W26/><G26/><T15/><D19/><AGARI ba="1,0" hai="1,4,8,19,21,24,56,60,65,85,87,92,98,103" machi="19" ten="30,3900,0" yaku="7,1,52,2" doraHai="80" who="3" fromWho="0" sc="104,-42,180,0,466,0,250,42" />
</Scene>
<Scene>
<INIT seed="3,0,0,1,4,28" ten="62,180,466,292" oya="3" hai0="106,21,69,61,31,80,127,64,120,4,90,81,128" hai1="10,2,130,16,17,77,20,112,43,50,27,117,39" hai2="91,74,108,124,100,67,60,105,54,92,114,63,94" hai3="118,129,13,58,126,56,38,53,37,36,46,71,24"/><W44/><G118/><T26/><D120/><U65/><E112/><V134/><F74/><W107/><G107/><T122/><D122/><U78/><E39/><V12/><F105/><W25/><G71/><T51/><D127/><U48/><E117/><V70/><F114/><W7/><G126/><T42/><D128/><U79/><E130/><V14/><F124/><W96/><G96/><T66/><D66/><U75/><E75/><V33/><F94/><W34/><G129/><T93/><D106/><U103/><E103/><V99/><F100/><W6/><G13/><T29/><D29/><U40/><E65/><V83/><F83/><W72/><G72/><T30/><D30/><U131/><E131/><V97/><F97/><W3/><G37/><T35/><D4/><U125/><E125/><V45/><F12/><W132/><G53/><T8/><D21/><N who="1" m="13735" /><E10/><V59/><F14/><W110/><G132/><T0/><D8/><U47/><E2/><V62/><F134/><W73/><G73/><T52/><D42/><N who="1" m="24695" /><E50/><V95/><F70/><W22/><G22/><T84/><REACH who="0" step="1"/><D0/><REACH who="0" ten="52,180,466,292" step="2"/><U115/><E115/><V111/><F67/><W109/><G3/><T19/><D19/><U133/><E133/><V101/><F54/><W1/><G1/><T9/><D9/><U5/><E5/><V11/><F11/><W123/><G123/><T68/><D68/><U32/><E40/><V102/><F102/><W88/><G6/><T89/><D89/><U104/><E43/><V55/><F101/><W119/><G7/><T41/><D41/><U121/><E104/><V98/><F55/><RYUUKYOKU ba="0,1" sc="52,30,180,-10,466,-10,292,-10" hai0="26,31,35,51,52,61,64,69,80,81,84,90,93" />
</Scene>
<Scene>
<INIT seed="4,1,1,0,4,14" ten="82,170,456,282" oya="0" hai0="25,120,15,47,31,132,27,122,46,96,108,10,43" hai1="109,91,30,64,34,42,90,33,1,67,104,57,100" hai2="126,58,45,50,102,37,22,0,123,83,44,89,29" hai3="20,65,5,110,106,69,97,36,79,55,9,124,115"/><T13/><D132/><U59/><E109/><V105/><F0/><W7/><G55/><T82/><D108/><U39/><E1/><V130/><F123/><W38/><G20/><T21/><D15/><U76/><E76/><V4/><F4/><W32/><G79/><T112/><D112/><U127/><E127/><V11/><F11/><W118/><G9/><T3/><D3/><U52/><E100/><V121/><F121/><W134/><G97/><T129/><D129/><U54/><E42/><V133/><F37/><W18/><G7/><T86/><D96/><U85/><E39/><V41/><F45/><W93/><G5/><T75/><D25/><U23/><E85/><V35/><F126/><W80/><G80/><T84/><D75/><U62/><E23/><V48/><F35/><W40/><G32/><T66/><D66/><U116/><E62/><V71/><F83/><W98/><G65/><T99/><D99/><U70/><E30/><V72/><F22/><W81/><G98/><T61/><D61/><U119/><REACH who="1" step="1"/><E70/><REACH who="1" ten="82,160,456,282" step="2"/><V8/><F71/><W19/><G69/><T26/><D86/><U53/><E53/><V12/><F29/><W74/><G40/><T117/><D43/><U107/><AGARI ba="1,2" hai="33,34,52,54,57,59,64,67,90,91,104,107,116,119" machi="107" ten="25,12000,2" yaku="1,1,0,1,22,2,54,1,53,2" doraHai="14" doraHaiUra="113" who="1" fromWho="1" sc="82,-61,160,143,456,-31,282,-31" />
</Scene>
<Scene>
<INIT seed="5,0,0,4,0,107" ten="21,303,425,251" oya="1" hai0="131,118,109,68,76,62,15,67,65,101,51,129,79" hai1="53,114,8,84,96,58,47,38,4,95,110,43,34" hai2="36,32,87,41,81,123,45,106,23,78,61,128,1" hai3="93,42,126,46,71,17,134,7,24,29,132,54,105"/><U77/><E114/><V31/><F123/><W86/><G105/><T16/><D109/><U94/><E34/><V70/><F23/><W63/><G7/><T91/><D118/><U80/><E110/><V13/><F13/><W119/><G119/><T102/><D51/><U33/><E96/><V49/><F49/><W90/><G126/><T21/><D67/><U103/><E103/><V40/><F87/><W73/><G73/><T37/><D37/><U52/><E33/><V113/><F41/><W98/><G17/><T133/><D133/><N who="3" m="51305" /><G86/><T88/><D101/><U99/><E99/><V64/><F128/><W5/><G5/><T6/><D6/><U127/><E127/><V30/><F30/><W57/><G71/><T100/><D100/><U20/><E20/><V92/><F92/><W12/><G12/><T2/><D2/><U125/><E125/><V27/><F113/><W18/><G18/><T26/><D102/><U130/><E130/><N who="0" m="49673" /><D15/><U112/><E112/><V111/><F111/><W25/><G29/><T59/><D68/><U85/><E85/><V48/><F106/><W124/><G124/><T11/><D11/><U50/><REACH who="1" step="1"/><E53/><REACH who="1" ten="21,293,425,251" step="2"/><N who="2" m="29839" /><F32/><W72/><G72/><T14/><D26/><U35/><E35/><V3/><F27/><W60/><G25/><T55/><D55/><U9/><E9/><V44/><F31/><W83/><G24/><T74/><D74/><U10/><E10/><V56/><F78/><W22/><G22/><T121/><D121/><U97/><E97/><V75/><F40/><W122/><G42/><T89/><AGARI ba="0,1" hai="14,16,21,59,62,65,76,79,88,89,91" m="49673" machi="89" ten="30,4000,0" yaku="19,1,54,2" doraHai="107" who="0" fromWho="0" sc="21,50,293,-20,425,-10,251,-10" />
</Scene>
<Scene>
<INIT seed="6,0,0,2,5,111" ten="71,273,415,241" oya="2" hai0="72,89,55,105,31,15,70,64,53,67,50,80,103" hai1="108,12,37,81,98,115,121,60,36,57,126,84,44" hai2="59,62,35,123,4,127,69,38,97,113,45,74,49" hai3="5,71,130,39,85,124,2,92,66,52,10,32,47"/><V46/><F74/><W48/><G32/><T16/><D31/><U17/><E108/><V102/><F35/><W6/><G130/><T58/><D70/><U86/><E126/><V133/><F4/><W29/><G29/><T109/><D109/><U77/><E121/><V27/><F27/><W100/><G124/><T125/><D125/><U99/><E84/><V110/><F110/><W8/><G39/><T135/><D135/><U40/><E37/><V9/><F9/><W94/><G100/><T95/><D105/><U13/><E115/><V112/><F127/><W79/><G71/><T119/><D119/><U117/><E117/><V20/><F69/><W106/><G106/><T3/><D3/><U132/><E132/><V134/><F20/><W0/><G66/><T30/><D30/><U118/><E118/><V93/><F38/><W101/><G101/><T18/><D103/><U129/><E129/><V88/><F45/><W90/><G79/><T41/><D41/><U116/><E116/><V43/><F102/><W34/><G34/><T65/><D53/><U21/><E13/><V11/><F123/><W96/><G96/><T51/><D51/><U76/><E76/><V23/><F23/><W128/><G128/><T75/><D80/><AGARI ba="0,0" hai="0,2,5,6,8,10,47,48,52,80,85,90,92,94" machi="80" ten="30,3900,0" yaku="7,1,9,1,54,1" doraHai="111" who="3" fromWho="0" sc="71,-39,273,0,415,0,241,39" />
</Scene>
<Scene>
<INIT seed="7,0,0,5,4,17" ten="32,273,415,280" oya="3" hai0="94,22,0,16,64,49,83,123,108,54,125,122,5" hai1="104,59,117,118,99,24,131,93,91,29,11,100,18" hai2="31,1,103,105,12,13,135,57,77,109,90,121,74" hai3="32,69,89,36,67,79,63,85,126,14,41,78,106"/><W9/><G32/><T133/><D133/><U52/><E131/><V51/><F1/><W124/><G106/><T116/><D64/><U102/><E11/><V53/><F109/><W88/><G36/><T66/><D66/><U107/><E107/><V19/><F31/><W130/><G41/><T75/><D116/><N who="1" m="44651" /><E104/><V27/><F121/><W58/><G130/><T132/><D132/><U15/><E15/><V110/><F110/><W92/><G89/><T42/><D125/><U111/><E111/><V134/><F90/><W8/><G69/><T30/><D108/><U20/><E29/><V10/><F103/><W80/><G9/><T76/><D42/><U60/><AGARI ba="0,0" hai="18,20,24,52,59,60,91,93,99,100,102" m="44651" machi="60" ten="30,7900,0" yaku="25,1,12,1,52,1,54,1" doraHai="17" who="1" fromWho="1" sc="32,-20,273,79,415,-20,280,-39" owari="12,-49.0,352,15.0,395,50.0,241,-16.0" />
</Scene>
</mjloggm>