<mjloggm ver="2.3"><GO type="169" lobby="0"/><UN n0="%EF%BC%A6%EF%BC%B8%E9%9B%80%E5%A3%AB" n1="%68%61%6D%6F%6E" n2="%E3%81%B4%E3%81%AE" n3="%41%53%41%50%49%4E" dan="17,16,16,19" rate="2196.73,2060.90,2118.79,2283.12" sx="M,M,M,M"/><TAIKYOKU oya="0"/>

<Scene>
<INIT seed="0,0,0,5,4,95" ten="250,250,250,250" oya="0" hai0="21,71,100,124,105,64,38,13,117,76,101,90,86" hai1="52,2,18,15,42,88,10,66,56,30,33,128,123" hai2="60,82,104,22,127,103,83,39,121,102,122,97,113" hai3="119,78,115,72,98,61,70,59,3,50,1,131,85"/><T28/><D117/><U32/><E123/><N who="2" m="47115" /><F39/><W16/><G119/><T65/><D38/><U109/><E109/><V51/><F51/><W44/><G115/><T14/><D124/><U67/><E128/><V135/><F60/><W80/><G131/><T99/><D76/><U11/><E42/><V36/><F36/><W5/><G70/><T126/><D126/><U129/><E129/><V89/><F22/><W25/><G72/><T92/><D101/><U69/><E69/><V58/><F58/><W45/><G5/><T114/><D114/><U106/><E106/><V29/><F29/><W20/><G98/><T96/><D86/><U55/><E32/><V91/><F127/><W111/><G111/><T35/><D35/><U8/><E2/><V116/><F116/><W49/><G49/><T12/><REACH who="0" step="1"/><D71/><REACH who="0" ten="240,250,250,250" step="2"/><U24/><E33/><V57/><F113/><W34/><G34/><T79/><D79/><U132/><E132/><V112/><F135/><W26/><G85/><T94/><D94/><U31/><E88/><V120/><F112/><W68/><G78/><T107/><D107/><U17/><E56/><V130/><F120/><W93/><G93/><T125/><D125/><U7/><E7/><V63/><F130/><W37/><G68/><T110/><D110/><U46/><E46/><V41/><F103/><W84/><G44/><T62/><D62/><U48/><E48/><V0/><F91/><W19/><G37/><T73/><D73/><U133/><E133/><V134/><F89/><N who="3" m="51335" /><G61/><T47/><D47/><U118/><E118/><V40/><F63/><W87/><G59/><RYUUKYOKU ba="0,1" sc="240,30,250,-10,250,-10,250,-10" hai0="12,13,14,21,28,64,65,90,92,96,99,100,105" />
</Scene>
<Scene>
<INIT seed="0,1,1,3,3,114" ten="270,240,240,240" oya="0" hai0="61,15,18,56,67,6,91,99,9,32,45,38,102" hai1="106,48,85,44,59,13,96,41,69,11,19,133,58" hai2="35,108,128,21,30,112,98,55,130,49,87,54,50" hai3="121,117,76,89,43,74,129,40,39,118,47,83,110"/><T29/><D32/><U105/><E69/><V2/><F108/><W24/><G110/><T4/><D29/><U111/><E111/><V81/><F112/><W28/><G129/><N who="2" m="49769" /><F2/><W88/><G121/><T42/><REACH who="0" step="1"/><D91/><REACH who="0" ten="260,240,240,240" step="2"/><U120/><E120/><V53/><F35/><W34/><G89/><T57/><D57/><U26/><E59/><V135/><F30/><W97/><REACH who="3" step="1"/><G43/><REACH who="3" ten="260,240,240,230" step="2"/><T51/><D51/><U95/><E48/><V0/><F49/><W84/><G84/><T12/><D12/><U20/><E41/><V17/><F50/><W60/><G60/><T101/><D101/><U126/><E85/><V116/><F87/><W131/><G131/><T119/><D119/><U23/><E44/><V82/><F116/><W107/><G107/><AGARI ba="1,3" hai="4,6,9,15,18,38,42,45,56,61,67,99,102,107" machi="107" ten="30,2900,0" yaku="1,1,7,1,53,0" doraHai="114" doraHaiUra="90" who="0" fromWho="3" sc="260,62,240,0,240,0,230,-32" />
</Scene>
<Scene>
<INIT seed="0,2,0,1,3,89" ten="322,240,240,198" oya="0" hai0="90,106,3,47,133,24,28,119,20,27,117,113,38" hai1="1,52,104,51,110,115,64,18,26,111,102,84,80" hai2="81,9,120,74,101,77,96,53,44,10,29,97,112" hai3="0,103,5,87,34,75,82,95,57,8,33,66,127"/><T43/><D113/><U69/><E1/><V22/><F112/><W63/><G127/><T17/><D106/><U105/><E115/><V98/><F120/><W121/><G121/><T42/><D3/><U21/><E64/><V60/><F101/><W122/><G122/><T65/><D133/><U25/><E69/><V67/><F53/><W71/><G75/><T32/><D65/><U126/><E126/><V39/><F44/><W79/><REACH who="3" step="1"/><G71/><REACH who="3" ten="322,240,240,188" step="2"/><T58/><D117/><U36/><E111/><V125/><F125/><W131/><G131/><T83/><D119/><U48/><E110/><V40/><F98/><AGARI ba="2,1" hai="0,5,8,33,34,57,63,66,79,82,87,95,98,103" machi="98" ten="40,2600,0" yaku="1,1,52,1,53,0" doraHai="89" doraHaiUra="11" who="3" fromWho="2" sc="322,0,240,0,240,-32,188,42" />
</Scene>
<Scene>
<INIT seed="1,0,0,1,4,4" ten="322,240,208,230" oya="1" hai0="129,82,135,5,52,98,63,75,88,65,84,9,107" hai1="27,133,104,60,128,11,40,109,85,33,76,12,74" hai2="13,7,71,43,57,111,38,121,90,49,37,31,92" hai3="51,110,32,45,99,15,83,112,61,68,26,115,41"/><U1/><E1/><V20/><F71/><W94/><G110/><T62/><D135/><U14/><E74/><V54/><F121/><W103/><G83/><T39/><D39/><U86/><E104/><V126/><F111/><W97/><G32/><T0/><D129/><U72/><E109/><V113/><F113/><W6/><G26/><T44/><D75/><U87/><E128/><V127/><F31/><W122/><G122/><T106/><D98/><U53/><E133/><V108/><F108/><W34/><G34/><T36/><D63/><U47/><E53/><V70/><F70/><W21/><G21/><T10/><D10/><U89/><E60/><V132/><F132/><W80/><G97/><T130/><D130/><U118/><E118/><V134/><F134/><W3/><G3/><T119/><D119/><U55/><E55/><V59/><F59/><W8/><REACH who="3" step="1"/><G80/><REACH who="3" ten="322,240,208,220" step="2"/><T100/><D82/><N who="1" m="47303" /><E27/><V29/><F29/><W48/><G48/><T66/><D0/><U24/><E24/><V46/><F49/><W124/><G124/><T56/><D36/><U93/><E33/><V69/><F37/><W25/><G25/><T18/><D62/><U123/><E123/><V2/><F38/><W67/><AGARI ba="0,1" hai="6,8,15,41,45,51,61,67,68,94,99,103,112,115" machi="67" ten="30,7900,0" yaku="1,1,0,1,52,1,53,1" doraHai="4" doraHaiUra="95" who="3" fromWho="3" sc="322,-20,240,-39,208,-20,220,89" />
</Scene>
<Scene>
<INIT seed="2,0,0,2,5,37" ten="302,201,188,309" oya="2" hai0="49,28,32,54,62,80,39,86,99,74,77,1,64" hai1="110,58,101,122,121,52,27,8,89,128,105,95,14" hai2="15,125,97,111,118,113,30,131,31,10,72,126,130" hai3="83,40,26,67,135,42,59,12,43,47,53,3,25"/><V117/><F72/><W119/><G3/><T19/><D39/><U93/><E110/><V134/><F111/><W17/><G119/><N who="2" m="45577" /><F113/><W123/><G135/><T114/><D114/><U61/><E128/><N who="2" m="49195" /><F97/><W68/><G47/><T66/><D1/><U36/><E36/><V108/><F108/><W115/><G123/><N who="1" m="47114" /><E27/><N who="3" m="10250" /><G68/><T57/><D32/><U71/><E71/><V107/><F107/><W87/><G67/><T124/><D28/><N who="2" m="10794" /><F134/><W100/><G115/><T76/><D74/><U11/><E105/><V88/><F88/><N who="3" m="51327" /><G100/><T73/><D73/><U46/><E101/><V16/><AGARI ba="0,0" hai="10,15,16,125,126" m="10794,49195,45577" machi="16" ten="40,12000,1" yaku="19,1,34,2,54,1" doraHai="37" who="2" fromWho="2" sc="302,-40,201,-40,188,120,309,-40" />
</Scene>
<Scene>
<INIT seed="2,1,0,4,3,30" ten="262,161,308,269" oya="2" hai0="120,103,91,133,49,113,22,112,2,58,7,128,23" hai1="46,81,108,51,88,84,6,71,65,43,45,99,68" hai2="42,59,48,33,24,83,135,47,97,77,40,26,107" hai3="111,95,86,122,25,82,11,37,127,21,56,32,104"/><V106/><F135/><W79/><G122/><T3/><D103/><U34/><E108/><V132/><F132/><W69/><G69/><T50/><D133/><U4/><E34/><V110/><F110/><W54/><G104/><T28/><D28/><U76/><E71/><V20/><F40/><W36/><G111/><T70/><D70/><U116/><E116/><V57/><F33/><W100/><G127/><T60/><D120/><U102/><E76/><V92/><F107/><W9/><G32/><T53/><D128/><U124/><E124/><V78/><F106/><W121/><G121/><T123/><D123/><U98/><E98/><V73/><F78/><W93/><G37/><T74/><D74/><U80/><E81/><V119/><F119/><W94/><G36/><T31/><D3/><U55/><E65/><V17/><REACH who="2" step="1"/><F26/><REACH who="2" ten="262,161,298,269" step="2"/><W129/><G25/><T0/><D113/><U75/><E75/><V27/><F27/><W5/><G79/><T62/><D112/><U52/><E68/><V12/><F12/><W114/><G114/><T63/><D0/><U16/><E43/><V126/><F126/><W15/><G15/><T44/><D2/><U117/><E117/><V19/><F19/><W72/><G129/><T61/><D31/><U14/><E16/><V18/><F18/><W105/><G105/><T29/><D29/><U10/><E6/><V66/><F66/><W90/><G5/><T41/><D7/><U64/><E64/><V130/><F130/><W67/><G67/><T87/><N who="0" m="15872" /><DORA hai="109" /><T118/><D118/><U125/><E125/><V13/><F13/><RYUUKYOKU ba="1,1" sc="262,15,161,-15,298,15,269,-15" hai0="22,23,41,44,49,50,53,58,87,91" hai2="17,20,24,42,47,48,57,59,73,77,83,92,97" />
</Scene>
<Scene>
<INIT seed="2,2,1,5,1,93" ten="277,146,313,254" oya="2" hai0="17,121,34,43,65,131,100,108,53,6,73,33,114" hai1="18,40,35,47,94,81,1,26,28,84,11,128,19" hai2="32,66,91,67,4,49,22,39,105,86,63,129,122" hai3="3,134,15,110,75,36,88,103,76,97,98,8,13"/><V132/><F39/><W135/><G36/><T99/><D121/><U111/><E111/><V61/><F32/><W72/><G110/><T115/><D108/><U58/><E128/><V78/><F122/><W38/><G38/><T71/><D73/><U124/><E124/><V107/><F129/><W119/><G3/><T130/><D43/><U9/><E58/><V90/><F4/><W68/><G68/><T14/><D6/><U87/><E94/><V96/><F78/><W77/><G8/><T95/><D34/><U125/><E125/><V5/><F5/><W64/><G64/><T101/><D33/><U60/><E60/><V7/><F7/><W2/><G103/><T23/><D114/><U89/><E1/><V46/><F22/><W74/><G2/><T113/><D113/><U116/><E116/><V16/><F16/><W25/><G88/><T27/><D115/><U20/><E84/><V54/><F132/><N who="3" m="50731" /><G25/><T41/><D27/><U102/><E102/><V56/><F91/><W59/><G59/><T51/><D100/><U83/><E83/><V118/><F118/><W45/><G45/><N who="0" m="27887" /><D130/><U48/><REACH who="1" step="1"/><E19/><REACH who="1" ten="277,136,313,254" step="2"/><V31/><F56/><W29/><G119/><T109/><D109/><U0/><E0/><V69/><F69/><W44/><G74/><T127/><D127/><U80/><E80/><V42/><F63/><W79/><G75/><T133/><D131/><U112/><E112/><V120/><F61/><W82/><G72/><T126/><D126/><U123/><E123/><V55/><F120/><W12/><G82/><T106/><D133/><U104/><E104/><RYUUKYOKU ba="2,2" sc="277,-10,136,30,313,-10,254,-10" hai1="9,11,18,20,26,28,35,40,47,48,81,87,89" />
</Scene>
<Scene>
<INIT seed="3,3,2,1,1,113" ten="267,166,303,244" oya="3" hai0="42,106,128,41,73,95,87,94,104,85,131,16,123" hai1="50,121,6,112,72,36,93,109,71,43,26,80,75" hai2="134,21,7,56,110,100,12,74,114,32,24,52,77" hai3="111,99,8,64,66,124,5,105,60,17,55,92,127"/><W13/><G105/><T117/><D123/><U133/><E112/><V38/><F114/><W4/><G111/><T47/><D73/><U89/><E121/><V15/><F38/><W9/><G55/><T83/><D16/><U53/><E71/><V119/><F110/><W51/><G51/><T23/><D23/><U48/><E36/><V116/><F32/><W129/><G129/><N who="0" m="49739" /><D117/><U81/><E6/><V62/><F100/><W76/><G76/><N who="0" m="46311" /><D42/><U65/><E65/><V61/><F134/><W59/><G64/><T30/><D30/><U115/><E115/><V49/><F74/><W20/><G5/><T58/><D58/><U28/><E133/><V11/><F77/><W103/><REACH who="3" step="1"/><G9/><REACH who="3" ten="267,166,303,234" step="2"/><T40/><D104/><U70/><E109/><V1/><F49/><W3/><AGARI ba="3,3" hai="3,4,8,13,17,20,59,60,66,92,99,103,124,127" machi="3" ten="30,6000,0" yaku="1,1,2,1,0,1,53,0" doraHai="113" doraHaiUra="118" who="3" fromWho="3" sc="267,-23,166,-23,303,-23,234,99" />
</Scene>
<Scene>
<INIT seed="3,4,0,3,3,92" ten="244,143,280,333" oya="3" hai0="106,88,13,21,5,60,58,57,121,98,43,110,4" hai1="86,59,105,22,135,61,2,31,81,91,52,96,80" hai2="1,24,124,78,50,8,3,65,120,42,9,76,62" hai3="54,116,63,15,56,71,72,113,47,34,108,97,87"/><W79/><G113/><T77/><D121/><U119/><E2/><V55/><F42/><W84/><G116/><T40/><D110/><U83/><E119/><V7/><F124/><W23/><G34/><T28/><D77/><U17/><E135/><V85/><F120/><W115/><G115/><T117/><D117/><U38/><E38/><V16/><F85/><W89/><G71/><T128/><D128/><U123/><E31/><V125/><F125/><W66/><G108/><T41/><D106/><U134/><E134/><V68/><F24/><W29/><G72/><T53/><D58/><U70/><E70/><V102/><F102/><W27/><G15/><T20/><D28/><U46/><E46/><V25/><F25/><W100/><G79/><T48/><D60/><U18/><E123/><V37/><F37/><W51/><REACH who="3" step="1"/><G89/><REACH who="3" ten="244,143,280,323" step="2"/><T118/><D118/><U99/><E105/><AGARI ba="4,1" hai="23,27,29,47,51,54,56,63,66,84,87,97,100,105" machi="105" ten="30,12000,1" yaku="1,1,2,1,7,1,52,1,53,1" doraHai="92" doraHaiUra="94" who="3" fromWho="1" sc="244,0,143,-132,280,0,323,142" />
</Scene>
<Scene>
<INIT seed="3,5,0,2,1,18" ten="244,11,280,465" oya="3" hai0="91,119,73,50,45,6,59,38,82,42,135,24,37" hai1="122,11,19,49,128,34,67,36,112,51,77,110,101" hai2="43,116,46,35,132,26,57,94,27,74,133,47,83" hai3="118,10,117,66,14,63,2,64,97,87,90,69,98"/><W3/><G64/><T22/><D119/><U48/><E36/><V124/><F116/><W103/><G117/><T125/><D125/><U78/><E122/><V60/><F124/><W8/><G118/><T4/><D135/><N who="2" m="51786" /><F94/><W120/><G120/><T129/><D129/><U126/><E112/><V99/><F99/><W16/><G10/><T53/><D38/><U108/><E34/><V109/><F109/><N who="1" m="42089" /><E126/><V13/><F13/><W70/><G70/><T106/><D106/><U58/><E128/><V56/><F47/><W72/><G72/><T92/><D82/><U41/><E101/><V88/><F35/><W20/><G8/><T76/><D76/><N who="1" m="29291" /><E41/><V114/><F74/><W121/><G121/><T102/><D102/><U33/><E33/><V39/><F114/><W80/><G98/><T52/><D73/><U65/><E58/><N who="2" m="22635" /><F60/><W29/><G97/><T55/><D59/><U54/><E54/><V68/><F68/><W107/><G103/><T79/><D37/><U71/><E71/><V23/><F83/><W115/><G115/><T5/><D79/><U21/><E11/><V105/><F105/><W28/><REACH who="3" step="1"/><G107/><REACH who="3" ten="244,11,280,455" step="2"/><T25/><D4/><U40/><E40/><V93/><F43/><W111/><G111/><T95/><D5/><U130/><E130/><V85/><F85/><W113/><G113/><T1/><D6/><U131/><E131/><V17/><F27/><AGARI ba="5,1" hai="19,21,27,48,49,51,65,67" m="29291,42089" machi="27" ten="30,2000,0" yaku="14,1,52,1" doraHai="18" who="1" fromWho="2" sc="244,0,11,45,280,-35,455,0" />
</Scene>
<Scene>
<INIT seed="4,0,0,2,0,129" ten="244,56,245,455" oya="0" hai0="105,60,134,8,58,41,76,25,4,1,135,15,44" hai1="83,71,9,33,11,126,113,106,35,78,43,23,131" hai2="55,39,100,14,38,89,104,77,16,93,132,112,102" hai3="50,101,85,79,114,119,116,32,64,128,29,40,27"/><T130/><D105/><U17/><E131/><V61/><F112/><W98/><G114/><T6/><D130/><U118/><E113/><V115/><F115/><W95/><G128/><T70/><D70/><U66/><E118/><V87/><F77/><W7/><G7/><T51/><D76/><U122/><E122/><V125/><F125/><W54/><G40/><T91/><D25/><U47/><E106/><V3/><F3/><W72/><G72/><T80/><D80/><U94/><E126/><V42/><F104/><W18/><G64/><T48/><D91/><U84/><E35/><V5/><F5/><W81/><G18/><T10/><REACH who="0" step="1"/><D51/><REACH who="0" ten="234,56,245,455" step="2"/><U69/><E33/><V46/><F89/><W123/><G123/><T92/><D92/><U45/><E71/><V13/><F93/><W124/><G124/><T110/><D110/><U12/><E94/><V62/><F39/><W90/><G79/><T117/><D117/><U65/><E69/><V67/><F38/><W59/><AGARI ba="0,1" hai="27,29,32,50,54,59,81,85,90,95,98,101,116,119" machi="59" ten="20,1500,0" yaku="0,1,7,1" doraHai="129" who="3" fromWho="3" sc="234,-7,56,-4,245,-4,455,25" />
</Scene>
<Scene>
<INIT seed="5,0,0,4,4,129" ten="227,52,241,480" oya="1" hai0="133,86,67,132,19,1,16,37,4,75,91,128,2" hai1="97,105,15,93,13,98,118,60,21,35,127,87,56" hai2="23,104,134,74,47,96,25,8,34,12,54,83,66" hai3="122,85,72,81,29,111,94,88,10,84,59,9,42"/><U7/><E35/><V57/><F134/><N who="0" m="51818" /><D75/><U58/><E118/><V31/><F34/><W18/><G111/><T123/><D128/><U77/><E127/><V5/><F104/><W82/><G122/><T121/><D37/><U119/><E119/><V109/><F109/><W36/><G29/><T43/><D43/><U113/><E113/><V45/><F66/><W0/><G0/><N who="0" m="107" /><D4/><U70/><E70/><V14/><F96/><N who="1" m="36969" /><E105/><V51/><F74/><W73/><G42/><T110/><D67/><N who="1" m="39303" /><E58/><V76/><F76/><W41/><G59/><T22/><D110/><U131/><E131/><V27/><F83/><W50/><G81/><N who="0" m="49615" /><D19/><N who="1" m="10479" /><E77/><V92/><F5/><W107/><G73/><T78/><D78/><U116/><E116/><V39/><F39/><W64/><G36/><T100/><D100/><U117/><E117/><V46/><F54/><W108/><G72/><T125/><D125/><U126/><E126/><V32/><F31/><W17/><G64/><T55/><D55/><U20/><E7/><V130/><F130/><W106/><G106/><T120/><D121/><U33/><E33/><V24/><F32/><W62/><G107/><T79/><D79/><U6/><E6/><V28/><F28/><W3/><G108/><T63/><D63/><U124/><E124/><V38/><F38/><W65/><G62/><T71/><D71/><U68/><E68/><V103/><F51/><W48/><G48/><T89/><D89/><N who="1" m="53439" /><E15/><AGARI ba="0,0" hai="15,16,22,120,123" m="49615,107,51818" machi="15" ten="30,8000,1" yaku="20,1,52,3,54,1" doraHai="129" who="0" fromWho="1" sc="227,80,52,-80,241,0,480,0" owari="307,11.0,-28,-53.0,241,-16.0,480,58.0" />
</Scene>
</mjloggm>