<mjloggm ver="2.3"><GO type="169"/><UN n0="%E3%81%B5%E3%81%8A%E3%82%93" n1="%E3%81%BE%E3%81%8A%E3%82%89%E3%82%93" n2="%41%53%41%50%49%4E" n3="%E9%80%A2%E9%AD%94%E3%81%8C%E6%99%82" dan="17,16,19,16" rate="2091,2100,2229,2131" sx="M,F,M,M"/><TAIKYOKU oya="0"/>

<Scene>
<INIT seed="0,0,0,2,5,60" ten="250,250,250,250" oya="0" hai0="51,80,101,74,95,21,92,90,5,47,12,121,120" hai1="81,125,44,102,43,39,53,42,61,87,13,36,133" hai2="19,1,41,104,2,119,132,28,18,123,86,128,62" hai3="73,66,118,129,64,78,34,115,27,112,65,16,83"/><T75/><D101/><U124/><E102/><V45/><F123/><W79/><G118/><T50/><D120/><U49/><E133/><V55/><F104/><W26/><G129/><T20/><D121/><U88/><E13/><V109/><F132/><W85/><G79/><T32/><D32/><U107/><E107/><V14/><F128/><W57/><G57/><T98/><D75/><U38/><REACH who="1" step="1"/><E61/><REACH who="1" ten="250,240,250,250" step="2"/><V29/><F62/><W48/><G73/><T22/><D74/><U110/><E110/><V69/><F14/><W127/><G127/><AGARI ba="0,1" hai="36,38,39,42,43,44,49,53,81,87,88,124,125,127" machi="127" ten="50,6400,0" yaku="1,1,18,1,54,1,53,0" doraHai="60" doraHaiUra="113" who="1" fromWho="3" sc="250,0,240,74,250,0,250,-64" />
</Scene>
<Scene>
<INIT seed="1,0,0,5,3,41" ten="250,314,250,186" oya="1" hai0="10,122,73,95,114,126,56,42,120,19,134,46,17" hai1="107,68,13,116,94,43,57,49,69,75,106,99,86" hai2="102,24,22,58,121,119,37,50,80,62,67,105,38" hai3="90,45,40,91,30,132,28,130,23,31,61,76,82"/><U79/><E116/><V0/><F119/><W100/><G132/><T3/><D114/><U1/><E1/><V59/><F121/><N who="0" m="46698" /><D134/><U15/><E75/><V103/><F0/><W70/><G130/><T123/><D123/><U115/><E115/><V92/><F105/><W11/><G11/><T112/><D112/><U88/><E106/><V7/><F7/><W96/><G23/><T131/><D131/><U110/><E69/><V135/><F135/><W71/><G70/><T104/><D104/><U33/><E33/><V53/><F80/><W97/><G97/><T77/><D56/><U85/><E68/><V5/><F5/><W84/><G96/><T78/><D126/><U51/><E107/><V64/><F64/><W48/><REACH who="3" step="1"/><G100/><REACH who="3" ten="250,314,250,176" step="2"/><T21/><D21/><U65/><E99/><N who="2" m="59751" /><F103/><W27/><G27/><T60/><D3/><U89/><E15/><V133/><F133/><W44/><G44/><T6/><D46/><N who="1" m="25823" /><E13/><V81/><F22/><W83/><G83/><T66/><D10/><U9/><E9/><V117/><F117/><W87/><G87/><T34/><D6/><U72/><E72/><V129/><F129/><W125/><G125/><T108/><D73/><U111/><E86/><V47/><F24/><W113/><G113/><T55/><D34/><U29/><E85/><V18/><F81/><W32/><G32/><T12/><D12/><U63/><E57/><V93/><F59/><W74/><G74/><T39/><D77/><U2/><E79/><V128/><F128/><W101/><G101/><T35/><D78/><U52/><E2/><V20/><F93/><RYUUKYOKU ba="0,1" sc="250,-15,314,-15,250,15,176,15" hai2="18,20,37,38,47,50,53,58,62,67" hai3="28,30,31,40,45,48,61,71,76,82,84,90,91" />
</Scene>
<Scene>
<INIT seed="2,1,1,2,5,124" ten="235,299,265,191" oya="2" hai0="64,123,11,106,111,117,135,14,31,72,55,3,66" hai1="130,65,93,76,92,42,25,100,57,34,80,74,16" hai2="115,35,41,18,60,94,70,0,126,62,95,6,40" hai3="91,33,73,4,44,128,116,90,112,50,58,43,71"/><V110/><F115/><W109/><G71/><T129/><D123/><U46/><E100/><V45/><F35/><W30/><G73/><T47/><D106/><U87/><E34/><V69/><F126/><W83/><G116/><T9/><D72/><U53/><E65/><V27/><F27/><W8/><G30/><T51/><D111/><U52/><E74/><V131/><F6/><W67/><G109/><T49/><D117/><U96/><E57/><V84/><F110/><W68/><G68/><T54/><D135/><U38/><E93/><V63/><F63/><W119/><G33/><T48/><D31/><U105/><E105/><V134/><F84/><W114/><G83/><T99/><D99/><U120/><E120/><V75/><F75/><W26/><G26/><T36/><D36/><U22/><REACH who="1" step="1"/><E130/><REACH who="1" ten="235,289,265,191" step="2"/><V7/><F131/><W32/><G128/><T77/><D66/><U132/><E132/><V2/><F134/><W78/><G32/><T56/><D64/><U81/><E81/><V23/><F70/><W98/><G119/><T108/><D129/><U12/><E12/><V102/><F102/><W10/><G112/><T29/><D14/><U28/><E28/><V122/><F122/><W19/><G67/><T113/><D29/><U79/><E79/><V127/><F69/><W86/><G78/><T15/><D77/><U103/><AGARI ba="1,2" hai="16,22,25,38,42,46,52,53,76,80,87,92,96,103" machi="103" ten="20,8000,1" yaku="1,1,0,1,7,1,54,2,53,0" doraHai="124" doraHaiUra="59" who="1" fromWho="1" sc="235,-21,289,103,265,-41,191,-21" />
</Scene>
<Scene>
<INIT seed="3,0,0,5,1,100" ten="214,392,224,170" oya="3" hai0="118,134,132,130,110,122,31,19,0,86,23,112,67" hai1="15,123,26,63,135,91,7,108,104,46,10,3,13" hai2="71,79,133,34,82,78,72,85,6,124,107,11,129" hai3="60,28,99,62,5,92,17,98,111,64,56,27,95"/><W68/><G111/><T57/><D118/><U96/><E123/><V20/><F34/><W59/><G5/><T116/><D116/><U36/><E108/><V113/><F113/><W103/><G17/><T76/><D110/><U119/><E119/><V70/><F129/><W2/><G2/><T73/><D130/><U89/><E135/><V22/><F133/><W81/><G81/><T12/><D0/><U125/><E125/><V50/><F124/><W54/><G54/><T52/><D122/><U126/><E126/><V97/><F79/><W101/><REACH who="3" step="1"/><G62/><REACH who="3" ten="214,392,224,160" step="2"/><N who="0" m="38351" /><D52/><U16/><E63/><V88/><F6/><W90/><G90/><T65/><D19/><U45/><E91/><V37/><F88/><W127/><G127/><T51/><D134/><U128/><E128/><V53/><F82/><W69/><G69/><T58/><D132/><U42/><E89/><V30/><F70/><W21/><AGARI ba="0,1" hai="21,27,28,56,59,60,64,68,92,95,98,99,101,103" machi="21" ten="20,7800,0" yaku="1,1,0,1,7,1,9,1,53,0" doraHai="100" doraHaiUra="105" who="3" fromWho="3" sc="214,-26,392,-26,224,-26,160,88" />
</Scene>
<Scene>
<INIT seed="3,1,0,5,4,65" ten="188,366,198,248" oya="3" hai0="27,16,115,18,24,45,85,69,10,90,127,79,106" hai1="58,52,56,8,98,89,38,46,80,86,39,54,25" hai2="1,28,74,111,120,70,84,133,21,105,116,30,32" hai3="34,95,75,44,91,48,132,93,81,117,63,99,102"/><W92/><G117/><T9/><D106/><U60/><E46/><V122/><RYUUKYOKU type="yao9" ba="1,0" sc="188,0,366,0,198,0,248,0" hai2="1,21,28,30,32,70,74,84,105,111,116,120,122,133" />
</Scene>
<Scene>
<INIT seed="3,2,0,1,4,3" ten="188,366,198,248" oya="3" hai0="111,78,52,37,7,63,26,88,0,85,27,90,28" hai1="2,32,70,125,43,1,82,5,123,79,92,10,122" hai2="20,91,93,113,19,39,41,97,29,74,127,57,116" hai3="11,51,24,72,8,105,58,86,55,87,35,73,130"/><W46/><G105/><T126/><D37/><U22/><E125/><V131/><F113/><W112/><G130/><T75/><D126/><U33/><E70/><V49/><F127/><W65/><G73/><T109/><D75/><N who="1" m="43391" /><E22/><V134/><F74/><W54/><G72/><T110/><D78/><U119/><E92/><V106/><F116/><W15/><G11/><N who="0" m="2535" /><D85/><U104/><E2/><V120/><F134/><W118/><G65/><T99/><D99/><U47/><E104/><V117/><F117/><W48/><G118/><T94/><D94/><U107/><E107/><V98/><F131/><W129/><G129/><T89/><D28/><U45/><E45/><V133/><F133/><W56/><G46/><T38/><D38/><N who="1" m="22007" /><E119/><V14/><F39/><W68/><G112/><T34/><D34/><AGARI ba="2,0" hai="1,5,10,32,33,34,122,123" m="22007,43391" machi="34" ten="30,3900,0" yaku="25,1,23,1,52,1" doraHai="3" who="1" fromWho="0" sc="188,-45,366,45,198,0,248,0" />
</Scene>
<Scene>
<INIT seed="4,0,0,1,5,35" ten="143,411,198,248" oya="0" hai0="131,71,65,81,123,48,13,122,45,133,6,94,129" hai1="89,76,66,63,113,53,62,16,56,111,84,61,12" hai2="68,57,21,90,72,100,24,114,132,26,91,64,98" hai3="32,77,28,79,20,75,70,38,110,22,69,29,44"/><T102/><D71/><U43/><E111/><V95/><F72/><W134/><G110/><T103/><D65/><U106/><E106/><V118/><F118/><W50/><G38/><T126/><D81/><U74/><E74/><V107/><F114/><W109/><G75/><T9/><D133/><U40/><E76/><V2/><F132/><W59/><G109/><T104/><D104/><U8/><E113/><V93/><F68/><W7/><G59/><T36/><D36/><U18/><E18/><V49/><F2/><W124/><G32/><T83/><D83/><U4/><E4/><V1/><F1/><W80/><G7/><T10/><D9/><U46/><E46/><V120/><F120/><W31/><G80/><T47/><D45/><U37/><E37/><V42/><F42/><N who="1" m="15913" /><E66/><V88/><F26/><W14/><G70/><T27/><D27/><U55/><E56/><V130/><F130/><N who="0" m="49674" /><D126/><U121/><E121/><N who="0" m="46089" /><D94/><AGARI ba="0,0" hai="8,12,16,53,55,61,62,63,84,89,94" m="15913" machi="94" ten="30,2000,0" yaku="8,1,54,1" doraHai="35" who="1" fromWho="0" sc="143,-20,411,20,198,0,248,0" />
</Scene>
<Scene>
<INIT seed="5,0,0,4,0,9" ten="123,431,198,248" oya="1" hai0="36,26,124,17,95,64,29,92,87,37,128,0,35" hai1="118,62,72,22,102,40,74,61,100,28,89,65,94" hai2="134,88,8,131,25,107,55,48,52,73,1,111,104" hai3="33,99,39,106,121,14,77,80,63,47,109,5,116"/><U59/><E118/><V24/><F111/><W93/><G33/><T20/><D124/><U90/><E40/><V43/><F73/><W76/><G106/><T67/><D128/><U117/><E117/><V69/><F69/><W7/><G121/><T58/><D0/><U113/><E113/><V68/><F68/><W38/><G109/><T101/><D95/><U56/><E28/><V120/><F120/><W98/><G63/><T16/><D17/><U41/><E41/><V70/><F70/><W96/><G93/><T27/><D58/><U132/><E22/><V50/><F131/><W84/><G39/><T112/><D112/><U51/><E51/><V85/><F43/><W127/><G127/><T60/><D60/><U19/><E19/><V44/><F134/><W30/><G30/><T42/><D87/><U78/><E94/><V75/><F75/><W31/><G31/><T103/><D103/><U71/><E71/><V23/><F8/><W21/><G77/><T123/><D123/><U53/><E78/><V91/><F1/><W83/><G83/><T45/><REACH who="0" step="1"/><D37/><REACH who="0" ten="113,431,198,248" step="2"/><U133/><E65/><V10/><F85/><W49/><G38/><T34/><D34/><U105/><E105/><V122/><F122/><W97/><G116/><T119/><D119/><U115/><E115/><V32/><F32/><W15/><G84/><T12/><D12/><U129/><E129/><V79/><F107/><W57/><G15/><T81/><D81/><U66/><E66/><V11/><F104/><W2/><G14/><T3/><D3/><U6/><E6/><V126/><F126/><RYUUKYOKU ba="0,1" sc="113,15,431,15,198,-15,248,-15" hai0="16,20,26,27,29,35,36,42,45,64,67,92,101" hai1="53,56,59,61,62,72,74,89,90,100,102,132,133" />
</Scene>
<Scene>
<INIT seed="5,1,1,0,5,71" ten="128,446,183,233" oya="1" hai0="108,42,26,9,6,53,88,12,56,94,49,124,116" hai1="8,17,129,29,74,87,98,15,95,135,111,51,20" hai2="14,7,100,41,24,67,54,69,16,65,60,80,123" hai3="96,102,76,11,46,122,92,0,57,58,43,81,75"/><U120/><E74/><V39/><F123/><W33/><G33/><T113/><D108/><U77/><E120/><V114/><F7/><N who="3" m="1511" /><G122/><T62/><D116/><U86/><E111/><V82/><F24/><W63/><G63/><T85/><D113/><U127/><E127/><V61/><F114/><W70/><G70/><T106/><D124/><U91/><E135/><V2/><F2/><W119/><G119/><T52/><D106/><U105/><E129/><V130/><F130/><W73/><G73/><T21/><D42/><U132/><E132/><V4/><F4/><W99/><G99/><T28/><D49/><U117/><E117/><V93/><F54/><AGARI ba="1,1" hai="6,9,12,21,26,28,52,53,54,56,62,85,88,94" machi="54" ten="30,7700,0" yaku="7,1,8,1,54,2" doraHai="71" who="0" fromWho="2" sc="128,90,446,0,183,-80,233,0" />
</Scene>
<Scene>
<INIT seed="6,0,0,0,2,0" ten="218,446,103,233" oya="2" hai0="119,93,71,18,33,121,90,91,96,58,24,42,34" hai1="41,130,19,13,14,113,37,29,6,81,22,51,79" hai2="69,117,128,25,43,135,28,8,122,132,4,65,30" hai3="100,12,120,116,53,10,49,44,97,63,11,67,102"/><V45/><F117/><W48/><G120/><T35/><D71/><U95/><E37/><V77/><F122/><W133/><G133/><N who="2" m="51273" /><F128/><W68/><G116/><T99/><D121/><U85/><E130/><V20/><F77/><W92/><G49/><T17/><D119/><U3/><E3/><N who="2" m="31" /><F69/><W74/><G11/><T86/><D42/><U88/><E113/><V47/><F65/><W129/><G74/><T54/><D24/><U2/><E2/><V107/><F107/><W78/><G78/><T111/><D111/><U134/><E134/><V125/><F125/><W104/><G129/><T110/><D110/><U39/><E39/><N who="2" m="21759" /><F47/><W112/><G112/><T16/><REACH who="0" step="1"/><D91/><REACH who="0" ten="208,446,103,233" step="2"/><U131/><E131/><V15/><F15/><W31/><G68/><T26/><D26/><U5/><E14/><V73/><F73/><W84/><G12/><T87/><D87/><U59/><E41/><V127/><F127/><W118/><G84/><T83/><D83/><U46/><E79/><V108/><F108/><W72/><G118/><T52/><D52/><N who="1" m="32159" /><E81/><V62/><F62/><AGARI ba="0,1" hai="16,17,18,33,34,35,54,58,62,86,90,93,96,99" machi="62" ten="50,3200,0" yaku="1,1,54,1,53,0" doraHai="0" doraHaiUra="38" who="0" fromWho="2" sc="208,42,446,0,103,-32,233,0" />
</Scene>
<Scene>
<INIT seed="7,0,0,4,4,10" ten="250,446,71,233" oya="3" hai0="85,65,122,0,37,117,61,43,66,81,64,79,59" hai1="94,31,48,40,55,93,47,98,46,89,83,120,52" hai2="88,107,134,26,21,54,99,20,28,23,75,49,115" hai3="135,41,124,60,30,108,71,36,58,44,8,34,116"/><W17/><G116/><T67/><D122/><U38/><E120/><V50/><F75/><W86/><G71/><T2/><REACH who="0" step="1"/><D117/><REACH who="0" ten="240,446,71,233" step="2"/><U105/><E105/><V63/><F115/><W129/><G124/><T104/><D104/><U70/><E70/><V80/><F134/><W6/><G135/><T27/><D27/><U22/><E38/><V77/><F107/><W114/><G114/><T32/><D32/><U76/><E40/><V127/><F127/><W4/><G129/><T92/><D92/><U35/><E94/><V126/><F126/><W7/><G108/><T95/><D95/><U97/><E35/><V74/><F99/><W102/><G102/><T12/><D12/><U125/><E125/><V101/><F101/><W131/><G131/><T5/><D5/><U14/><E98/><V110/><F110/><W24/><G86/><T121/><D121/><U13/><E13/><V62/><F74/><W69/><G69/><T11/><D11/><U82/><E14/><V132/><F132/><W1/><REACH who="3" step="1"/><G17/><REACH who="3" ten="240,446,71,223" step="2"/><T113/><D113/><U119/><E119/><V90/><F26/><W72/><G72/><T15/><D15/><U78/><E97/><V84/><F84/><W45/><G45/><AGARI ba="0,2" hai="0,2,37,43,45,59,61,64,65,66,67,79,81,85" machi="45" ten="40,1300,0" yaku="1,1,53,0" doraHai="10" doraHaiUra="16" who="0" fromWho="3" sc="240,33,446,0,71,0,223,-13" owari="273,7.0,446,55.0,71,-43.0,210,-19.0" />
</Scene>
</mjloggm>