<mjloggm ver="2.3"><GO type="169"/><UN n0="%E3%82%82%E3%81%A3%E3%81%97%E3%83%BC" n1="%41%53%41%50%49%4E" n2="%E3%81%93%E3%81%BE%E3%81%A3%E3%81%95%E3%82%93" n3="%E3%81%A8%E3%83%BC%E3%82%84%E3%82%93" dan="16,18,16,16" rate="2142,2235,2141,2136" sx="M,M,M,M"/><TAIKYOKU oya="0"/>

<Scene>
<INIT seed="0,0,0,4,1,22" ten="250,250,250,250" oya="0" hai0="121,19,24,57,132,91,6,100,124,65,133,128,103" hai1="31,131,0,51,122,129,87,55,35,104,3,78,98" hai2="86,26,66,97,17,80,46,29,14,2,39,89,125" hai3="102,16,111,36,52,74,38,25,15,41,49,79,119"/><T92/><D121/><U83/><E122/><V126/><F2/><W18/><G119/><T37/><D37/><U59/><E104/><V134/><F134/><N who="0" m="51818" /><D6/><U47/><E98/><V9/><F66/><W95/><G111/><T84/><D128/><N who="1" m="49227" /><E31/><V93/><F39/><W56/><G41/><T54/><D65/><U62/><E35/><V69/><F69/><W20/><G79/><T70/><D70/><U76/><E76/><V96/><F46/><W53/><G74/><T48/><D124/><U61/><E61/><V11/><F9/><W34/><G34/><T10/><D10/><U50/><E50/><V106/><F106/><W45/><G95/><T115/><D115/><U81/><E81/><V110/><F110/><W44/><G102/><T13/><D13/><U32/><E32/><V7/><F7/><W67/><G67/><AGARI ba="0,0" hai="0,3,47,51,55,59,62,67,78,83,87" m="49227" machi="67" ten="30,1000,0" yaku="19,1" doraHai="22" who="1" fromWho="3" sc="250,0,250,10,250,0,250,-10" />
</Scene>
<Scene>
<INIT seed="1,0,0,2,0,52" ten="250,260,250,240" oya="1" hai0="70,1,15,102,14,106,41,66,0,88,99,11,90" hai1="97,8,91,80,57,134,60,45,53,74,69,12,85" hai2="105,16,21,86,20,56,95,76,24,89,79,62,65" hai3="4,26,130,43,126,103,9,71,83,19,5,61,59"/><U135/><E74/><V37/><F105/><W55/><G126/><T129/><D129/><U23/><E69/><V110/><F37/><W48/><G130/><T109/><D109/><U47/><E97/><V82/><F110/><W63/><G103/><T67/><D41/><U84/><E23/><V33/><F33/><W100/><G100/><T29/><D29/><U117/><E117/><V75/><F75/><W119/><G119/><T78/><D78/><U3/><E3/><V32/><F32/><W72/><G43/><T38/><D38/><U133/><REACH who="1" step="1"/><E84/><REACH who="1" ten="250,250,250,240" step="2"/><N who="2" m="52647" /><F21/><W44/><G72/><T113/><D70/><U7/><AGARI ba="0,1" hai="7,8,12,45,47,53,57,60,80,85,91,133,134,135" machi="7" ten="30,11700,0" yaku="1,1,0,1,20,1,52,1,53,0" doraHai="52" doraHaiUra="73" who="1" fromWho="1" sc="250,-39,250,127,250,-39,240,-39" />
</Scene>
<Scene>
<INIT seed="1,1,0,2,2,27" ten="211,377,211,201" oya="1" hai0="129,112,101,104,23,124,121,117,30,103,46,87,77" hai1="58,95,8,2,88,78,66,100,47,20,50,113,34" hai2="107,62,52,36,71,135,12,108,98,91,15,40,127" hai3="24,10,120,111,32,53,134,126,38,41,83,26,3"/><U115/><E34/><V28/><F40/><W79/><G120/><T39/><D117/><U31/><E100/><V63/><F36/><W25/><G111/><T84/><D112/><U132/><E132/><V14/><F108/><W7/><G134/><T105/><D121/><U51/><E78/><V55/><F135/><W56/><G126/><T93/><D124/><U18/><E2/><V49/><F127/><W86/><G41/><T43/><D129/><U16/><E115/><V74/><F74/><W42/><G42/><T1/><D1/><U48/><E113/><V68/><F107/><W133/><G38/><T102/><D105/><U130/><E130/><V106/><F106/><W125/><G125/><T60/><D104/><U9/><E47/><V59/><F63/><W99/><G99/><T21/><D60/><N who="1" m="38167" /><E31/><V82/><F68/><W35/><REACH who="3" step="1"/><G133/><REACH who="3" ten="211,377,211,191" step="2"/><T11/><D43/><U17/><E20/><V128/><F128/><W44/><G44/><T122/><D46/><U0/><E0/><V119/><F119/><W22/><G22/><T67/><D23/><U131/><E131/><V57/><F12/><W116/><G116/><T96/><D39/><U89/><E89/><V54/><F91/><W97/><G97/><AGARI ba="1,1" hai="8,9,16,17,18,48,50,51,88,95,97" m="38167" machi="97" ten="30,5800,0" yaku="8,1,54,2" doraHai="27" who="1" fromWho="3" sc="211,0,377,71,211,0,191,-61" />
</Scene>
<Scene>
<INIT seed="1,2,0,3,4,44" ten="211,448,211,130" oya="1" hai0="97,4,119,130,62,113,20,120,7,94,21,58,23" hai1="5,82,39,99,108,70,73,32,100,42,93,109,69" hai2="2,49,75,123,67,55,52,47,101,121,12,9,103" hai3="110,51,16,127,77,128,72,33,18,116,80,132,68"/><U95/><E32/><V56/><F2/><W122/><G51/><T38/><D38/><U36/><E5/><N who="0" m="2121" /><D119/><U87/><E73/><V43/><F75/><W107/><G16/><T13/><D113/><U26/><E26/><V1/><F1/><W112/><G18/><N who="0" m="10319" /><D120/><U85/><E42/><V11/><F12/><W57/><G57/><T48/><D130/><U83/><E99/><V98/><F103/><AGARI ba="2,0" hai="36,39,69,70,82,83,85,87,93,95,100,103,108,109" machi="103" ten="25,2400,0" yaku="22,2" doraHai="44" who="1" fromWho="2" sc="211,0,448,30,211,-30,130,0" />
</Scene>
<Scene>
<INIT seed="1,3,0,2,2,133" ten="211,478,181,130" oya="1" hai0="13,58,50,55,39,84,40,5,100,51,18,35,47" hai1="56,63,70,117,92,80,93,76,69,2,87,95,68" hai2="22,125,88,30,132,106,41,59,82,27,101,32,44" hai3="126,79,102,12,43,94,1,99,57,107,49,14,121"/><U74/><E117/><V123/><F123/><W118/><G1/><T128/><D35/><U73/><REACH who="1" step="1"/><E2/><REACH who="1" ten="211,468,181,130" step="2"/><V52/><F132/><W20/><G118/><T24/><D128/><U85/><E85/><V26/><F32/><W17/><G121/><T104/><D84/><U45/><E45/><V96/><F44/><W62/><G126/><T130/><D47/><U124/><E124/><V114/><F125/><W129/><G129/><T81/><D130/><U34/><E34/><V28/><F114/><W122/><G122/><T112/><D112/><U33/><E33/><V6/><F41/><W66/><G43/><T16/><D40/><U65/><AGARI ba="3,1" hai="56,63,65,68,69,70,73,74,76,80,87,92,93,95" machi="65" ten="40,3900,0" yaku="1,1,0,1,53,0" doraHai="133" doraHaiUra="29" who="1" fromWho="1" sc="211,-16,468,58,181,-16,130,-16" />
</Scene>
<Scene>
<INIT seed="1,4,0,3,5,44" ten="195,526,165,114" oya="1" hai0="118,108,122,45,51,87,132,21,18,52,135,15,120" hai1="111,92,72,77,61,12,39,20,110,107,116,84,117" hai2="60,68,128,56,86,98,89,11,73,75,131,74,95" hai3="69,42,91,125,47,105,29,62,16,0,82,10,71"/><U99/><E39/><V114/><F68/><W46/><G105/><T36/><D108/><N who="1" m="41515" /><E61/><V80/><F11/><W26/><G125/><T2/><D2/><U37/><E37/><V48/><F60/><W65/><G69/><T81/><D36/><U64/><E64/><V5/><F5/><W9/><G0/><T115/><D115/><U134/><E12/><V27/><F27/><W66/><G65/><T50/><D50/><U127/><E20/><V55/><REACH who="2" step="1"/><F114/><REACH who="2" ten="195,526,155,114" step="2"/><W22/><G10/><T121/><REACH who="0" step="1"/><D118/><REACH who="0" ten="185,526,155,114" step="2"/><U123/><E117/><V54/><F54/><W7/><G42/><T1/><D1/><U40/><E116/><V83/><F83/><W49/><G82/><T35/><D35/><U19/><E127/><V28/><F28/><W133/><G29/><T67/><D67/><U119/><E119/><V23/><F23/><W78/><G22/><T88/><AGARI ba="4,2" hai="15,18,21,45,51,52,81,87,88,120,121,122,132,135" machi="88" ten="40,12000,2" yaku="1,1,0,1,13,1,52,1,54,2,53,0" doraHai="44" doraHaiUra="126" who="0" fromWho="0" sc="185,152,526,-64,155,-34,114,-34" />
</Scene>
<Scene>
<INIT seed="2,0,0,4,0,21" ten="337,462,121,80" oya="2" hai0="59,79,19,130,58,52,25,121,104,51,39,119,99" hai1="45,6,50,91,105,33,134,97,53,85,86,49,129" hai2="87,26,0,9,126,37,118,23,133,70,7,72,15" hai3="108,127,4,116,110,11,74,62,12,107,35,75,43"/><V22/><F72/><N who="3" m="27691" /><G116/><T96/><D121/><U94/><E129/><V64/><F37/><W44/><G107/><T114/><D114/><U111/><E111/><N who="3" m="42538" /><G62/><T123/><D123/><U46/><E134/><V61/><F118/><W73/><N who="3" m="27699" /><W77/><DORA hai="120" /><G77/><T71/><D119/><U57/><E33/><V66/><F133/><W47/><G127/><T135/><D135/><U80/><E6/><V65/><F126/><W112/><G35/><T18/><D79/><N who="1" m="46239" /><E105/><V40/><F40/><W36/><G47/><N who="1" m="17930" /><E97/><V14/><F87/><W122/><G122/><T3/><D99/><U84/><E84/><V30/><F0/><W38/><G38/><T68/><D39/><U100/><E100/><V34/><F34/><W48/><G36/><T32/><D32/><U2/><E2/><V27/><REACH who="2" step="1"/><F14/><REACH who="2" ten="337,462,111,80" step="2"/><W31/><G31/><AGARI ba="0,1" hai="7,9,15,22,23,26,27,30,31,61,64,65,66,70" machi="31" ten="30,18000,2" yaku="1,1,2,1,7,1,9,1,52,2,53,0" doraHai="21,120" doraHaiUra="103,54" who="2" fromWho="3" sc="337,0,462,0,111,190,80,-180" owari="337,14.0,462,56.0,301,-10.0,-100,-60.0" />
</Scene>
</mjloggm>