<mjloggm ver="2.3"><GO type="169" lobby="0"/><UN n0="%41%53%41%50%49%4E" n1="%E3%83%92%E3%82%B2%E3%83%AD%E3%83%B3%E3%82%B0" n2="%6D%61%63%6A%72" n3="%6B%6F%67%65%70%61%6E" dan="19,16,16,18" rate="2301.59,2103.20,2078.64,2212.15" sx="M,M,F,M"/><TAIKYOKU oya="0"/>

<Scene>
<INIT seed="0,0,0,5,1,25" ten="250,250,250,250" oya="0" hai0="102,112,67,126,117,58,55,64,135,101,56,78,33" hai1="20,42,73,10,76,35,2,8,38,19,24,133,110" hai2="59,0,123,30,130,93,36,43,124,132,54,100,44" hai3="45,90,134,115,80,96,114,71,72,87,15,11,94"/><T53/><D112/><U62/><E110/><V23/><F123/><W121/><G71/><T69/><D117/><U18/><E133/><V3/><F132/><W32/><G134/><T74/><D135/><U46/><E62/><V47/><F130/><W82/><G121/><T41/><D126/><U63/><E63/><V81/><F124/><W70/><G70/><T95/><D69/><U60/><E60/><V16/><F44/><W51/><G32/><T98/><D33/><U97/><E97/><V26/><F81/><W17/><G80/><T29/><D74/><U83/><E35/><V104/><F104/><W105/><G105/><T68/><D68/><U119/><E119/><V6/><F6/><W21/><G21/><T129/><D129/><U12/><E2/><V120/><F120/><W109/><G72/><T91/><D41/><U92/><E92/><V40/><F40/><W49/><G49/><N who="0" m="30767" /><D78/><U86/><E73/><V14/><F100/><N who="0" m="38506" /><D29/><U113/><E113/><V106/><F106/><W57/><G109/><T13/><D13/><U122/><E122/><V103/><F103/><N who="3" m="60823" /><G115/><T4/><D4/><U66/><E66/><V7/><F7/><W22/><G114/><T31/><D31/><U118/><E118/><V1/><F30/><W108/><G108/><T85/><D98/><U27/><E27/><V61/><F26/><W34/><G34/><T48/><AGARI ba="0,0" hai="48,55,58,64,67,85,91,95" m="38506,30767" machi="48" ten="30,1500,0" yaku="8,1" doraHai="25" who="0" fromWho="0" sc="250,15,250,-5,250,-5,250,-5" />
</Scene>
<Scene>
<INIT seed="0,1,0,2,4,103" ten="265,245,245,245" oya="0" hai0="57,4,120,113,2,65,56,125,108,134,122,47,54" hai1="75,66,28,98,86,29,10,92,89,14,85,5,40" hai2="60,119,41,73,53,105,95,64,118,104,67,24,26" hai3="43,46,9,126,110,1,70,91,96,124,35,21,50"/><T129/><D2/><U72/><E75/><V109/><F73/><W97/><G35/><T102/><D4/><U121/><E72/><V71/><F109/><W25/><G70/><T44/><D102/><U94/><E121/><V112/><F112/><W106/><G110/><T128/><D108/><U61/><E40/><V19/><F41/><W51/><G51/><N who="0" m="30815" /><D113/><U27/><E27/><N who="2" m="10283" /><F67/><W84/><G9/><T37/><D134/><U12/><E12/><V38/><F38/><W6/><G6/><T132/><D132/><U18/><E5/><V77/><F77/><W111/><G1/><T13/><D13/><U76/><E86/><V87/><F19/><W49/><G49/><T107/><D107/><U81/><REACH who="1" step="1"/><E94/><REACH who="1" ten="265,235,245,245" step="2"/><V16/><F95/><N who="3" m="54759" /><G111/><T88/><D122/><U58/><AGARI ba="1,1" hai="10,14,18,28,29,58,61,66,76,81,85,89,92,98" machi="58" ten="20,5200,0" yaku="1,1,0,1,7,1,8,1,53,0" doraHai="103" doraHaiUra="31" who="1" fromWho="1" sc="265,-27,235,65,245,-14,245,-14" />
</Scene>
<Scene>
<INIT seed="1,0,0,0,3,80" ten="238,300,231,231" oya="1" hai0="100,60,116,91,27,90,119,99,107,5,3,124,78" hai1="17,115,63,45,40,130,59,69,87,109,35,12,111" hai2="20,67,23,0,117,102,81,94,43,10,58,113,9" hai3="128,7,6,16,121,36,42,29,38,64,2,39,56"/><U11/><E115/><V98/><F113/><W83/><G121/><T8/><D124/><U14/><E35/><V71/><F117/><W122/><G122/><T62/><D116/><U77/><E69/><V28/><F71/><W13/><G29/><T74/><D119/><U123/><E123/><V70/><F70/><W1/><G42/><T84/><D90/><U72/><E72/><V19/><F43/><W41/><G41/><T133/><D133/><U37/><E130/><V125/><F125/><W112/><G112/><T44/><D44/><U48/><E14/><V50/><F0/><W47/><G47/><T134/><D134/><U105/><E105/><V18/><F28/><W54/><G64/><T34/><D27/><U96/><E96/><V103/><F103/><W85/><G2/><T33/><D33/><U101/><E101/><V66/><F66/><W65/><G65/><T120/><D34/><U68/><E68/><V92/><F92/><W30/><G30/><T86/><D120/><U26/><E26/><N who="2" m="14615" /><F81/><W135/><G1/><T73/><D73/><U22/><E22/><V97/><F97/><W82/><G82/><N who="0" m="47191" /><D74/><U31/><E31/><V25/><F50/><N who="3" m="30807" /><G135/><T127/><D127/><U132/><E132/><V89/><F102/><W104/><G104/><T114/><D114/><U79/><E37/><V95/><F95/><W131/><G131/><T15/><D3/><U88/><E79/><V46/><F46/><W126/><G128/><T118/><D118/><U93/><E77/><V61/><AGARI ba="0,0" hai="9,10,19,23,25,58,61,67,89,94,98" m="14615" machi="61" ten="30,1100,0" yaku="8,1" doraHai="80" who="2" fromWho="2" sc="238,-3,300,-5,231,11,231,-3" />
</Scene>
<Scene>
<INIT seed="2,0,0,2,2,20" ten="235,295,242,228" oya="2" hai0="106,133,0,72,63,109,22,59,89,77,130,105,7" hai1="31,122,119,79,23,8,60,28,27,93,67,99,36" hai2="87,73,108,110,120,70,78,53,17,44,46,56,71" hai3="115,132,12,107,121,1,97,47,123,49,135,75,125"/><V104/><F73/><W69/><G1/><T94/><D109/><N who="2" m="42090" /><F104/><W34/><G75/><T91/><D130/><U90/><E36/><V43/><F120/><W102/><G69/><N who="2" m="26121" /><F17/><W111/><G111/><T13/><D133/><U80/><E119/><V25/><F25/><W40/><G115/><T50/><D72/><U33/><E122/><V64/><F64/><W100/><G100/><T98/><D105/><U14/><E33/><V76/><F87/><W45/><G34/><T32/><D32/><U68/><E31/><V127/><F127/><W2/><G125/><T83/><D106/><U51/><E51/><N who="2" m="28919" /><F56/><W124/><G124/><T134/><D59/><U41/><E67/><V114/><F114/><W128/><G2/><T129/><D0/><U19/><E68/><V116/><F116/><W86/><G86/><T24/><D98/><U54/><E99/><V38/><AGARI ba="0,0" hai="38,43,44,76,78" m="28919,26121,42090" machi="38" ten="30,3000,0" yaku="14,1,10,1" doraHai="20" who="2" fromWho="2" sc="235,-10,295,-10,242,30,228,-10" />
</Scene>
<Scene>
<INIT seed="2,1,0,1,0,87" ten="225,285,272,218" oya="2" hai0="105,80,48,8,41,33,32,4,85,96,50,71,1" hai1="103,102,127,84,95,49,129,110,124,93,114,35,31" hai2="29,135,58,130,67,40,6,5,99,3,11,109,70" hai3="46,37,75,51,115,16,83,55,134,15,131,119,111"/><V116/><F116/><W100/><G111/><T74/><D71/><U126/><E110/><V122/><F109/><W72/><G119/><T59/><D74/><U113/><E31/><V61/><F122/><W66/><G131/><T14/><D1/><U108/><E35/><V73/><F130/><W24/><G134/><T39/><D39/><U98/><E108/><V112/><F135/><W0/><G0/><T43/><D33/><U60/><E60/><V38/><F112/><N who="1" m="43113" /><E49/><V90/><F73/><W86/><G100/><T45/><D32/><U117/><E129/><V23/><F6/><W77/><G115/><T81/><D81/><U120/><E117/><V9/><F9/><W30/><G66/><T68/><D68/><U44/><E44/><V54/><F29/><W63/><G63/><T128/><D128/><U20/><E20/><V27/><F23/><W69/><G69/><T56/><D96/><N who="1" m="59663" /><E84/><V78/><F27/><W107/><G37/><T118/><D118/><U34/><E34/><V17/><F17/><W97/><G24/><T21/><D21/><U13/><E13/><V101/><F40/><W53/><G30/><T22/><D22/><U18/><E18/><V132/><F38/><W42/><G86/><T94/><D43/><U12/><E12/><V121/><F132/><W92/><G75/><T26/><D26/><U25/><E25/><V106/><F70/><W88/><G107/><T133/><D105/><U62/><E62/><V79/><F67/><W52/><G42/><T89/><D133/><U47/><E120/><V91/><F121/><W123/><G123/><RYUUKYOKU ba="1,0" sc="225,-30,285,10,272,10,218,10" hai1="47,95,98,103,124,126,127" hai2="3,5,11,54,58,61,78,79,90,91,99,101,106" hai3="15,16,46,51,52,53,55,72,77,83,88,92,97" />
</Scene>
<Scene>
<INIT seed="2,2,0,2,3,79" ten="195,295,282,228" oya="2" hai0="131,29,109,128,23,60,83,21,108,116,122,59,101" hai1="99,65,112,71,98,39,40,50,91,47,7,35,25" hai2="90,129,95,61,106,62,119,18,72,6,132,110,100" hai3="55,48,64,4,68,56,54,66,14,15,45,81,135"/><V104/><F119/><W51/><G135/><T77/><D122/><U37/><E112/><V120/><F120/><W0/><G0/><T96/><D116/><U121/><E121/><V94/><F132/><W107/><G107/><T10/><D10/><U22/><E7/><V124/><F124/><W16/><G68/><T133/><D133/><U82/><E35/><V105/><F72/><W44/><G56/><T12/><D12/><U24/><E24/><V134/><F134/><W118/><G118/><T127/><D127/><U27/><E27/><V88/><F6/><W8/><REACH who="3" step="1"/><G81/><REACH who="3" ten="195,295,282,218" step="2"/><T28/><D59/><U13/><E82/><V84/><F104/><W130/><G130/><T49/><D83/><U38/><E71/><V34/><F105/><W9/><AGARI ba="2,1" hai="4,8,9,14,15,16,44,45,48,51,54,55,64,66" machi="9" ten="20,16000,3" yaku="1,1,0,1,7,1,9,1,8,1,54,1,53,2" doraHai="79" doraHaiUra="5" who="3" fromWho="3" sc="195,-42,295,-42,282,-82,218,176" />
</Scene>
<Scene>
<INIT seed="3,0,0,3,5,40" ten="153,253,200,394" oya="3" hai0="65,20,89,124,45,69,112,133,13,24,30,58,85" hai1="4,101,23,84,43,129,81,108,125,71,123,104,132" hai2="21,8,59,82,33,90,122,47,113,5,83,44,67" hai3="96,127,46,7,72,18,32,6,100,103,78,77,126"/><W88/><G32/><T14/><D133/><U86/><E71/><V60/><F33/><W119/><G119/><T66/><D69/><U106/><E123/><V19/><F122/><W53/><G18/><T111/><D111/><U98/><E4/><V92/><F113/><W22/><G22/><T91/><D112/><U15/><E106/><V73/><F73/><W39/><G88/><T99/><D124/><U54/><E108/><V48/><F8/><W11/><G6/><T55/><D99/><U115/><E125/><N who="3" m="47626" /><G72/><T57/><D89/><U28/><E115/><V12/><F5/><W68/><G68/><T87/><D87/><U51/><E86/><N who="2" m="52311" /><F48/><N who="3" m="28823" /><G39/><T120/><D120/><U70/><E70/><V93/><F93/><N who="3" m="58383" /><G103/><T27/><D91/><U64/><E101/><V0/><F0/><AGARI ba="0,0" hai="0,7,11,77,78" m="58383,28823,47626" machi="0" ten="30,2900,0" yaku="18,1,52,1" doraHai="40" who="3" fromWho="2" sc="153,0,253,0,200,-29,394,29" />
</Scene>
<Scene>
<INIT seed="3,1,0,5,2,81" ten="153,253,171,423" oya="3" hai0="1,28,53,13,9,106,85,98,33,99,25,109,61" hai1="71,129,77,18,80,121,119,87,86,117,101,68,29" hai2="84,89,96,93,67,47,11,115,2,69,24,82,34" hai3="56,107,76,57,73,132,59,31,102,111,7,133,123"/><W63/><G123/><T12/><D109/><U48/><E121/><V116/><F116/><N who="1" m="44617" /><E29/><V130/><F115/><W65/><G7/><T100/><D98/><U10/><E101/><V108/><F108/><W30/><G76/><T126/><D126/><U46/><E129/><V45/><F130/><W112/><G73/><T55/><D1/><U79/><E18/><V113/><F113/><W66/><G112/><T90/><D61/><U50/><E10/><V32/><F67/><N who="3" m="25611" /><G63/><T118/><D118/><U124/><E124/><V60/><F60/><W78/><G78/><N who="1" m="29706" /><E50/><V15/><F2/><W23/><G111/><T44/><D44/><U14/><E14/><V105/><F105/><W16/><G102/><T103/><D103/><U128/><E128/><V42/><F69/><N who="1" m="26697" /><E80/><V0/><F0/><W52/><G107/><T83/><REACH who="0" step="1"/><D13/><REACH who="0" ten="143,253,171,423" step="2"/><U43/><AGARI ba="1,1" hai="43,46,48,86,87" m="26697,29706,44617" machi="43" ten="40,5200,0" yaku="12,1,52,2" doraHai="81" who="1" fromWho="1" sc="143,-14,253,65,171,-14,423,-27" />
</Scene>
<Scene>
<INIT seed="4,0,0,5,5,103" ten="129,318,157,396" oya="0" hai0="44,115,130,32,8,65,18,50,87,61,14,54,134" hai1="95,26,98,15,40,99,47,17,6,48,51,133,63" hai2="25,58,60,86,89,7,39,110,29,114,100,72,36" hai3="88,28,121,109,78,19,49,42,43,123,10,127,101"/><T66/><D115/><U0/><E0/><V71/><F110/><W30/><G109/><T93/><D130/><U16/><E133/><V56/><F72/><W129/><G78/><T107/><D134/><U92/><E63/><V106/><F114/><W27/><G129/><T116/><D116/><U73/><E73/><V37/><F7/><W83/><G101/><T118/><D118/><U12/><E6/><V132/><F132/><W31/><G127/><T13/><D32/><U117/><E117/><V85/><F71/><W94/><G83/><T68/><D66/><U76/><E76/><V90/><F85/><W53/><G10/><T11/><D107/><U1/><E1/><V33/><F86/><W104/><G104/><T34/><D34/><U45/><E26/><V64/><REACH who="2" step="1"/><F58/><REACH who="2" ten="129,318,147,396" step="2"/><N who="3" m="33071" /><G123/><T125/><D125/><U108/><E108/><V20/><F20/><N who="3" m="13727" /><G121/><T113/><D113/><U57/><E57/><V80/><F80/><W38/><G38/><T74/><D74/><U67/><E67/><V128/><F128/><W59/><G59/><T35/><D87/><AGARI ba="0,1" hai="28,30,31,42,43,87,88,94" m="13727,33071" machi="87" ten="30,2000,0" yaku="8,1,54,1" doraHai="103" who="3" fromWho="0" sc="129,-20,318,0,147,0,396,30" />
</Scene>
<Scene>
<INIT seed="5,0,0,0,4,75" ten="109,318,147,426" oya="1" hai0="3,73,93,96,54,19,101,61,18,105,103,48,43" hai1="29,20,110,25,21,89,30,47,131,108,113,102,86" hai2="65,95,60,114,76,67,77,42,66,120,117,81,6" hai3="112,134,118,23,4,35,107,39,116,71,106,36,72"/><U74/><E74/><V32/><F117/><W128/><RYUUKYOKU type="yao9" ba="0,0" sc="109,0,318,0,147,0,426,0" hai3="4,23,35,36,39,71,72,106,107,112,116,118,128,134" />
</Scene>
<Scene>
<INIT seed="5,1,0,3,2,57" ten="109,318,147,426" oya="1" hai0="29,13,104,122,24,60,102,85,34,103,17,113,22" hai1="53,43,91,2,12,65,69,90,133,109,62,21,48" hai2="132,134,98,46,135,100,77,16,47,121,9,70,52" hai3="92,105,23,99,3,19,66,82,131,41,26,25,51"/><U94/><E2/><V38/><F121/><W128/><G3/><T27/><D122/><U76/><E76/><V96/><F70/><W40/><G105/><T20/><D113/><U111/><E43/><N who="2" m="22903" /><F77/><W28/><G82/><T67/><D85/><U54/><E133/><V14/><F100/><N who="3" m="60519" /><G66/><T30/><REACH who="0" step="1"/><D104/><REACH who="0" ten="99,318,147,426" step="2"/><U81/><E111/><V11/><F11/><W71/><G131/><T32/><D32/><U101/><E109/><V59/><F47/><W97/><G128/><T15/><D15/><U118/><E12/><V114/><F114/><W88/><G26/><T58/><AGARI ba="1,1" hai="13,17,20,22,24,27,29,30,34,58,60,67,102,103" machi="58" ten="20,5200,0" yaku="1,1,0,1,7,1,52,1,53,0" doraHai="57" doraHaiUra="1" who="0" fromWho="0" sc="99,65,318,-27,147,-14,426,-14" />
</Scene>
<Scene>
<INIT seed="6,0,0,5,3,35" ten="164,291,133,412" oya="2" hai0="50,68,17,133,82,38,92,76,117,100,24,46,22" hai1="77,2,23,69,99,105,122,18,39,8,31,47,10" hai2="19,30,104,7,127,115,34,128,124,93,95,84,51" hai3="16,6,25,113,79,66,111,52,132,106,135,54,70"/><V120/><F104/><W109/><G106/><T41/><D68/><U20/><E69/><V55/><F120/><W36/><G36/><T3/><D133/><U53/><E77/><V87/><F115/><W37/><G37/><T49/><D117/><U97/><E122/><V130/><F7/><W121/><G79/><T40/><D40/><U26/><E105/><V103/><F19/><W129/><G66/><T74/><REACH who="0" step="1"/><D3/><REACH who="0" ten="154,291,133,412" step="2"/><U126/><E2/><V21/><F34/><W134/><G70/><T101/><D101/><U65/><E126/><N who="2" m="48171" /><F103/><W123/><G123/><T60/><D60/><U90/><E65/><V12/><F128/><W11/><G121/><T112/><D112/><U81/><E99/><AGARI ba="0,1" hai="17,22,24,38,41,46,49,50,74,76,82,92,99,100" machi="99" ten="40,1300,0" yaku="1,1,53,0" doraHai="35" doraHaiUra="4" who="0" fromWho="1" sc="154,23,291,-13,133,0,412,0" />
</Scene>
<Scene>
<INIT seed="7,0,0,1,0,83" ten="177,278,133,412" oya="3" hai0="13,20,91,125,12,96,43,64,44,55,132,74,59" hai1="111,39,121,71,135,30,65,115,102,112,99,47,133" hai2="114,15,76,32,79,11,56,134,0,131,53,103,16" hai3="10,88,80,28,18,29,2,26,37,68,127,45,108"/><W54/><G68/><T3/><D3/><U49/><E121/><V27/><F114/><N who="1" m="43561" /><E30/><V126/><F126/><W98/><G26/><T21/><D91/><U122/><E122/><V38/><F134/><W34/><G34/><T66/><D96/><U89/><E39/><V117/><F117/><W106/><G98/><T22/><D74/><U9/><E9/><V85/><F131/><W72/><G106/><T23/><D125/><U110/><E89/><V82/><F38/><W73/><G88/><T41/><D132/><N who="1" m="50763" /><E65/><N who="0" m="25193" /><D44/><U7/><E7/><V81/><F103/><W69/><G45/><T101/><D101/><U86/><E71/><V105/><F105/><W33/><G69/><T100/><D100/><U6/><E6/><V8/><F0/><W63/><G2/><T119/><D119/><U50/><E99/><V97/><F97/><W19/><G10/><T61/><D20/><U128/><E102/><V75/><F8/><W129/><G29/><T95/><D95/><U51/><E47/><V70/><F70/><W24/><G28/><T60/><D60/><U58/><E58/><V87/><F32/><W109/><G33/><T116/><D116/><U94/><E128/><V107/><F107/><W40/><G129/><T113/><D113/><U90/><AGARI ba="0,0" hai="49,50,51,86,90,94,110,111" m="50763,43561" machi="90" ten="40,5200,0" yaku="15,1,20,1,52,1" doraHai="83" who="1" fromWho="1" sc="177,-13,278,52,133,-13,412,-26" owari="164,-24.0,330,13.0,120,-38.0,386,49.0" />
</Scene>
</mjloggm>