<mjloggm ver="2.3"><GO type="169" lobby="0"/><UN n0="%56%65%6E%75%73%53%61%79" n1="%41%53%41%50%49%4E" n2="%E3%81%84%E3%81%97%E3%81%97%E3%82%93%49%44%E7%B4%9B%E5%A4%B1" n3="%E7%81%BC%E7%9C%BC%E3%81%AE%E3%82%B7%E3%83%A3%E3%83%8A%E3%82%BF%E3%83%B3" dan="17,19,16,16" rate="2168.08,2297.65,2108.68,2151.73" sx="M,M,M,F"/><TAIKYOKU oya="0"/>

<Scene>
<INIT seed="0,0,0,5,3,19" ten="250,250,250,250" oya="0" hai0="29,40,135,113,44,22,55,49,9,62,110,74,89" hai1="1,90,108,97,21,105,126,30,132,96,121,5,6" hai2="14,134,85,82,117,66,79,41,28,131,64,93,120" hai3="122,38,86,56,118,111,36,78,99,128,52,73,71"/><T81/><D113/><U47/><E121/><V35/><F120/><W25/><G122/><T2/><D135/><U87/><E132/><V33/><F134/><W115/><G115/><T16/><D110/><U92/><E108/><V24/><F131/><W70/><G118/><T106/><D106/><U67/><E126/><V112/><F112/><W107/><G73/><T31/><D9/><U43/><E67/><V129/><F129/><W32/><G111/><T91/><D2/><U88/><E1/><V17/><F117/><W68/><G128/><T80/><D74/><U15/><E105/><V27/><F41/><W114/><G114/><T98/><D81/><U42/><E42/><V48/><F48/><W60/><G78/><T130/><D130/><U57/><E57/><V46/><F46/><W0/><G86/><N who="0" m="50375" /><D98/><U13/><E13/><V116/><F116/><W50/><G0/><T65/><D91/><U102/><E102/><V61/><F61/><W3/><G3/><T63/><D65/><U39/><E97/><V94/><F66/><W26/><G60/><N who="0" m="23083" /><D40/><U103/><E103/><V69/><F64/><W95/><G107/><T125/><D125/><U109/><E109/><V101/><F101/><W75/><G75/><T77/><D77/><U20/><E90/><V18/><F69/><W104/><G104/><T11/><D11/><U133/><E133/><V59/><F79/><W51/><G51/><T123/><D123/><U4/><E96/><V45/><F35/><W37/><REACH who="3" step="1"/><G32/><REACH who="3" ten="250,250,250,240" step="2"/><T124/><D124/><U12/><E87/><V119/><F85/><W58/><G58/><RYUUKYOKU ba="0,1" sc="250,15,250,-15,250,-15,240,15" hai0="16,22,29,31,44,49,55" hai3="25,26,36,37,38,50,52,56,68,70,71,95,99" />
</Scene>
<Scene>
<INIT seed="0,1,1,0,0,95" ten="265,235,235,255" oya="0" hai0="94,88,23,123,127,117,69,8,51,89,100,86,62" hai1="107,63,48,13,22,41,54,24,18,14,101,131,52" hai2="99,33,27,85,6,128,76,58,46,106,32,0,109" hai3="59,118,12,57,34,122,5,26,28,29,93,73,25"/><T77/><D117/><U4/><E131/><V55/><F46/><W119/><G73/><T110/><D123/><U115/><E115/><V35/><F128/><W17/><G122/><T116/><D116/><U135/><E135/><V83/><F109/><W67/><G5/><T84/><D127/><U112/><E112/><V80/><F0/><W68/><G68/><T104/><D77/><U64/><E41/><V21/><F6/><W92/><G67/><T133/><D133/><U124/><E124/><V50/><F83/><W71/><G71/><T60/><D8/><U82/><E82/><V96/><REACH who="2" step="1"/><F106/><REACH who="2" ten="265,235,225,255" step="2"/><W102/><G118/><T114/><D114/><U125/><E4/><V30/><AGARI ba="1,2" hai="21,27,30,32,33,35,50,55,58,76,80,85,96,99" machi="30" ten="30,8000,1" yaku="1,1,2,1,0,1,52,2,53,0" doraHai="95" doraHaiUra="121" who="2" fromWho="2" sc="265,-41,235,-21,225,103,255,-21" />
</Scene>
<Scene>
<INIT seed="1,0,0,0,5,61" ten="224,214,328,234" oya="1" hai0="81,105,17,103,50,125,135,129,82,54,59,4,30" hai1="42,79,97,55,118,2,29,67,36,92,24,71,84" hai2="132,127,64,18,49,56,48,108,25,78,116,26,100" hai3="72,39,20,80,83,101,11,134,113,123,8,7,6"/><U74/><E118/><V99/><F116/><W57/><G123/><T37/><D37/><U104/><E2/><V16/><F78/><W69/><G69/><T19/><D30/><U75/><E104/><V98/><F132/><W40/><G113/><T3/><D135/><U94/><E55/><V102/><F56/><W34/><G34/><T107/><D107/><U14/><E14/><V35/><F35/><W44/><G134/><T106/><D106/><U27/><E42/><V115/><F115/><W119/><G119/><T12/><D3/><U53/><E36/><V86/><F86/><W63/><G20/><T124/><D4/><U1/><E1/><V28/><F28/><W60/><G101/><T45/><D19/><U88/><E53/><V85/><F85/><W32/><G32/><T87/><D45/><U114/><E114/><V122/><F122/><W70/><G70/><T66/><D105/><U126/><E126/><V21/><F21/><W128/><G128/><T5/><D129/><U130/><E130/><V68/><F68/><W47/><G57/><T96/><D5/><U111/><E111/><V43/><F43/><W0/><G72/><N who="1" m="27690" /><E29/><V112/><F112/><W120/><G120/><T58/><D17/><U13/><E13/><V65/><F127/><N who="0" m="48714" /><D12/><U52/><E79/><V33/><F33/><W62/><G44/><T133/><D133/><U31/><E31/><V91/><F91/><W90/><G90/><T38/><D38/><U109/><E109/><AGARI ba="0,0" hai="16,18,25,26,48,49,64,65,98,99,100,102,108,109" machi="109" ten="25,8000,1" yaku="22,2,52,2,54,1" doraHai="61" who="2" fromWho="1" sc="224,0,214,-80,328,80,234,0" />
</Scene>
<Scene>
<INIT seed="2,0,0,4,1,134" ten="224,134,408,234" oya="2" hai0="129,92,94,82,35,31,75,66,58,59,0,70,71" hai1="96,73,17,106,113,21,4,120,130,44,122,18,61" hai2="5,53,56,23,104,50,49,12,11,40,8,69,27" hai3="65,54,6,67,109,43,25,110,81,90,52,123,63"/><V62/><F104/><W3/><G123/><T121/><D121/><U103/><E113/><V30/><F69/><W24/><G43/><T119/><D119/><U42/><E73/><V108/><F108/><W76/><G90/><T51/><D0/><U41/><E130/><V127/><F127/><W19/><G6/><T14/><D129/><U38/><E4/><V15/><REACH who="2" step="1"/><F40/><REACH who="2" ten="224,134,398,234" step="2"/><W89/><G109/><T118/><D71/><U72/><E42/><V48/><F48/><W46/><G110/><T131/><D70/><U20/><E61/><V45/><F45/><W117/><G46/><T111/><D131/><U86/><E44/><V124/><F124/><W7/><G63/><T1/><D51/><U68/><E41/><V100/><F100/><W99/><G117/><T2/><D118/><U97/><E68/><V101/><F101/><W9/><G3/><T85/><D2/><U105/><E103/><V87/><F87/><W88/><G99/><T74/><D1/><U112/><E86/><V125/><F125/><W13/><G67/><T29/><D111/><U33/><E72/><V57/><F57/><N who="0" m="21514" /><D66/><U16/><E112/><V32/><F32/><W36/><G65/><T55/><D35/><U47/><E33/><V37/><F37/><W114/><G36/><T84/><D75/><U93/><E38/><V78/><F78/><W107/><G107/><N who="1" m="40970" /><E47/><V77/><F77/><W39/><G39/><T128/><D128/><U10/><E96/><V91/><F91/><N who="3" m="34891" /><G114/><T135/><D74/><U126/><E126/><V26/><F26/><W79/><G25/><T28/><D85/><RYUUKYOKU ba="0,1" sc="224,-10,134,-10,398,30,234,-10" hai2="5,8,11,12,15,23,27,30,49,50,53,56,62" />
</Scene>
<Scene>
<INIT seed="2,1,1,1,4,90" ten="214,124,428,224" oya="2" hai0="100,81,113,56,123,49,69,94,95,12,13,19,105" hai1="66,54,24,89,132,122,67,11,91,62,104,87,85" hai2="64,98,22,106,53,3,83,93,48,27,102,44,9" hai3="77,84,115,47,7,96,45,51,6,70,43,29,86"/><V119/><F119/><W16/><G70/><T36/><D36/><U18/><E104/><V50/><F64/><W76/><G115/><T37/><D69/><U75/><E75/><V31/><F83/><W111/><G111/><T107/><D37/><U46/><E132/><V38/><F38/><W103/><G29/><T26/><D123/><U14/><E122/><V1/><F9/><W72/><G72/><T99/><D107/><U124/><E124/><V126/><F126/><W59/><G59/><T82/><D113/><U117/><E117/><V101/><F106/><W128/><G47/><T40/><D26/><U57/><E46/><V60/><F102/><W41/><G41/><T129/><D129/><U127/><E127/><V58/><REACH who="2" step="1"/><F60/><REACH who="2" ten="214,124,418,224" step="2"/><W130/><G130/><T109/><D105/><U112/><E112/><V25/><F25/><W65/><G65/><T42/><D82/><N who="1" m="49335" /><E24/><V114/><F114/><W120/><G128/><T52/><D81/><AGARI ba="1,2" hai="11,14,18,54,57,62,66,67,81,87,91" m="49335" machi="81" ten="30,1000,0" yaku="8,1" doraHai="90" who="1" fromWho="0" sc="214,-13,124,33,418,0,224,0" />
</Scene>
<Scene>
<INIT seed="3,0,0,4,0,33" ten="201,157,418,224" oya="3" hai0="34,88,42,32,115,133,1,67,17,54,75,123,30" hai1="93,3,57,26,0,118,105,81,37,45,131,85,65" hai2="49,130,128,46,90,15,19,129,6,50,111,70,48" hai3="101,64,114,135,20,87,132,127,126,55,100,99,28"/><W8/><G64/><T76/><D123/><U35/><E105/><V58/><F70/><W16/><G114/><T82/><D115/><U47/><E131/><V104/><F104/><W29/><G87/><T91/><D133/><N who="3" m="51273" /><G55/><T113/><D113/><U94/><E118/><V102/><F102/><N who="3" m="39531" /><G8/><T52/><D42/><U112/><E112/><V134/><F134/><W44/><G44/><T106/><D106/><U7/><E47/><V9/><F46/><W103/><G99/><T96/><D67/><U86/><E86/><V5/><F111/><W22/><G103/><T56/><D54/><U119/><E119/><V36/><F36/><W78/><G78/><T124/><D96/><U125/><E45/><V38/><F38/><W80/><G80/><T92/><D91/><U27/><E37/><V79/><F79/><W11/><G11/><T97/><D88/><U2/><E65/><V98/><F58/><W25/><G22/><T53/><D53/><U10/><E57/><V95/><AGARI ba="0,0" hai="5,6,9,15,19,48,49,50,90,95,98,128,129,130" machi="95" ten="40,2700,0" yaku="0,1,19,1" doraHai="33" who="2" fromWho="2" sc="201,-7,157,-7,418,27,224,-13" />
</Scene>
<Scene>
<INIT seed="4,0,0,1,3,129" ten="194,150,445,211" oya="0" hai0="101,115,41,20,87,114,45,100,28,98,48,123,7" hai1="58,10,11,36,84,46,16,5,108,82,124,68,23" hai2="18,12,72,112,57,50,22,130,76,2,37,67,24" hai3="134,27,105,73,35,44,90,80,25,74,55,15,56"/><T96/><D7/><U64/><E108/><V103/><F37/><W111/><G105/><T109/><D123/><U38/><E68/><V122/><F2/><W127/><G111/><T19/><D109/><U13/><E124/><V62/><F122/><W52/><G127/><T42/><D28/><U66/><E11/><V39/><F39/><W54/><G44/><T99/><D42/><U26/><E58/><V3/><F3/><W78/><G73/><T92/><D87/><U120/><E120/><V43/><F130/><W110/><G110/><T60/><D60/><U59/><E59/><V6/><F103/><W33/><G15/><T61/><D61/><U65/><REACH who="1" step="1"/><E46/><REACH who="1" ten="194,140,445,211" step="2"/><V133/><F57/><W70/><G70/><T21/><D114/><U40/><E40/><V121/><F43/><W71/><G71/><T119/><D115/><U14/><E14/><V85/><F12/><W107/><G56/><T93/><D119/><U81/><E81/><V0/><F112/><W29/><G80/><T128/><D128/><U31/><E31/><V75/><F0/><W86/><G29/><T116/><D116/><U135/><E135/><V97/><F133/><W1/><G1/><T91/><REACH who="0" step="1"/><D19/><REACH who="0" ten="184,140,445,211" step="2"/><U47/><E47/><V4/><F18/><W34/><G134/><T88/><D88/><AGARI ba="0,2" hai="5,10,13,16,23,26,36,38,64,65,66,82,84,88" machi="88" ten="40,5200,0" yaku="1,1,54,2,53,0" doraHai="129" doraHaiUra="113" who="1" fromWho="0" sc="184,-52,140,72,445,0,211,0" />
</Scene>
<Scene>
<INIT seed="5,0,0,2,0,53" ten="132,212,445,211" oya="1" hai0="36,133,23,108,85,135,61,74,28,76,75,90,111" hai1="128,101,84,57,122,38,92,55,34,68,132,37,60" hai2="33,105,91,22,54,7,125,113,72,51,69,46,52" hai3="31,116,103,106,0,73,129,81,71,102,41,131,17"/><U104/><E122/><V21/><F33/><W63/><G0/><T100/><D36/><U127/><E34/><V98/><F72/><N who="0" m="27690" /><D28/><U56/><E68/><V6/><F125/><W64/><G116/><T16/><D61/><U5/><E127/><V121/><F121/><W95/><G106/><T126/><D126/><U12/><E128/><V118/><F118/><W82/><G31/><T49/><D49/><U44/><E132/><N who="0" m="50761" /><D100/><U42/><E104/><V110/><F51/><W3/><G103/><T40/><D40/><U26/><E38/><V24/><F105/><W107/><G107/><T117/><D76/><U50/><E26/><V80/><F24/><W13/><G41/><T120/><D120/><U67/><E101/><V18/><F69/><W115/><G102/><T124/><D124/><U10/><E92/><V66/><F46/><W65/><G95/><N who="0" m="54735" /><D117/><U78/><E78/><V4/><F80/><W94/><G82/><T87/><D87/><U119/><E119/><V11/><F91/><W15/><G81/><T70/><D70/><U83/><E83/><V48/><F98/><W9/><G73/><T39/><D39/><U59/><E84/><V8/><F6/><W47/><G94/><T32/><D32/><U93/><E93/><V77/><F7/><W2/><G71/><T45/><D45/><U1/><REACH who="1" step="1"/><E59/><REACH who="1" ten="132,202,445,211" step="2"/><V97/><F77/><W29/><G129/><T134/><N who="0" m="50769" /><T35/><DORA hai="86" /><D35/><U30/><E30/><V20/><F97/><W96/><G96/><T112/><D112/><U114/><E114/><V130/><F113/><W43/><G115/><RYUUKYOKU ba="0,1" sc="132,15,202,15,445,-15,211,-15" hai0="16,23,108,111" hai1="1,5,10,12,37,42,44,50,55,56,57,60,67" />
</Scene>
<Scene>
<INIT seed="5,1,1,3,1,59" ten="147,217,430,196" oya="1" hai0="27,97,71,12,60,103,76,43,5,89,66,119,1" hai1="25,93,125,124,130,133,49,131,110,34,81,96,120" hai2="10,86,62,32,72,85,40,63,65,123,77,53,31" hai3="39,94,74,101,114,3,83,113,9,23,88,21,56"/><U51/><E120/><V129/><F123/><W57/><G39/><T104/><D119/><U91/><E133/><V106/><F106/><W28/><G101/><T100/><D76/><U20/><E34/><V2/><F40/><W22/><G28/><T6/><D1/><U46/><E110/><V45/><F72/><W33/><G33/><T79/><D79/><U55/><E51/><V41/><F129/><W105/><G105/><T48/><D103/><U102/><E81/><V82/><F53/><W73/><G83/><T118/><D118/><U78/><E78/><V30/><F86/><N who="3" m="52503" /><G74/><T95/><D12/><U15/><E15/><V90/><F90/><W107/><G107/><T128/><D128/><N who="1" m="49195" /><E102/><V0/><F32/><W127/><G127/><T117/><D117/><U111/><E111/><V64/><F2/><W16/><G73/><T69/><D69/><U112/><E112/><N who="3" m="43114" /><G3/><T134/><D134/><U14/><E14/><AGARI ba="1,1" hai="9,14,16,21,22,23,56,57" m="43114,52503" machi="14" ten="30,3900,0" yaku="15,1,54,2" doraHai="59" who="3" fromWho="1" sc="147,0,217,-42,430,0,196,52" />
</Scene>
<Scene>
<INIT seed="6,0,0,5,4,129" ten="147,175,430,248" oya="2" hai0="100,8,110,39,42,107,128,116,33,64,120,26,69" hai1="46,0,103,22,89,99,84,71,82,5,92,38,16" hai2="81,9,117,70,29,51,111,11,134,68,132,27,57" hai3="4,65,131,23,74,56,85,73,60,61,118,121,47"/><V13/><F117/><W52/><G118/><T67/><D116/><U53/><E71/><V44/><F111/><W76/><G121/><T79/><D67/><U98/><E0/><V45/><F57/><W40/><G131/><T122/><D128/><U80/><E5/><V32/><F81/><W109/><G109/><T48/><D110/><U93/><E84/><V113/><F113/><W25/><G4/><T66/><D66/><U63/><E38/><V115/><F115/><W14/><G14/><T104/><D8/><N who="2" m="3146" /><F13/><W12/><G12/><T35/><D79/><U86/><E86/><V125/><F125/><W3/><G3/><T102/><D39/><U77/><E77/><V78/><F78/><W105/><G105/><T135/><D64/><U75/><E75/><V90/><F90/><W41/><G74/><T19/><D69/><N who="2" m="26730" /><F51/><N who="3" m="28799" /><G60/><T130/><D130/><U94/><E94/><V55/><F55/><W133/><G85/><T7/><D7/><U30/><E30/><V124/><F124/><W49/><G49/><T88/><D48/><N who="1" m="28823" /><E63/><V43/><F43/><W10/><G41/><T28/><D42/><U127/><E127/><V96/><F96/><W18/><G40/><T126/><D126/><U87/><E99/><V54/><F54/><W112/><G112/><T108/><D108/><U1/><E1/><V58/><F58/><W17/><G56/><T37/><D37/><U97/><E97/><V50/><F50/><W31/><G65/><T106/><D122/><U2/><E2/><V6/><F6/><W101/><G76/><T83/><D120/><U123/><E123/><RYUUKYOKU ba="0,0" sc="147,-15,175,15,430,15,248,-15" hai1="16,22,80,82,87,89,92,93,98,103" hai2="27,29,32,44,45,132,134" />
</Scene>
<Scene>
<INIT seed="6,1,0,2,1,88" ten="132,190,445,233" oya="2" hai0="11,22,85,37,131,26,101,115,14,34,51,110,79" hai1="132,128,76,104,43,133,29,74,8,6,72,21,108" hai2="55,30,107,73,114,20,15,64,112,18,127,91,117" hai3="87,32,129,49,59,16,135,93,58,63,65,125,126"/><V120/><F117/><W24/><G135/><N who="1" m="51786" /><E108/><V113/><F120/><W1/><G1/><T40/><D110/><U27/><E104/><V86/><F73/><W109/><G129/><T90/><D131/><U25/><E128/><V47/><F107/><W10/><G109/><T67/><D115/><U19/><E43/><V57/><F127/><W89/><G32/><T99/><D34/><N who="1" m="20783" /><E76/><V50/><F30/><W28/><G28/><N who="0" m="17495" /><D37/><U100/><E100/><V82/><REACH who="2" step="1"/><F64/><REACH who="2" ten="132,190,435,233" step="2"/><W0/><G125/><T9/><D67/><U123/><E123/><V23/><F23/><W42/><G126/><T54/><D11/><U12/><AGARI ba="1,1" hai="6,8,12,19,21,27,72,74" m="20783,51786" machi="12" ten="30,1100,0" yaku="20,1" doraHai="88" who="1" fromWho="1" sc="132,-4,190,24,435,-6,233,-4" />
</Scene>
<Scene>
<INIT seed="7,0,0,4,1,126" ten="128,214,429,229" oya="3" hai0="81,135,8,40,38,17,55,125,66,98,97,60,101" hai1="2,92,82,39,15,45,11,3,28,114,27,105,103" hai2="104,25,42,56,111,121,20,64,99,24,0,70,71" hai3="118,76,43,52,34,83,13,37,129,44,46,79,54"/><W22/><G118/><T127/><D135/><U1/><E114/><V30/><F0/><W33/><G129/><T91/><D38/><U68/><E68/><V67/><F111/><W62/><G79/><T10/><D40/><U109/><E109/><V84/><F121/><W5/><G54/><T77/><D55/><U72/><E105/><V47/><F71/><W119/><G119/><T102/><D91/><U4/><E92/><V31/><F70/><W90/><G90/><T58/><D17/><U87/><E103/><V85/><F104/><W9/><G22/><T80/><D77/><N who="1" m="44327" /><E15/><V96/><F56/><W123/><G123/><T131/><D58/><U61/><E87/><V59/><F59/><W65/><G65/><T86/><D66/><U95/><E95/><V7/><F7/><W73/><REACH who="3" step="1"/><G62/><REACH who="3" ten="128,214,429,219" step="2"/><T49/><D60/><U23/><E61/><V88/><F67/><W50/><AGARI ba="0,1" hai="5,9,13,33,34,37,43,44,46,50,52,73,76,83" machi="50" ten="30,18000,2" yaku="1,1,2,1,0,1,54,1,53,2" doraHai="126" doraHaiUra="29" who="3" fromWho="3" sc="128,-60,214,-60,429,-60,219,190" owari="68,-43.0,154,-25.0,369,17.0,409,51.0" />
</Scene>
</mjloggm>