<mjloggm ver="2.3"><GO type="169" lobby="0"/><UN n0="%E2%98%85%E3%82%86%E3%83%BC%E2%98%86" n1="%E3%81%BE%E3%82%86%E3%81%BE%E3%82%86%37%37" n2="%41%53%41%50%49%4E" n3="%E6%9C%AC%E6%97%A5%E5%AE%9A%E4%BC%91%E6%97%A5" dan="17,17,18,17" rate="2153.50,2148.65,2248.59,2169.40" sx="M,F,M,M"/><TAIKYOKU oya="0"/>

<Scene>
<INIT seed="0,0,0,5,4,125" ten="250,250,250,250" oya="0" hai0="98,54,49,70,82,46,31,43,95,47,133,113,63" hai1="44,50,51,64,4,72,86,1,34,79,32,102,115" hai2="0,26,36,109,122,3,76,60,42,106,10,90,112" hai3="130,107,21,23,117,100,116,75,67,111,74,11,118"/><T77/><D113/><U104/><E72/><V15/><F112/><W89/><G67/><T88/><D133/><U14/><E1/><V120/><F106/><W134/><G134/><T16/><D31/><U128/><E51/><V55/><F109/><W56/><G56/><T129/><D129/><U105/><E64/><V17/><F76/><W114/><G114/><T68/><D16/><U45/><E45/><V96/><F42/><W65/><G65/><T73/><REACH who="0" step="1"/><D63/><REACH who="0" ten="240,250,250,250" step="2"/><U7/><E128/><V41/><F60/><W37/><G130/><T78/><D78/><U81/><E79/><V85/><F17/><W18/><G18/><T124/><D124/><U80/><E115/><V33/><F120/><W12/><G118/><T39/><AGARI ba="0,1" hai="39,43,46,47,49,54,68,70,73,77,82,88,95,98" machi="39" ten="20,7800,0" yaku="1,1,0,1,7,1,54,1,53,0" doraHai="125" doraHaiUra="123" who="0" fromWho="0" sc="240,88,250,-26,250,-26,250,-26" />
</Scene>
<Scene>
<INIT seed="0,1,0,3,2,48" ten="328,224,224,224" oya="0" hai0="117,133,11,135,103,125,28,3,64,97,106,109,72" hai1="33,58,104,70,108,69,53,105,54,20,30,56,38" hai2="87,88,29,98,65,130,60,107,61,84,94,32,129" hai3="110,19,31,0,5,116,111,10,75,102,78,55,23"/><T101/><D117/><U15/><E33/><V21/><F60/><W9/><G116/><T51/><D125/><U34/><E34/><V49/><F32/><W67/><G67/><T114/><D114/><U124/><E38/><V68/><F107/><W62/><G102/><T85/><D72/><U76/><E76/><V118/><F118/><W91/><G31/><T47/><D103/><U126/><E30/><V14/><F14/><W4/><G91/><T121/><D121/><U100/><E100/><V36/><F36/><W8/><G78/><T96/><D96/><U40/><E40/><V45/><F21/><W50/><G62/><T7/><D109/><N who="3" m="41481" /><G75/><T52/><D64/><U79/><E108/><V41/><REACH who="2" step="1"/><F29/><REACH who="2" ten="328,224,214,224" step="2"/><W73/><G0/><T71/><D71/><U122/><E15/><V26/><F26/><N who="3" m="14719" /><G73/><T46/><D28/><U59/><E20/><V82/><F82/><W112/><G112/><T131/><D131/><AGARI ba="1,1" hai="41,45,49,61,65,68,84,87,88,94,98,129,130,131" machi="131" ten="40,8000,1" yaku="1,1,19,1,54,1,53,2" doraHai="48" doraHaiUra="83" who="2" fromWho="0" sc="328,-83,224,0,214,93,224,0" />
</Scene>
<Scene>
<INIT seed="1,0,0,2,5,111" ten="245,224,307,224" oya="1" hai0="29,22,96,94,60,46,134,43,41,20,24,63,105" hai1="37,40,6,7,85,36,61,126,117,26,10,44,57" hai2="82,81,32,133,27,5,83,119,42,1,71,118,87" hai3="68,120,77,31,99,25,3,12,19,51,66,122,48"/><U84/><E117/><V34/><F71/><W49/><G3/><T128/><D105/><U130/><E126/><V88/><F133/><W55/><G55/><T35/><D134/><U39/><E130/><V14/><F1/><W114/><G77/><T72/><D72/><U131/><E131/><V58/><F42/><W69/><G99/><T129/><D35/><U73/><E73/><V93/><F34/><W17/><G66/><T56/><D22/><U90/><E26/><V80/><N who="2" m="20480" /><DORA hai="95" /><V4/><F58/><W23/><G19/><T108/><D108/><U100/><E100/><V115/><F115/><W101/><G101/><N who="0" m="60567" /><D63/><U16/><E16/><V9/><REACH who="2" step="1"/><F5/><REACH who="2" ten="245,224,297,224" step="2"/><W21/><REACH who="3" step="1"/><G114/><REACH who="3" ten="245,224,297,214" step="2"/><T116/><D116/><U97/><E6/><V13/><F13/><W0/><G0/><T30/><D129/><U11/><E7/><V113/><F113/><W62/><G62/><T67/><D128/><U76/><E61/><V74/><F74/><W50/><N who="3" m="12288" /><DORA hai="107" /><W79/><G79/><T54/><D46/><U121/><E44/><V53/><F53/><W52/><G52/><T15/><D54/><U109/><E76/><V110/><F110/><W92/><G92/><T33/><D15/><U123/><E109/><V65/><F65/><W102/><G102/><T125/><D125/><U124/><E124/><V64/><F64/><W86/><G86/><T98/><D98/><U18/><E85/><V47/><F47/><W78/><G78/><T70/><D70/><AGARI ba="0,2" hai="12,17,21,23,25,31,68,69,70,120,122" m="12288" machi="70" ten="50,1600,0" yaku="1,1,53,0" doraHai="111,95,107" doraHaiUra="89,38,135" who="3" fromWho="0" sc="245,-16,224,0,297,0,214,36" />
</Scene>
<Scene>
<INIT seed="2,0,0,5,4,134" ten="229,224,297,250" oya="2" hai0="101,68,72,9,24,111,107,118,130,29,91,108,88" hai1="96,65,74,81,73,67,104,20,78,110,125,31,15" hai2="89,10,5,57,0,23,124,16,13,82,62,33,70" hai3="39,105,63,121,48,75,27,12,116,19,126,32,106"/><V47/><F70/><W49/><G39/><T115/><D115/><U127/><E110/><N who="0" m="42025" /><D72/><U64/><E74/><V4/><F124/><N who="1" m="47689" /><E104/><V8/><F33/><W34/><G75/><T66/><D9/><U51/><E96/><V2/><F47/><W44/><G63/><N who="0" m="40031" /><D130/><U11/><E51/><V43/><F43/><W135/><G49/><T41/><D41/><U25/><E67/><V109/><F109/><W53/><G135/><T79/><D79/><U61/><E61/><V45/><F45/><W26/><G34/><N who="0" m="20775" /><D118/><U85/><E73/><V80/><REACH who="2" step="1"/><F89/><REACH who="2" ten="229,224,287,250" step="2"/><W35/><G32/><T54/><D54/><AGARI ba="0,1" hai="0,2,4,5,8,10,13,16,23,54,57,62,80,82" machi="54" ten="30,12000,1" yaku="1,1,2,1,7,1,9,1,54,1,53,0" doraHai="134" doraHaiUra="123" who="2" fromWho="0" sc="229,-120,224,0,287,130,250,0" />
</Scene>
<Scene>
<INIT seed="2,1,0,5,4,73" ten="109,224,417,250" oya="2" hai0="32,92,50,113,49,99,135,15,62,22,121,46,54" hai1="126,79,124,125,88,28,30,127,82,10,18,38,123" hai2="128,131,37,52,77,43,84,27,106,17,24,115,104" hai3="55,53,80,26,105,119,116,94,59,20,102,5,107"/><V33/><F115/><W35/><G35/><T13/><D121/><U72/><E38/><V78/><F84/><W45/><G5/><T41/><D113/><U117/><E117/><V95/><F95/><W96/><G107/><T36/><D32/><U29/><E123/><V12/><F104/><W44/><G105/><T108/><D108/><U98/><N who="1" m="32256" /><DORA hai="11" /><U114/><E114/><V97/><F43/><W61/><G119/><T6/><D135/><U103/><E88/><V120/><F37/><W9/><G9/><T110/><D110/><U69/><E69/><V39/><F39/><W42/><G42/><T65/><D6/><U71/><E71/><V132/><F132/><W86/><G55/><T56/><D22/><U64/><E64/><V122/><F52/><W83/><G116/><T118/><D118/><U89/><E89/><V34/><F106/><W67/><G53/><T7/><D7/><U91/><E91/><V51/><F97/><W101/><G101/><N who="0" m="60647" /><D36/><U68/><E68/><V23/><F34/><W19/><REACH who="3" step="1"/><G83/><REACH who="3" ten="109,224,417,240" step="2"/><T8/><D8/><U25/><E10/><N who="2" m="6295" /><F33/><W21/><G21/><T109/><D109/><U0/><E103/><V130/><F23/><W111/><G111/><T81/><D81/><U87/><E82/><V31/><F122/><W2/><G2/><T1/><D1/><U70/><E0/><V75/><F120/><W74/><G74/><T93/><D93/><U76/><E72/><V133/><F75/><W90/><AGARI ba="1,1" hai="19,20,26,44,45,59,61,67,80,86,90,94,96,102" machi="90" ten="20,8000,1" yaku="1,1,0,1,7,1,8,1,53,1" doraHai="73,11" doraHaiUra="85,48" who="3" fromWho="3" sc="109,-21,224,-21,417,-41,240,93" />
</Scene>
<Scene>
<INIT seed="3,0,0,0,1,62" ten="88,203,376,333" oya="3" hai0="71,68,127,113,114,131,19,85,32,63,132,53,72" hai1="102,92,111,39,22,67,2,133,98,58,59,97,31" hai2="41,29,119,118,51,49,93,78,74,24,105,52,135" hai3="12,120,34,33,112,69,8,128,108,75,89,116,70"/><W104/><RYUUKYOKU type="yao9" ba="0,0" sc="88,0,203,0,376,0,333,0" hai3="8,12,33,34,69,70,75,89,104,108,112,116,120,128" />
</Scene>
<Scene>
<INIT seed="3,1,0,1,2,1" ten="88,203,376,333" oya="3" hai0="71,28,26,67,111,76,66,13,109,8,80,96,37" hai1="7,113,90,135,92,64,39,119,10,55,62,123,31" hai2="87,34,69,21,22,104,127,89,88,2,78,51,79" hai3="11,112,49,130,4,68,40,72,15,44,52,97,3"/><W133/><G112/><T17/><D37/><U70/><E123/><V103/><F69/><W42/><G68/><T106/><D106/><U118/><E113/><V126/><F34/><W16/><G72/><T125/><D96/><U108/><E31/><V98/><F2/><W114/><G114/><T47/><D47/><U110/><E55/><V46/><F21/><W105/><G133/><T24/><D125/><N who="2" m="47626" /><F22/><W82/><G82/><T74/><D26/><U81/><E81/><N who="2" m="47551" /><F78/><W19/><G130/><T36/><D36/><U12/><E39/><V77/><F77/><W20/><REACH who="3" step="1"/><G19/><REACH who="3" ten="88,203,376,323" step="2"/><T29/><D71/><U25/><E135/><V14/><F14/><W56/><G56/><T6/><D17/><U95/><E25/><V75/><F75/><W94/><G94/><T116/><D24/><U0/><E95/><V132/><F132/><W18/><G18/><T27/><D29/><U91/><E12/><V122/><F122/><W54/><G54/><AGARI ba="1,1" hai="46,51,54,88,89,98,103,104" m="47551,47626" machi="54" ten="30,2000,0" yaku="18,1,54,1" doraHai="1" who="2" fromWho="3" sc="88,0,203,0,376,33,323,-23" />
</Scene>
<Scene>
<INIT seed="4,0,0,0,4,41" ten="88,203,409,300" oya="0" hai0="0,89,101,56,79,99,8,63,103,87,110,132,93" hai1="108,46,130,3,27,23,54,69,81,74,26,45,91" hai2="100,22,44,36,5,125,121,113,31,71,28,116,11" hai3="24,37,47,114,134,124,29,102,35,14,38,39,70"/><T4/><D132/><U83/><E3/><V12/><F121/><W77/><G134/><T119/><D119/><U32/><E108/><V60/><F116/><W67/><G114/><T107/><D110/><U1/><E1/><V76/><F113/><W49/><G124/><T21/><D21/><U80/><E69/><V58/><F71/><W33/><G33/><T10/><D10/><U61/><E74/><V57/><F125/><W109/><G109/><T104/><D79/><U52/><E32/><V73/><F57/><W117/><G77/><T72/><D72/><U6/><E6/><V129/><F129/><W2/><G2/><T7/><D7/><U96/><E130/><V25/><F100/><W135/><G135/><T106/><REACH who="0" step="1"/><D103/><REACH who="0" ten="78,203,409,300" step="2"/><U111/><E111/><V98/><F76/><W62/><G102/><T126/><D126/><U122/><E122/><V43/><F73/><W128/><G117/><T48/><D48/><U84/><E27/><V127/><F127/><W19/><G128/><T30/><D30/><U131/><E131/><V120/><F120/><W118/><G118/><T68/><D68/><U112/><E112/><V115/><F115/><W75/><G75/><T66/><AGARI ba="0,1" hai="0,4,8,56,63,66,87,89,93,99,101,104,106,107" machi="66" ten="20,7800,0" yaku="1,1,0,1,7,1,53,1" doraHai="41" doraHaiUra="95" who="0" fromWho="0" sc="78,88,203,-26,409,-26,300,-26" />
</Scene>
<Scene>
<INIT seed="4,1,0,5,4,118" ten="166,177,383,274" oya="0" hai0="15,128,22,1,127,97,48,45,96,101,104,34,2" hai1="119,135,37,39,123,100,68,98,7,129,5,95,77" hai2="18,122,111,64,75,11,126,52,19,49,0,112,31" hai3="124,28,63,58,54,82,21,110,46,72,120,80,92"/><T76/><D34/><U27/><E119/><V20/><F111/><W41/><G110/><T29/><D127/><U116/><E116/><V88/><F75/><W17/><G124/><T132/><D132/><U93/><E68/><V86/><F126/><W6/><G6/><T79/><D128/><U65/><E65/><V109/><F109/><W42/><G28/><T30/><D97/><U115/><E98/><V35/><F122/><W102/><G72/><T66/><D66/><U105/><E77/><V130/><F130/><W103/><G42/><T67/><D67/><U114/><E129/><V62/><F112/><W57/><G57/><T83/><D79/><U3/><E27/><V47/><F35/><W24/><G120/><T125/><D125/><U8/><E123/><V133/><F133/><W38/><REACH who="3" step="1"/><G92/><REACH who="3" ten="166,177,383,264" step="2"/><T36/><D30/><U99/><E95/><N who="2" m="54679" /><F31/><W59/><G59/><T91/><D29/><U117/><E117/><V32/><F32/><W94/><G94/><T25/><D104/><U78/><E93/><V33/><F33/><W13/><G13/><T70/><D15/><U12/><E135/><V51/><F0/><W53/><G53/><T85/><D70/><U4/><E7/><V69/><F52/><W55/><G55/><N who="0" m="30095" /><D1/><U113/><E12/><N who="2" m="7455" /><F47/><W131/><G131/><T74/><D2/><U40/><E5/><V61/><F69/><W14/><G14/><T121/><D121/><U87/><E40/><V90/><F64/><W108/><G108/><T73/><D25/><U50/><E50/><N who="2" m="18955" /><F90/><W71/><G71/><T89/><D89/><U106/><E106/><RYUUKYOKU ba="1,1" sc="166,-30,177,10,383,10,264,10" hai1="3,4,8,37,39,78,87,99,100,105,113,114,115" hai2="19,20,61,62" hai3="17,21,24,38,41,46,54,58,63,80,82,102,103" />
</Scene>
<Scene>
<INIT seed="5,2,1,3,0,79" ten="136,187,393,274" oya="1" hai0="114,11,8,4,3,15,126,112,41,42,108,14,115" hai1="46,107,58,106,56,96,59,34,113,119,116,47,6" hai2="51,109,0,122,25,121,87,16,1,123,71,135,88" hai3="61,20,128,13,28,78,98,117,124,85,120,17,32"/><U134/><E34/><V131/><F109/><W81/><G120/><T125/><D108/><U89/><E6/><V86/><F71/><W19/><G128/><T99/><D99/><U7/><E7/><V44/><F131/><W55/><G124/><N who="0" m="47723" /><D42/><U103/><E134/><V68/><F68/><W105/><G117/><T18/><D41/><U80/><E107/><V97/><F135/><W22/><G32/><T24/><D24/><U36/><E113/><V12/><F25/><W31/><G98/><T26/><D26/><U110/><E110/><V74/><F74/><W2/><G2/><AGARI ba="2,1" hai="2,3,4,8,11,14,15,18,112,114,115" m="47723" machi="2" ten="40,8000,1" yaku="15,1,18,1,34,2" doraHai="79" who="0" fromWho="3" sc="136,96,187,0,393,0,274,-86" />
</Scene>
<Scene>
<INIT seed="6,0,0,1,0,83" ten="232,187,393,188" oya="2" hai0="100,89,94,133,86,40,78,48,43,52,32,121,115" hai1="104,77,112,99,130,55,135,125,21,85,51,49,39" hai2="57,33,70,82,16,24,102,91,31,87,63,2,9" hai3="6,111,12,124,113,14,1,131,56,47,29,34,114"/><V5/><F70/><W38/><G111/><T8/><D121/><U76/><E39/><V19/><F102/><W101/><G101/><T128/><D115/><N who="3" m="44041" /><G56/><N who="0" m="32775" /><D32/><U81/><E112/><V45/><F45/><W0/><G131/><T18/><D133/><U25/><E135/><V73/><F73/><W108/><G108/><T50/><D128/><U10/><E130/><V13/><F2/><N who="3" m="1131" /><G6/><T15/><D100/><U42/><E125/><V116/><F116/><W4/><G4/><T69/><D69/><U3/><E104/><V103/><F103/><W98/><G98/><N who="0" m="57679" /><D50/><U110/><E99/><V107/><F107/><W46/><G124/><T129/><D129/><U20/><E110/><V80/><F5/><W134/><G134/><T109/><D109/><U92/><E3/><V105/><F105/><W71/><G71/><T44/><D44/><N who="3" m="16937" /><G38/><T54/><D54/><U120/><E55/><V132/><F132/><W26/><AGARI ba="0,0" hai="12,14,26,29,34" m="16937,1131,44041" machi="26" ten="40,2700,0" yaku="15,1,11,1" doraHai="83" who="3" fromWho="3" sc="232,-7,187,-7,393,-13,188,27" />
</Scene>
<Scene>
<INIT seed="7,0,0,3,4,76" ten="225,180,380,215" oya="3" hai0="42,35,95,69,114,14,113,4,57,33,30,87,51" hai1="134,99,125,121,64,85,10,128,32,70,73,72,50" hai2="133,60,123,118,61,94,101,90,130,91,39,1,124" hai3="109,68,22,55,24,126,103,0,52,29,71,100,88"/><W63/><G0/><T104/><D104/><U25/><E121/><V8/><F118/><W9/><G126/><T17/><D69/><U7/><E125/><V6/><F124/><W78/><G109/><T45/><D4/><U74/><E134/><V132/><F39/><W106/><G9/><N who="0" m="6351" /><D30/><U21/><E128/><V131/><F123/><W80/><G106/><T98/><D57/><U107/><E50/><V93/><F101/><N who="3" m="38987" /><G71/><T135/><D98/><U86/><E99/><N who="2" m="57783" /><F61/><W81/><G68/><T89/><D135/><N who="2" m="51786" /><F60/><W18/><G78/><T66/><D66/><U38/><E107/><V20/><F20/><N who="3" m="15495" /><G63/><T43/><D33/><U48/><E64/><V44/><F44/><W62/><G62/><T12/><D35/><U3/><E38/><V58/><F58/><W23/><G23/><T102/><D102/><U67/><E67/><V111/><F111/><W15/><G88/><T36/><D36/><U112/><E70/><V56/><F56/><W40/><G40/><T41/><D41/><U13/><E112/><N who="0" m="43113" /><D43/><U105/><E105/><V5/><F1/><W46/><G46/><T16/><D42/><U27/><E48/><V129/><F8/><W108/><G108/><T53/><D45/><U11/><E32/><V49/><F49/><W77/><G77/><T82/><D51/><U96/><E96/><AGARI ba="0,0" hai="5,6,91,94,96,129,130,131" m="51786,57783" machi="96" ten="40,2600,0" yaku="19,1,20,1" doraHai="76" who="2" fromWho="1" sc="225,0,180,-26,380,26,215,0" owari="225,3.0,154,-35.0,406,50.0,215,-18.0" />
</Scene>
</mjloggm>