<mjloggm ver="2.3"><GO type="169" lobby="0"/><UN n0="%41%53%41%50%49%4E" n1="%E4%BF%BA%E3%81%A4%E3%81%88%E3%81%88%E3%81%88%EF%BD%9E" n2="%4B%E3%80%82" n3="%E3%83%88%E3%83%90%E3%82%BE" dan="19,17,17,17" rate="2324.80,2179.16,2121.89,2119.32" sx="M,F,M,M"/><TAIKYOKU oya="0"/>

<Scene>
<INIT seed="0,0,0,5,2,52" ten="250,250,250,250" oya="0" hai0="67,102,124,24,13,83,82,127,35,95,89,2,130" hai1="23,129,17,12,97,81,14,36,31,72,98,16,110" hai2="70,15,53,105,7,60,86,6,42,27,61,11,107" hai3="57,38,119,8,48,22,122,132,65,62,120,44,76"/><T39/><D2/><U54/><E36/><V33/><F42/><W108/><G119/><T92/><D39/><U131/><E31/><V90/><F6/><W85/><G38/><T103/><D35/><U87/><E72/><V80/><F70/><W66/><G108/><T1/><D1/><U117/><E110/><V113/><F113/><W116/><G116/><T104/><D24/><U109/><E109/><V126/><F126/><N who="0" m="48170" /><D13/><U78/><E117/><V112/><F112/><W114/><G114/><T71/><D67/><U74/><E74/><V45/><F45/><W46/><G132/><T106/><D71/><U37/><E37/><V123/><F123/><W118/><G118/><T25/><D25/><U10/><REACH who="1" step="1"/><E54/><REACH who="1" ten="250,240,250,250" step="2"/><V49/><F53/><W50/><G122/><T133/><D133/><U111/><E111/><V93/><F33/><W96/><G120/><T43/><D43/><U29/><E29/><V73/><F73/><W40/><G40/><T79/><D130/><AGARI ba="0,1" hai="10,12,14,16,17,23,78,81,87,97,98,129,130,131" machi="130" ten="40,5200,0" yaku="1,1,19,1,54,1,53,0" doraHai="52" doraHaiUra="56" who="1" fromWho="0" sc="250,-52,240,62,250,0,250,0" />
</Scene>
<Scene>
<INIT seed="1,0,0,2,5,74" ten="198,302,250,250" oya="1" hai0="82,54,47,130,56,80,7,128,113,120,91,25,17" hai1="36,67,90,33,0,96,134,70,42,68,129,35,40" hai2="126,55,79,27,8,127,81,116,19,57,87,88,84" hai3="89,34,2,133,26,22,75,94,111,98,100,69,78"/><U108/><E0/><V49/><F116/><W13/><G2/><T66/><D113/><U93/><E134/><V3/><F27/><W23/><G69/><T45/><D120/><U76/><E129/><N who="0" m="49769" /><D66/><U77/><E108/><V15/><REACH who="2" step="1"/><F3/><REACH who="2" ten="198,302,240,250" step="2"/><W104/><G26/><T11/><D25/><U115/><E115/><V118/><F118/><W10/><G111/><T1/><D17/><U38/><E67/><V72/><F72/><W5/><G133/><T16/><D16/><U112/><E112/><V85/><F85/><W102/><G75/><T28/><D28/><U83/><E96/><V103/><F103/><W124/><G102/><T97/><D97/><U122/><E122/><V50/><F50/><W121/><G121/><T62/><D91/><U95/><E90/><V107/><F107/><W39/><G100/><T4/><D4/><U114/><E114/><V18/><F18/><W73/><G104/><T106/><D106/><U65/><E65/><V110/><F110/><W109/><G109/><T20/><D20/><U31/><E31/><V61/><F61/><W51/><G5/><T52/><D54/><U43/><E43/><V24/><F24/><W86/><G23/><T14/><D1/><U37/><E38/><V117/><F117/><W6/><G6/><T135/><D135/><U101/><E101/><V59/><F59/><W92/><G98/><T48/><D62/><U46/><E46/><AGARI ba="0,1" hai="7,11,14,45,46,47,48,52,56,80,82" m="49769" machi="46" ten="30,2000,0" yaku="19,1,54,1" doraHai="74" who="0" fromWho="1" sc="198,30,302,-20,240,0,250,0" />
</Scene>
<Scene>
<INIT seed="2,0,0,5,2,95" ten="228,282,240,250" oya="2" hai0="21,86,48,41,89,81,55,97,111,117,101,32,34" hai1="51,80,20,1,15,65,100,58,92,13,116,84,57" hai2="91,54,31,87,62,5,115,0,132,36,23,135,27" hai3="124,67,19,110,7,128,90,107,60,109,42,25,119"/><V44/><F36/><W73/><G119/><T125/><D111/><N who="3" m="42505" /><G73/><T8/><D117/><U129/><E1/><V30/><F115/><W98/><G128/><T63/><D125/><U11/><E116/><V59/><F31/><W10/><G42/><T127/><D127/><U79/><E129/><V74/><F74/><W130/><G130/><T94/><D41/><U83/><E83/><V105/><F105/><W56/><G124/><T18/><D63/><U6/><E65/><V82/><REACH who="2" step="1"/><F44/><REACH who="2" ten="228,282,230,250" step="2"/><W113/><G113/><T102/><D34/><U77/><E77/><V118/><F118/><W131/><G131/><T72/><D32/><U123/><E123/><V24/><F24/><W52/><G107/><T4/><D72/><U14/><E79/><V64/><F64/><W22/><G67/><T29/><D29/><U43/><E58/><V9/><AGARI ba="0,1" hai="0,5,9,23,27,30,54,59,62,82,87,91,132,135" machi="9" ten="30,3000,0" yaku="1,1,0,1,53,0" doraHai="95" doraHaiUra="61" who="2" fromWho="2" sc="228,-10,282,-10,230,40,250,-10" />
</Scene>
<Scene>
<INIT seed="2,1,0,0,5,38" ten="218,272,270,240" oya="2" hai0="49,114,78,35,63,118,6,20,51,7,74,33,94" hai1="120,91,39,99,107,45,76,26,66,127,58,56,54" hai2="123,131,65,84,68,34,17,18,5,47,132,90,100" hai3="29,4,25,86,87,41,43,44,71,93,53,19,10"/><V36/><F123/><W133/><G71/><T108/><D114/><U32/><E120/><V110/><F100/><W129/><G129/><T85/><D74/><U11/><E76/><V31/><F131/><W105/><G105/><T92/><D108/><U125/><E11/><V2/><F110/><W101/><G133/><T30/><D118/><U95/><E107/><V40/><F132/><W57/><G19/><T1/><D20/><U60/><E26/><V27/><F2/><W119/><G119/><T112/><D112/><U102/><E102/><V64/><F5/><W115/><G115/><T96/><D63/><U15/><E15/><V89/><F89/><W83/><G101/><T79/><D85/><U116/><E32/><V113/><F113/><W128/><G128/><T72/><D72/><U13/><E13/><V130/><F130/><W12/><G93/><T52/><D30/><U23/><E23/><V77/><F77/><W103/><G103/><T97/><REACH who="0" step="1"/><D52/><REACH who="0" ten="208,272,270,240" step="2"/><U80/><E116/><V50/><F84/><W62/><G87/><T8/><D8/><U121/><E121/><V28/><F31/><W55/><G55/><T70/><D70/><U124/><E80/><V73/><F73/><W82/><G82/><T117/><D117/><U46/><REACH who="1" step="1"/><E39/><REACH who="1" ten="208,262,270,240" step="2"/><V61/><F36/><W67/><G29/><T122/><D122/><U98/><E98/><V59/><F90/><N who="3" m="51551" /><G25/><T48/><D48/><AGARI ba="1,2" hai="45,46,48,54,56,58,60,66,91,95,99,124,125,127" machi="48" ten="40,2600,0" yaku="1,1,18,1,53,0" doraHai="38" doraHaiUra="14" who="1" fromWho="0" sc="208,-29,262,49,270,0,240,0" /><AGARI ba="1,0" hai="4,10,12,41,43,44,48,53,57,62,67" m="51551" machi="48" ten="30,3900,0" yaku="8,1,52,2" doraHai="38" who="3" fromWho="0" sc="179,-39,311,0,270,0,240,39" />
</Scene>
<Scene>
<INIT seed="3,0,0,4,2,6" ten="140,311,270,279" oya="3" hai0="50,128,55,33,87,47,42,32,69,113,82,11,111" hai1="66,25,124,30,5,88,60,123,115,92,59,119,29" hai2="1,121,133,49,13,2,127,65,97,40,31,118,74" hai3="44,23,72,122,53,80,35,28,27,100,18,22,104"/><W105/><G122/><T67/><D111/><U54/><E123/><V110/><F118/><W99/><G105/><T83/><D128/><U0/><E115/><V43/><F121/><W63/><G35/><T120/><D120/><U81/><E119/><V95/><F74/><W103/><G103/><T26/><D113/><U126/><E81/><V46/><F65/><W39/><G39/><T48/><D82/><U61/><E25/><V131/><F110/><W64/><G72/><T125/><D125/><N who="1" m="48235" /><E5/><V78/><F127/><W21/><G80/><T85/><D26/><U79/><E0/><V114/><F114/><W106/><G106/><T86/><D83/><U62/><E79/><V102/><F131/><W135/><G135/><T36/><D50/><N who="1" m="31191" /><E66/><V112/><F112/><W94/><G104/><T8/><D33/><U15/><E15/><V52/><F78/><W38/><G18/><T101/><D32/><U34/><E34/><V96/><F133/><W73/><G73/><T116/><D116/><U3/><E3/><V75/><F75/><W17/><G17/><T109/><D109/><U41/><E41/><V107/><F31/><W12/><G12/><T24/><D24/><U20/><E20/><V7/><F2/><W58/><G38/><T117/><D117/><U56/><E56/><V71/><F1/><W10/><G10/><T76/><D76/><U89/><E89/><N who="2" m="55407" /><F71/><W134/><G134/><T132/><D132/><U90/><E90/><V91/><F91/><W16/><G28/><T84/><N who="0" m="21504" /><DORA hai="51" /><T129/><D69/><U68/><E68/><V77/><F77/><RYUUKYOKU ba="0,0" sc="140,-30,311,10,270,10,279,10" hai1="29,30,60,61,62,88,92" hai2="7,13,40,43,46,49,52,97,102,107" hai3="16,21,22,23,27,44,53,58,63,64,94,99,100" />
</Scene>
<Scene>
<INIT seed="3,1,0,0,1,49" ten="110,321,280,289" oya="3" hai0="55,54,48,83,90,69,118,25,119,16,33,31,27" hai1="113,21,22,117,79,56,91,71,97,18,121,6,116" hai2="5,14,12,46,103,4,66,130,104,61,32,114,109" hai3="39,123,106,45,122,115,62,42,76,52,134,60,120"/><W111/><G106/><T19/><D69/><U38/><E71/><V11/><F114/><W99/><G99/><T129/><D129/><U110/><E113/><V74/><F74/><W29/><G115/><T95/><D83/><U15/><E38/><V131/><F32/><W10/><G76/><T1/><D1/><U43/><E43/><V126/><F109/><W94/><G94/><T68/><D68/><U86/><E121/><V40/><F126/><W13/><G29/><T30/><D118/><N who="1" m="45675" /><E110/><V101/><F5/><W34/><G34/><T78/><D78/><U28/><E79/><V65/><F12/><W7/><G111/><T88/><D119/><U47/><E47/><V127/><F127/><W102/><G102/><T112/><D112/><U84/><E6/><V72/><F72/><W51/><REACH who="3" step="1"/><G134/><REACH who="3" ten="110,321,280,279" step="2"/><T107/><D107/><U57/><E97/><V128/><F104/><W133/><G133/><T44/><D90/><U98/><E98/><V35/><F35/><W67/><G67/><T8/><D8/><U108/><E108/><V64/><F101/><W77/><G77/><T92/><D92/><N who="1" m="54375" /><E86/><V3/><F103/><W50/><G50/><N who="0" m="28999" /><D95/><U20/><E28/><N who="0" m="10793" /><D88/><U70/><E70/><V87/><F87/><W89/><G89/><T85/><D85/><U73/><E73/><V80/><F66/><W124/><G124/><T53/><D33/><U125/><E125/><V23/><F65/><W17/><G17/><N who="0" m="6731" /><D55/><U135/><E135/><V59/><F130/><W93/><G93/><T132/><D132/><U63/><E22/><V2/><F23/><W36/><G36/><RYUUKYOKU ba="1,1" sc="110,15,321,-15,280,-15,279,15" hai0="25,27,48,53" hai3="7,10,13,39,42,45,51,52,60,62,120,122,123" />
</Scene>
<Scene>
<INIT seed="3,2,1,1,4,62" ten="125,306,265,294" oya="3" hai0="84,40,20,127,73,109,33,82,81,19,43,120,68" hai1="17,71,74,8,57,42,93,39,37,100,75,80,123" hai2="22,5,66,110,59,101,45,77,1,32,103,38,61" hai3="2,54,97,119,70,104,122,108,60,7,106,64,25"/><W131/><G119/><T36/><D120/><U12/><E123/><V30/><F32/><W121/><G131/><T21/><D33/><U133/><E71/><V18/><F30/><W130/><G130/><T126/><D73/><U86/><E133/><V49/><F38/><W15/><G106/><T35/><D35/><U41/><E39/><V83/><F110/><W128/><G128/><T23/><D109/><U28/><E28/><V31/><F31/><W3/><G25/><T87/><D68/><U65/><E74/><V91/><F91/><W55/><G108/><T115/><D19/><U132/><E37/><V63/><F63/><W72/><G72/><T116/><D36/><U50/><E75/><V9/><F83/><N who="0" m="31754" /><D115/><U56/><E132/><V10/><F77/><W69/><G69/><T118/><D87/><U134/><E93/><V99/><F99/><W16/><G122/><T95/><D95/><U107/><E100/><V105/><F105/><W58/><G121/><T112/><D84/><U11/><E107/><V24/><REACH who="2" step="1"/><F10/><REACH who="2" ten="125,306,255,294" step="2"/><W34/><G34/><T117/><D112/><U111/><E11/><V113/><F113/><W78/><G78/><T102/><D102/><U98/><E111/><V88/><F88/><W76/><G76/><T13/><D13/><U114/><E114/><V4/><F4/><W0/><G7/><T129/><D129/><U125/><E134/><V51/><F51/><W90/><G90/><T47/><D47/><U135/><E135/><V92/><F92/><W44/><G104/><T85/><D85/><U52/><E86/><V46/><F46/><RYUUKYOKU ba="2,2" sc="125,15,306,-15,255,15,294,-15" hai0="20,21,23,40,43,116,117,118,126,127" hai2="1,5,9,18,22,24,45,49,59,61,66,101,103" />
</Scene>
<Scene>
<INIT seed="4,3,2,3,1,17" ten="140,291,270,279" oya="0" hai0="130,75,11,6,84,29,22,23,30,14,8,131,55" hai1="126,2,74,49,0,18,115,19,27,52,60,73,38" hai2="35,1,40,68,80,119,34,106,114,4,24,111,12" hai3="76,50,63,62,88,98,107,5,66,97,42,94,96"/><T100/><D75/><U44/><E126/><V122/><F106/><W10/><G76/><T67/><D100/><U58/><E38/><V57/><F68/><W91/><G107/><T71/><D55/><U121/><E121/><V89/><F122/><W20/><G20/><N who="0" m="7723" /><D84/><U53/><E74/><V31/><F40/><W132/><G132/><T99/><D99/><U59/><E73/><V41/><F41/><W37/><G37/><T82/><D82/><U127/><E127/><V116/><F57/><W7/><G63/><T83/><D83/><U64/><E60/><V61/><F61/><W101/><G101/><T46/><D46/><U54/><E44/><V104/><F104/><W69/><G91/><T124/><D67/><U26/><E54/><V3/><F80/><W110/><G98/><T123/><D71/><U134/><E64/><V77/><F77/><W85/><G97/><T109/><D124/><U45/><E45/><V65/><F65/><W93/><G96/><T28/><D123/><U43/><E43/><V86/><F86/><W33/><G85/><T113/><D113/><U13/><E115/><V128/><F89/><W15/><G88/><T72/><D72/><U9/><E53/><V129/><F114/><W36/><G69/><T102/><D102/><U92/><E52/><V32/><F35/><W95/><G66/><T21/><D109/><U79/><E79/><V105/><F111/><W51/><G110/><T87/><D87/><U25/><E92/><V135/><F105/><W103/><G103/><T120/><N who="0" m="7731" /><T39/><DORA hai="48" /><D120/><U70/><E70/><RYUUKYOKU ba="3,2" sc="140,0,291,0,270,0,279,0" />
</Scene>
<Scene>
<INIT seed="5,4,2,4,3,82" ten="140,291,270,279" oya="1" hai0="67,55,88,57,100,39,4,10,45,99,27,21,113" hai1="29,51,25,2,15,77,14,36,111,135,62,53,33" hai2="22,3,83,85,104,117,16,72,23,0,17,1,122" hai3="75,32,47,89,91,13,59,90,49,28,98,109,12"/><U18/><E36/><V40/><F122/><W71/><G109/><T86/><D113/><U66/><E111/><V38/><F117/><W11/><G71/><T119/><D119/><U37/><E37/><V114/><F72/><W132/><G75/><T107/><D67/><U8/><E135/><V73/><F73/><W96/><G132/><T61/><D39/><U123/><E123/><V63/><F104/><W97/><G59/><T126/><D126/><U95/><E77/><V42/><F114/><W92/><G28/><T56/><D56/><U43/><E43/><V46/><F42/><N who="3" m="24823" /><G32/><T128/><D128/><U35/><E35/><V48/><F38/><W115/><G115/><T50/><D45/><U65/><E95/><V94/><F63/><W121/><G121/><T64/><D64/><U93/><E93/><V76/><REACH who="2" step="1"/><F94/><REACH who="2" ten="140,291,260,279" step="2"/><W130/><G130/><T84/><D61/><U60/><E60/><V34/><F34/><W80/><G80/><T127/><D127/><U26/><E62/><V5/><F5/><N who="3" m="3183" /><G13/><T44/><D44/><U7/><E15/><V105/><F105/><W52/><G52/><T108/><D108/><U31/><E53/><V69/><F69/><W103/><AGARI ba="4,3" hai="89,90,91,92,96,97,98,103" m="3183,24823" machi="103" ten="30,1100,0" yaku="8,1" doraHai="82" who="3" fromWho="3" sc="140,-7,291,-9,260,-7,279,53" />
</Scene>
<Scene>
<INIT seed="6,0,0,2,3,123" ten="133,282,253,332" oya="2" hai0="33,32,25,90,43,122,35,59,75,20,107,66,23" hai1="77,60,50,58,83,22,40,128,48,68,129,108,72" hai2="14,94,5,89,46,27,11,109,39,6,116,117,131" hai3="55,82,74,130,8,47,52,80,115,114,120,112,62"/><V86/><F131/><N who="1" m="50249" /><E68/><V42/><F6/><W126/><G130/><T2/><D122/><U56/><E108/><V30/><REACH who="2" step="1"/><F109/><REACH who="2" ten="133,282,243,332" step="2"/><W125/><G120/><T133/><D133/><U24/><E40/><V96/><F96/><W97/><G97/><T0/><D43/><U102/><E102/><V104/><F104/><W87/><G126/><T105/><D107/><U110/><E110/><V28/><F28/><W49/><G125/><T119/><D105/><U13/><E13/><V18/><F18/><W134/><G134/><T45/><D2/><U99/><E99/><V31/><F31/><W21/><G115/><T92/><D0/><U3/><E3/><V111/><F111/><W70/><G114/><T19/><D19/><N who="1" m="12383" /><E56/><V81/><F81/><W17/><G82/><T118/><D59/><U121/><E121/><V135/><F135/><W61/><G80/><T95/><D119/><U106/><E106/><V37/><F37/><W113/><G113/><T103/><D118/><U12/><E12/><V54/><F54/><AGARI ba="0,1" hai="48,50,54,58,60,72,77,83" m="12383,50249" machi="54" ten="30,1000,0" yaku="19,1" doraHai="123" who="1" fromWho="2" sc="133,0,282,20,243,-10,332,0" />
</Scene>
<Scene>
<INIT seed="7,0,0,2,2,116" ten="133,302,233,332" oya="3" hai0="24,97,79,32,75,132,93,112,27,108,19,123,113" hai1="47,15,84,20,76,36,3,96,87,23,121,105,11" hai2="91,62,9,5,71,18,12,39,103,17,77,33,68" hai3="128,29,115,50,111,66,104,64,133,41,82,134,95"/><W31/><G104/><T117/><D117/><U42/><E3/><V37/><F33/><W25/><G115/><N who="0" m="44107" /><D108/><U63/><E121/><V2/><F103/><W85/><G111/><T53/><D53/><U69/><E87/><V90/><F77/><W10/><G128/><T59/><D59/><U67/><E105/><V135/><F135/><N who="3" m="51723" /><G95/><T124/><D132/><U57/><E96/><V6/><F62/><W98/><G98/><T92/><D124/><U58/><E58/><V73/><F12/><W44/><G10/><T107/><D32/><U127/><E127/><V70/><F70/><W100/><G100/><N who="0" m="62863" /><D19/><U126/><E126/><V45/><F45/><W21/><G31/><T109/><D109/><U86/><E69/><V55/><F55/><W46/><G46/><T88/><D27/><U35/><E35/><V30/><F2/><W78/><AGARI ba="0,0" hai="21,25,29,41,44,50,64,66,78,82,85" m="51723" machi="78" ten="30,1500,0" yaku="20,1" doraHai="116" who="3" fromWho="3" sc="133,-5,302,-5,233,-5,332,15" owari="128,-37.0,297,10.0,228,-17.0,347,44.0" />
</Scene>
</mjloggm>