<mjloggm ver="2.3"><GO type="169"/><UN n0="%E6%B3%95%E5%BE%8B%E5%8B%89%E5%BC%B7%E4%B8%AD" n1="%E3%82%A6%E3%82%A3%E3%83%89%E3%82%A5%EF%BC%A0%E9%98%AA%E7%A5%9E" n2="%7A%6B%75%72%74" n3="%41%53%41%50%49%4E" dan="18,16,17,18" rate="2208,2155,2199,2218" sx="M,M,M,M"/><TAIKYOKU oya="0"/>

<Scene>
<INIT seed="0,0,0,2,5,35" ten="250,250,250,250" oya="0" hai0="4,90,132,86,120,37,116,11,88,121,129,91,45" hai1="102,51,127,52,107,117,84,103,104,41,22,83,78" hai2="15,96,3,87,13,128,109,59,105,75,123,113,49" hai3="74,97,66,5,17,43,125,57,18,70,85,69,64"/><T48/><D37/><U1/><E117/><V124/><F75/><W133/><G74/><T26/><D116/><U30/><E127/><V63/><F123/><W36/><G125/><T55/><D129/><U118/><E118/><V101/><F113/><W19/><G133/><T56/><D132/><U2/><E41/><V80/><F124/><W25/><G25/><T33/><D86/><U39/><E39/><V44/><F128/><W12/><G97/><T81/><D81/><U28/><E102/><V21/><F21/><W110/><G110/><T126/><D126/><U24/><E30/><V135/><F109/><W0/><G12/><T6/><D6/><U65/><E65/><V73/><F3/><W93/><G93/><T68/><D68/><U23/><E23/><V134/><F73/><W67/><G57/><T79/><D79/><U92/><E92/><V61/><F61/><W14/><G14/><T53/><D26/><U82/><E82/><V77/><F135/><W42/><G85/><T7/><D7/><U31/><E31/><V16/><F16/><W27/><G27/><T29/><D29/><U20/><E20/><V54/><REACH who="2" step="1"/><F134/><REACH who="2" ten="250,250,240,250" step="2"/><W108/><G108/><T38/><D33/><U8/><E8/><V50/><F50/><W34/><G34/><T106/><D38/><U60/><E60/><V72/><F72/><W32/><G32/><T122/><D122/><U62/><E62/><V10/><F10/><N who="3" m="2343" /><G36/><T9/><D120/><U115/><E115/><V47/><F47/><W95/><G95/><T131/><D121/><U100/><E1/><V89/><F89/><RYUUKYOKU ba="0,1" sc="250,-15,250,-15,240,15,250,15" hai2="13,15,44,49,54,59,63,77,80,87,96,101,105" hai3="17,18,19,42,43,64,66,67,69,70" />
</Scene>
<Scene>
<INIT seed="1,1,1,1,3,60" ten="235,235,255,265" oya="1" hai0="33,34,88,96,84,14,42,103,59,21,27,49,106" hai1="102,82,100,55,63,120,109,78,37,22,86,56,105" hai2="19,123,83,39,51,74,26,131,9,71,10,135,90" hai3="116,114,98,104,38,52,23,30,92,132,46,130,12"/><U125/><E120/><V66/><F39/><W45/><G114/><T29/><D14/><U1/><E1/><V3/><F123/><W15/><G104/><T44/><REACH who="0" step="1"/><D59/><REACH who="0" ten="225,235,255,265" step="2"/><U87/><E125/><V53/><F3/><W68/><G12/><T124/><D124/><U121/><E121/><V81/><F71/><W112/><G15/><T2/><D2/><U80/><E109/><V8/><F8/><W43/><G68/><T48/><D48/><U57/><E105/><V16/><F51/><W89/><G38/><T69/><D69/><U77/><E37/><V64/><F9/><W31/><G112/><T97/><D97/><U75/><E75/><V91/><F10/><W94/><G98/><T17/><D17/><U85/><E85/><V70/><F70/><W67/><G31/><T40/><D40/><U133/><E133/><V111/><F74/><W20/><G30/><T126/><D126/><U113/><E113/><V128/><F135/><W110/><G43/><T73/><D73/><U50/><E22/><V61/><F19/><W11/><G11/><T28/><D28/><U127/><E127/><V25/><F16/><W79/><G23/><T7/><D7/><U0/><E0/><V18/><F18/><W93/><G20/><T6/><D6/><U41/><E41/><V118/><F118/><W129/><G116/><T95/><AGARI ba="1,2" hai="21,27,29,33,34,42,44,49,84,88,95,96,103,106" machi="95" ten="20,5200,0" yaku="1,1,0,1,7,1,54,1,53,0" doraHai="60" doraHaiUra="35" who="0" fromWho="0" sc="225,75,235,-27,255,-14,265,-14" />
</Scene>
<Scene>
<INIT seed="2,0,0,4,0,53" ten="300,208,241,251" oya="2" hai0="13,100,127,33,20,55,115,15,29,46,52,31,3" hai1="116,47,67,84,37,87,96,14,134,112,56,80,61" hai2="8,78,11,131,110,113,66,41,12,5,30,85,76" hai3="106,24,105,48,86,133,9,73,42,6,97,103,70"/><V50/><F113/><W79/><G70/><T40/><D3/><U44/><E112/><V124/><F124/><W129/><G129/><T17/><D115/><U65/><E116/><V60/><F131/><W83/><G133/><T88/><D127/><U125/><E134/><V90/><F110/><W23/><G42/><T93/><D100/><U92/><E125/><V122/><F122/><W91/><G48/><N who="0" m="26695" /><D33/><U63/><E14/><V95/><F30/><N who="0" m="11274" /><D15/><U74/><E74/><V123/><F123/><W135/><G135/><T54/><D54/><U1/><E1/><V121/><F11/><W111/><G111/><T132/><D132/><U27/><E27/><V51/><F121/><W18/><G106/><T107/><D107/><U117/><E117/><V69/><F41/><W89/><G73/><T77/><D77/><U36/><E36/><V45/><F45/><N who="1" m="17481" /><E80/><V101/><F101/><W75/><G75/><T10/><D10/><U104/><E104/><V26/><F26/><W82/><G82/><T114/><D114/><U43/><E43/><V21/><F21/><W128/><G128/><T108/><D108/><U99/><E37/><V22/><F22/><W98/><G105/><T34/><D34/><U72/><E72/><V118/><F118/><W126/><G126/><T57/><D57/><N who="1" m="37039" /><E99/><AGARI ba="0,0" hai="13,17,20,52,55,88,93,99" m="11274,26695" machi="99" ten="30,3900,0" yaku="8,1,54,2" doraHai="53" who="0" fromWho="1" sc="300,39,208,-39,241,0,251,0" />
</Scene>
<Scene>
<INIT seed="3,0,0,1,2,95" ten="339,169,241,251" oya="3" hai0="92,66,55,131,35,33,82,67,70,48,23,101,14" hai1="89,85,39,54,46,119,83,108,94,31,28,19,98" hai2="65,1,8,88,113,12,58,9,126,5,73,81,6" hai3="13,29,45,41,64,68,112,115,106,93,56,16,24"/><W69/><G106/><T78/><D131/><U71/><E71/><V105/><F113/><W135/><G135/><T37/><D37/><U86/><E108/><V74/><F126/><W77/><G77/><T90/><D101/><U43/><E119/><V36/><F36/><W57/><G68/><T2/><D2/><U7/><E7/><V40/><F40/><W53/><G93/><T47/><D70/><U124/><E124/><V26/><F105/><W25/><G69/><T61/><D35/><U99/><E19/><V96/><F26/><W44/><G64/><T104/><D33/><U118/><E118/><V79/><F74/><W10/><G25/><T120/><D120/><U127/><E127/><V87/><F96/><W80/><G80/><T52/><D104/><U34/><E34/><V84/><REACH who="2" step="1"/><F88/><REACH who="2" ten="339,169,231,251" step="2"/><W102/><G24/><T30/><D90/><U128/><E128/><V123/><F123/><W27/><G112/><T3/><D78/><U15/><E86/><V63/><AGARI ba="0,1" hai="1,5,6,8,9,12,58,63,65,73,79,81,84,87" machi="63" ten="30,2000,0" yaku="1,1,0,1,53,0" doraHai="95" doraHaiUra="122" who="2" fromWho="2" sc="339,-5,169,-5,231,30,251,-10" />
</Scene>
<Scene>
<INIT seed="4,0,0,4,0,30" ten="334,164,261,241" oya="0" hai0="129,36,86,43,110,121,122,105,134,22,17,123,53" hai1="92,47,91,57,34,1,46,116,24,52,76,120,88" hai2="81,8,15,101,4,115,31,14,89,133,109,100,7" hai3="99,56,23,67,84,40,128,118,126,60,26,113,21"/><T125/><D105/><U55/><E116/><V35/><F109/><W38/><G118/><T70/><D86/><U93/><E1/><V98/><F115/><W132/><G113/><T75/><D75/><U87/><E76/><V11/><F133/><W112/><G112/><T78/><D78/><U9/><E9/><V42/><F42/><W130/><G132/><T20/><D17/><U54/><E120/><V64/><F64/><W68/><G126/><T0/><D0/><U2/><E2/><V80/><F89/><W85/><G23/><T50/><D22/><U104/><E104/><V107/><F101/><W114/><G114/><T65/><D20/><U117/><E117/><V48/><F48/><W66/><G99/><T61/><D134/><U39/><E57/><V108/><F108/><W3/><G3/><T6/><D6/><U44/><E39/><V69/><F69/><W96/><G96/><T63/><D110/><U27/><E34/><V111/><F111/><W103/><G103/><T90/><D90/><U72/><E72/><V49/><F49/><W127/><G127/><T33/><D33/><U77/><E77/><V135/><F135/><W106/><G106/><T94/><D94/><U102/><E102/><V51/><F51/><W5/><G68/><T73/><D73/><U37/><E37/><V19/><F19/><N who="3" m="12607" /><G5/><T41/><D125/><U83/><E83/><V10/><F11/><W97/><G38/><T71/><D36/><U79/><E79/><V32/><F32/><W18/><G18/><T29/><D29/><U82/><E82/><V13/><F13/><RYUUKYOKU ba="0,0" sc="334,-15,164,15,261,15,241,-15" hai1="24,27,44,46,47,52,54,55,87,88,91,92,93" hai2="4,7,8,10,14,15,31,35,80,81,98,100,107" />
</Scene>
<Scene>
<INIT seed="5,1,0,4,1,25" ten="319,179,276,226" oya="1" hai0="60,50,3,46,17,81,85,38,117,83,40,23,56" hai1="133,98,48,131,135,13,7,28,10,58,68,121,47" hai2="88,73,16,12,120,30,132,64,62,8,24,36,31" hai3="5,77,29,134,67,130,101,59,43,109,42,94,116"/><U127/><E68/><V21/><F73/><W49/><G109/><T124/><D117/><U11/><E121/><V126/><F120/><W70/><G116/><T79/><D124/><U113/><E127/><V20/><F36/><W0/><G130/><T106/><D106/><U15/><E131/><V54/><F126/><W61/><G134/><N who="1" m="51210" /><E113/><V110/><F132/><W4/><G77/><T53/><D3/><U115/><E115/><V57/><F110/><W99/><G0/><T18/><D38/><U100/><E58/><V96/><F64/><W108/><G108/><T75/><D23/><N who="2" m="8778" /><F24/><W104/><G104/><T76/><AGARI ba="1,0" hai="17,18,40,46,50,53,56,60,75,76,79,81,83,85" machi="76" ten="20,1500,0" yaku="0,1,7,1" doraHai="25" who="0" fromWho="0" sc="319,18,179,-8,276,-5,226,-5" />
</Scene>
<Scene>
<INIT seed="6,0,0,5,1,124" ten="337,171,271,221" oya="2" hai0="60,76,46,1,50,6,36,107,34,114,9,120,96" hai1="116,40,89,0,47,37,38,103,98,15,66,83,105" hai2="77,88,13,69,48,106,73,127,84,118,90,67,18" hai3="52,61,41,82,25,71,112,53,30,109,65,4,85"/><V133/><F118/><W113/><G109/><T129/><D120/><U102/><E116/><V130/><F106/><W125/><G41/><T33/><D50/><U122/><E122/><V16/><F127/><W63/><G4/><T110/><D110/><U93/><E0/><V7/><F133/><W23/><G125/><T95/><D95/><U44/><E66/><V92/><F69/><W32/><G32/><T28/><D60/><U64/><E64/><V80/><F67/><W12/><G12/><T58/><D58/><U55/><E15/><V49/><F90/><W54/><REACH who="3" step="1"/><G63/><REACH who="3" ten="337,171,271,211" step="2"/><T108/><D6/><U119/><E119/><V101/><F7/><W57/><G57/><T81/><D33/><U75/><E55/><V94/><F13/><W24/><G24/><T29/><D34/><U59/><E59/><V117/><F117/><W31/><G31/><T51/><D29/><U42/><E105/><V19/><F19/><W123/><G123/><T134/><D28/><U121/><E121/><V126/><F126/><W26/><G26/><T56/><D56/><U132/><E132/><V87/><F16/><W99/><G99/><T17/><D96/><U91/><REACH who="1" step="1"/><E89/><AGARI ba="0,1" hai="23,25,30,52,53,54,61,65,71,82,85,89,112,113" machi="89" ten="40,2600,0" yaku="1,1,54,1,53,0" doraHai="124" doraHaiUra="68" who="3" fromWho="1" sc="337,0,171,-26,271,0,211,36" />
</Scene>
<Scene>
<INIT seed="7,0,0,1,3,51" ten="337,145,271,247" oya="3" hai0="131,79,38,46,1,67,66,130,87,115,83,55,16" hai1="128,120,122,6,44,91,65,30,48,53,43,118,70" hai2="112,125,95,108,129,20,42,64,8,13,98,114,96" hai3="119,10,81,63,101,104,72,49,39,40,12,75,31"/><W110/><G119/><T68/><D1/><U86/><E6/><V121/><F108/><W47/><G110/><T94/><D115/><N who="2" m="44074" /><F125/><W92/><G104/><T99/><D68/><U59/><E30/><V105/><F129/><N who="0" m="49162" /><D16/><U35/><E35/><V60/><F42/><W88/><G101/><N who="0" m="60663" /><D55/><U52/><E128/><V57/><F121/><N who="1" m="46697" /><E86/><V116/><F116/><W24/><G63/><T36/><D46/><N who="1" m="27799" /><E91/><N who="2" m="55423" /><F20/><W62/><G62/><T106/><D106/><U58/><E118/><V45/><F45/><W103/><G49/><T32/><D32/><U29/><E29/><V77/><F77/><W11/><G103/><T34/><D34/><U4/><E4/><N who="2" m="3207" /><F98/><W97/><G81/><T82/><D82/><U117/><E117/><V76/><F76/><W23/><REACH who="3" step="1"/><G10/><REACH who="3" ten="337,145,271,237" step="2"/><T124/><D124/><U113/><E113/><V50/><F50/><W3/><G3/><T26/><D83/><U134/><E134/><V7/><F105/><W2/><G2/><T61/><D61/><N who="1" m="40239" /><E43/><V85/><F7/><AGARI ba="0,1" hai="7,11,12,23,24,31,39,40,47,72,75,88,92,97" machi="7" ten="30,5800,0" yaku="1,1,7,1,54,1,53,0" doraHai="51" doraHaiUra="14" who="3" fromWho="2" sc="337,0,145,0,271,-58,237,68" />
</Scene>
<Scene>
<INIT seed="7,1,0,2,1,125" ten="337,145,213,305" oya="3" hai0="82,73,39,55,70,54,60,129,34,109,116,22,121" hai1="96,62,86,83,5,59,97,27,112,4,94,63,57" hai2="118,51,85,2,17,131,76,3,117,48,84,47,133" hai3="79,41,81,106,1,99,88,95,11,26,100,12,13"/><W16/><G41/><T91/><D34/><U52/><E112/><V120/><F133/><W69/><G69/><T115/><D39/><U74/><E74/><V33/><F33/><W77/><G1/><T0/><D0/><U101/><E27/><V19/><F47/><W80/><G26/><T7/><D7/><U128/><E128/><V29/><F29/><W14/><G106/><T6/><D129/><U53/><E96/><V32/><F32/><W61/><G61/><T9/><D22/><U124/><E124/><V107/><F76/><AGARI ba="1,0" hai="4,5,52,53,57,59,62,63,76,83,86,94,97,101" machi="76" ten="30,7700,0" yaku="7,1,9,1,8,1,54,1" doraHai="125" who="1" fromWho="2" sc="337,0,145,80,213,-80,305,0" owari="337,43.0,225,-17.0,133,-37.0,305,11.0" />
</Scene>
</mjloggm>