<mjloggm ver="2.3"><GO type="169"/><UN n0="%E9%81%8A%E8%B5%B0" n1="%E6%AF%94%E5%98%89%E7%A7%80%E4%BB%81" n2="%41%53%41%50%49%4E" n3="%EF%BC%8A%E7%B4%85%E7%83%8F%EF%BC%8A" dan="17,16,18,17" rate="2166,2077,2228,2173" sx="F,M,M,F"/><TAIKYOKU oya="0"/>

<Scene>
<INIT seed="0,0,0,3,4,11" ten="250,250,250,250" oya="0" hai0="14,96,99,45,35,15,52,48,24,93,39,40,120" hai1="55,26,107,86,94,87,110,71,81,85,9,61,109" hai2="114,43,111,50,66,88,58,116,104,82,7,121,18" hai3="67,2,68,4,1,112,10,90,101,53,12,84,76"/><T130/><D120/><U51/><E107/><V129/><F121/><W49/><G112/><T132/><D132/><U95/><E81/><V63/><F114/><W119/><G119/><T57/><D130/><U126/><E126/><V97/><F129/><W42/><G42/><T115/><D115/><U98/><E26/><V19/><F116/><W5/><G76/><T28/><D99/><U128/><E128/><V30/><F111/><W77/><G77/><T33/><D35/><U23/><E23/><V100/><F30/><W127/><G127/><T80/><D80/><U69/><E9/><V29/><F29/><W25/><G101/><AGARI ba="0,0" hai="14,15,24,28,33,39,40,45,48,52,57,93,96,101" machi="101" ten="30,11600,0" yaku="7,1,52,2,54,1" doraHai="11" who="0" fromWho="3" sc="250,116,250,0,250,0,250,-116" />
</Scene>
<Scene>
<INIT seed="0,1,0,1,1,11" ten="366,250,250,134" oya="0" hai0="34,13,86,21,77,79,39,36,88,128,75,1,65" hai1="6,63,50,98,8,134,12,96,74,118,94,25,29" hai2="129,103,59,91,99,92,35,42,64,122,17,117,5" hai3="67,132,26,22,78,4,30,93,116,46,44,126,76"/><T7/><D34/><U32/><E118/><V95/><F122/><W41/><G116/><T24/><D1/><U115/><E115/><V47/><F35/><W18/><G126/><T43/><D128/><U72/><E134/><V133/><F129/><W127/><G132/><T105/><D105/><U113/><E113/><V107/><F133/><W83/><G127/><T130/><D130/><U87/><E50/><V33/><F33/><W97/><G4/><T51/><D65/><U81/><E63/><V124/><F124/><W85/><G67/><T15/><D75/><U23/><E98/><V20/><F117/><W100/><G41/><T60/><D7/><U56/><E56/><V58/><F5/><W49/><G78/><N who="0" m="29707" /><D39/><U66/><E66/><V38/><F64/><W120/><G120/><T125/><D36/><U9/><E32/><V10/><F10/><W109/><G109/><T69/><D69/><U37/><E9/><V121/><F121/><W89/><G49/><T3/><D3/><U61/><E61/><V73/><F73/><W48/><G48/><T14/><D60/><U82/><E37/><V31/><F31/><W27/><REACH who="3" step="1"/><G76/><REACH who="3" ten="366,250,250,124" step="2"/><T131/><D125/><U108/><E108/><V135/><F135/><W114/><G114/><T52/><D131/><U57/><E74/><V80/><F42/><W106/><G106/><T102/><D43/><U62/><E72/><V112/><F38/><W45/><G45/><T16/><D102/><U119/><E119/><V111/><F107/><W68/><G68/><T110/><D110/><U104/><E104/><V19/><F112/><RYUUKYOKU ba="1,1" sc="366,-10,250,-10,250,-10,124,30" hai3="18,22,26,27,30,44,46,83,85,89,93,97,100" />
</Scene>
<Scene>
<INIT seed="1,2,1,1,1,8" ten="356,240,240,154" oya="1" hai0="108,94,12,53,49,132,60,114,115,45,31,47,64" hai1="118,72,15,54,135,20,56,134,7,92,109,41,69" hai2="78,25,66,113,9,106,27,85,70,107,122,76,51" hai3="77,17,116,23,4,87,6,52,34,46,102,112,13"/><U71/><E118/><V22/><F122/><W50/><G112/><T24/><D108/><U61/><E72/><V5/><F113/><W91/><G116/><T119/><D119/><U93/><E109/><V29/><F70/><W55/><G34/><T81/><D132/><N who="1" m="50731" /><E41/><V117/><F117/><W105/><G77/><T38/><D81/><U124/><E124/><V14/><F66/><W73/><G73/><T125/><D125/><U19/><E7/><V79/><F85/><W26/><G105/><T89/><D38/><U2/><E2/><V44/><REACH who="2" step="1"/><F27/><REACH who="2" ten="356,240,230,154" step="2"/><W48/><G26/><T111/><D115/><U96/><E96/><V33/><F33/><W58/><REACH who="3" step="1"/><G102/><REACH who="3" ten="356,240,230,144" step="2"/><T18/><D24/><U97/><E97/><V39/><F39/><W40/><G40/><AGARI ba="2,3" hai="5,9,14,22,25,29,40,44,51,76,78,79,106,107" machi="40" ten="40,5200,0" yaku="1,1,52,1,53,1" doraHai="8" doraHaiUra="37" who="2" fromWho="3" sc="356,0,240,0,230,88,144,-58" />
</Scene>
<Scene>
<INIT seed="2,0,0,2,2,1" ten="356,240,318,86" oya="2" hai0="125,126,34,135,95,15,29,12,17,61,70,96,110" hai1="41,33,56,123,54,23,66,77,109,73,114,20,85" hai2="131,113,111,87,106,42,105,51,36,102,118,59,57" hai3="49,8,128,93,84,79,53,119,9,81,43,47,18"/><V98/><F113/><W83/><G119/><T88/><D110/><U90/><E109/><V5/><F111/><W3/><G128/><T31/><D135/><U13/><E123/><V127/><F118/><W82/><G3/><T37/><D37/><U64/><E114/><V11/><F131/><W50/><G79/><T134/><D134/><U68/><E33/><V28/><F36/><W121/><G121/><T46/><D46/><U16/><E68/><V112/><F112/><W26/><G26/><T94/><D12/><U78/><E41/><V52/><F42/><W120/><G120/><T76/><D76/><N who="1" m="29291" /><E73/><V108/><F108/><W130/><G130/><T58/><D70/><U27/><E23/><V19/><F19/><W45/><REACH who="3" step="1"/><G18/><REACH who="3" ten="356,240,318,76" step="2"/><T63/><D31/><U107/><E27/><V60/><F28/><W132/><G132/><T100/><D29/><U99/><E16/><V104/><F127/><W65/><G65/><T62/><D34/><U39/><E66/><V91/><F60/><W116/><G116/><T30/><D30/><U74/><E64/><V103/><F59/><W89/><AGARI ba="0,1" hai="8,9,43,45,47,49,50,53,81,82,83,84,89,93" machi="89" ten="30,4000,0" yaku="1,1,0,1,8,1,53,0" doraHai="1" doraHaiUra="67" who="3" fromWho="3" sc="356,-10,240,-10,318,-20,76,50" />
</Scene>
<Scene>
<INIT seed="3,0,0,1,2,98" ten="346,230,298,126" oya="3" hai0="110,106,66,113,27,130,49,25,62,132,32,55,43" hai1="82,12,100,114,120,79,134,48,2,111,51,69,34" hai2="35,80,96,54,10,85,108,61,14,101,6,122,16" hai3="42,37,70,125,20,8,31,83,9,13,22,40,11"/><W4/><G70/><T102/><D110/><U50/><E111/><V33/><F108/><W21/><G37/><T45/><D113/><U18/><E114/><V84/><F122/><W92/><G125/><T119/><D119/><U60/><E34/><V63/><F6/><W121/><G121/><T93/><D106/><U24/><E2/><V71/><F84/><W127/><G127/><T86/><D132/><U46/><E134/><V91/><F63/><W104/><G104/><T105/><D130/><U1/><E1/><V112/><F112/><W124/><G124/><T53/><D105/><U74/><E120/><V29/><F29/><W65/><G65/><T133/><D133/><U39/><E24/><N who="0" m="9289" /><D32/><U52/><E39/><V94/><REACH who="2" step="1"/><F54/><REACH who="2" ten="346,230,288,126" step="2"/><W126/><G126/><T5/><D5/><U23/><E60/><V115/><F115/><W117/><G117/><T57/><D86/><U116/><E116/><V95/><F95/><W97/><G31/><T129/><D129/><U128/><E128/><V64/><AGARI ba="0,1" hai="10,14,16,33,35,61,64,71,80,85,91,94,96,101" machi="64" ten="30,7900,0" yaku="1,1,0,1,52,1,54,1,53,0" doraHai="98" doraHaiUra="36" who="2" fromWho="2" sc="346,-20,230,-20,288,89,126,-39" />
</Scene>
<Scene>
<INIT seed="4,0,0,4,3,54" ten="326,210,377,87" oya="0" hai0="8,5,59,55,24,103,130,106,101,66,13,131,84" hai1="9,68,19,46,115,25,33,77,4,60,110,118,63" hai2="127,31,91,10,73,67,58,72,78,21,41,47,117" hai3="7,79,37,92,17,81,30,74,34,44,87,97,109"/><T132/><D132/><U22/><E110/><V120/><F120/><W32/><G109/><T85/><D66/><U40/><E118/><V35/><F35/><W50/><G37/><T18/><D106/><U27/><E115/><V61/><F78/><W94/><G7/><T107/><D24/><U26/><E77/><V104/><F104/><W64/><G64/><T43/><D43/><U56/><E68/><V36/><F117/><W12/><G30/><T45/><D45/><U20/><E33/><V39/><F39/><W134/><G134/><T108/><D108/><U75/><E75/><V122/><F122/><W3/><G3/><T48/><D5/><U99/><E99/><V112/><F112/><W121/><G121/><T1/><D1/><U2/><E63/><V0/><F127/><W28/><G28/><T98/><REACH who="0" step="1"/><D103/><REACH who="0" ten="316,210,377,87" step="2"/><U128/><E27/><N who="2" m="16879" /><F47/><W83/><G44/><T51/><D51/><U111/><E111/><V52/><F41/><W57/><G50/><T96/><D96/><U113/><E113/><V93/><F36/><W49/><G97/><T86/><AGARI ba="0,1" hai="8,13,18,48,55,59,84,85,86,98,101,107,130,131" machi="86" ten="30,6000,0" yaku="1,1,0,1,52,1,53,0" doraHai="54" doraHaiUra="135" who="0" fromWho="0" sc="316,70,210,-20,377,-20,87,-20" />
</Scene>
<Scene>
<INIT seed="4,1,0,1,3,13" ten="386,190,357,67" oya="0" hai0="104,115,122,93,21,2,70,34,40,44,65,97,130" hai1="25,23,55,116,77,87,1,71,118,45,86,56,134" hai2="52,43,89,58,53,61,4,47,5,31,80,37,75" hai3="101,6,38,46,128,83,119,26,17,68,92,63,0"/><T9/><D122/><U66/><E1/><V29/><F53/><W120/><G119/><T22/><D34/><U79/><E71/><V121/><F121/><W32/><G120/><T100/><D115/><U91/><E66/><V127/><F127/><W39/><G128/><T64/><D130/><U35/><E35/><V62/><F62/><W74/><G0/><T54/><D54/><U124/><E124/><V88/><F75/><W51/><G6/><T103/><D70/><U27/><E45/><V114/><F114/><W30/><G63/><T11/><D2/><U132/><E55/><V72/><F89/><W95/><G68/><T102/><D104/><U113/><E113/><V82/><F82/><W131/><G131/><T20/><D44/><U117/><E91/><V50/><F37/><W18/><G39/><T129/><D40/><U78/><E56/><V85/><F72/><W48/><G38/><T112/><D112/><U60/><E60/><V36/><F36/><W67/><G67/><N who="0" m="25675" /><D129/><U135/><REACH who="1" step="1"/><E23/><REACH who="1" ten="386,180,357,67" step="2"/><N who="0" m="5889" /><T106/><DORA hai="105" /><D106/><U33/><E33/><V16/><F47/><W7/><G46/><T81/><D81/><U69/><E69/><V99/><F52/><W84/><G83/><T98/><D103/><U90/><E90/><V14/><F88/><W3/><G101/><N who="0" m="39019" /><D93/><U108/><E108/><V133/><F80/><W12/><G95/><T123/><D123/><U125/><E125/><V94/><F94/><W107/><G92/><T96/><AGARI ba="1,1" hai="9,11,96,97,98" m="39019,5889,25675" machi="96" ten="40,7800,0" yaku="28,2,8,1" doraHai="13,105" who="0" fromWho="0" sc="386,91,180,-27,357,-27,67,-27" />
</Scene>
<Scene>
<INIT seed="4,2,0,2,4,122" ten="477,153,330,40" oya="0" hai0="15,104,52,86,2,22,70,124,71,24,6,100,116" hai1="134,11,83,67,90,55,91,72,1,65,57,85,133" hai2="39,102,94,53,60,76,40,82,61,26,79,98,81" hai3="114,64,46,35,119,131,106,8,12,103,77,36,14"/><T101/><D116/><U121/><E121/><V50/><F40/><W69/><G119/><T45/><D2/><U48/><E72/><V43/><F43/><W96/><G35/><T84/><D124/><U32/><E32/><V20/><F39/><W37/><G114/><T107/><D15/><U29/><E29/><V120/><F120/><W33/><G33/><T108/><D6/><U59/><E91/><V49/><F49/><W105/><G105/><T41/><D41/><U63/><E67/><V128/><F128/><W16/><G131/><T135/><D135/><U97/><E97/><V112/><F112/><W38/><G77/><T80/><D52/><U127/><E127/><V129/><F129/><W5/><G46/><T62/><D45/><U68/><E68/><V13/><F13/><W17/><REACH who="3" step="1"/><G14/><REACH who="3" ten="477,153,330,30" step="2"/><T130/><D130/><U111/><E134/><V19/><F79/><W113/><G113/><T4/><D107/><U73/><E133/><V123/><F123/><W66/><G66/><T78/><D104/><U88/><E65/><V42/><F76/><W34/><G34/><T0/><D78/><U109/><E1/><V58/><F42/><W56/><G56/><T87/><D0/><U31/><E59/><V74/><F74/><W95/><G95/><T92/><D71/><U10/><E73/><V126/><F126/><W47/><G47/><T115/><D70/><U110/><E57/><V132/><F132/><W23/><G23/><T89/><D115/><U21/><E21/><V99/><F94/><W30/><G30/><T18/><D92/><U3/><E31/><RYUUKYOKU ba="2,1" sc="477,-10,153,-10,330,-10,30,30" hai3="5,8,12,16,17,36,37,38,64,69,96,103,106" />
</Scene>
<Scene>
<INIT seed="5,3,1,2,2,3" ten="467,143,320,60" oya="1" hai0="80,34,52,35,40,79,107,94,39,62,8,103,104" hai1="109,118,91,64,68,29,15,114,41,36,132,58,110" hai2="124,102,123,28,31,59,82,5,63,93,48,130,83" hai3="49,57,44,26,89,22,74,27,18,43,116,99,32"/><U60/><E118/><V24/><F123/><W20/><G74/><T45/><D94/><U133/><E29/><V7/><F130/><W42/><G116/><T13/><D103/><U84/><E15/><V65/><F124/><W4/><G32/><T55/><D35/><U71/><E91/><V97/><F48/><W75/><G75/><T113/><D34/><U95/><E95/><V51/><F31/><W122/><G122/><T16/><D113/><U66/><E84/><V30/><F28/><W6/><G43/><T1/><D1/><U100/><E100/><V2/><F51/><W25/><G57/><T46/><D46/><N who="1" m="23847" /><E114/><V77/><F2/><W134/><G134/><N who="1" m="51818" /><E66/><V47/><F47/><W73/><G73/><T50/><D107/><U128/><E128/><V101/><F101/><W70/><G70/><AGARI ba="3,1" hai="58,60,64,68,70,71,109,110" m="51818,23847" machi="70" ten="30,5800,0" yaku="20,1,34,2" doraHai="3" who="1" fromWho="3" sc="467,0,143,77,320,0,60,-67" owari="467,57.0,220,-18.0,320,12.0,-7,-51.0" />
</Scene>
</mjloggm>