<mjloggm ver="2.3"><GO type="169" lobby="0"/><UN n0="%E9%B3%B3%E6%8B%B3" n1="%2D%72%6F%6E%2D" n2="%E7%8B%AC%E6%AD%A9" n3="%41%53%41%50%49%4E" dan="16,16,17,19" rate="2062.75,2102.70,2235.10,2272.54" sx="M,M,M,M"/><TAIKYOKU oya="0"/>

<Scene>
<INIT seed="0,0,0,2,5,72" ten="250,250,250,250" oya="0" hai0="87,33,32,64,106,61,125,51,41,13,11,57,7" hai1="69,134,123,60,114,100,93,83,24,30,53,76,79" hai2="20,26,116,54,16,1,44,105,9,130,22,6,46" hai3="90,119,4,133,132,115,29,128,96,8,14,86,39"/><T97/><D125/><U37/><E123/><V131/><F105/><W135/><G115/><T27/><D27/><U110/><E114/><V124/><F124/><W59/><G119/><T77/><D106/><U104/><E110/><V102/><F102/><W127/><G39/><T91/><D97/><N who="1" m="61455" /><E37/><V99/><F99/><W56/><G127/><T67/><D67/><N who="1" m="41191" /><E53/><V43/><F116/><W103/><G128/><N who="2" m="49193" /><F43/><W66/><G66/><T42/><D42/><U70/><E70/><V5/><F5/><W40/><G40/><T50/><D50/><U31/><E31/><N who="2" m="17863" /><F54/><W36/><G36/><T58/><D77/><N who="1" m="29771" /><E83/><V101/><F101/><W0/><G29/><T113/><D113/><U45/><E45/><V109/><F109/><W88/><G0/><T112/><D112/><U3/><E3/><V94/><F94/><N who="3" m="56407" /><G103/><T84/><D84/><U63/><E63/><V34/><F46/><W122/><G122/><T65/><D41/><U78/><N who="1" m="29779" /><U111/><DORA hai="35" /><E111/><V38/><F44/><W126/><G126/><T15/><D13/><U62/><E62/><V55/><F38/><W117/><G117/><T89/><D89/><U23/><E93/><AGARI ba="0,0" hai="4,8,14,56,59,86,88,93,132,133,135" m="56407" machi="93" ten="30,2000,0" yaku="20,1,54,1" doraHai="72,35" who="3" fromWho="1" sc="250,0,250,-20,250,0,250,20" />
</Scene>
<Scene>
<INIT seed="1,0,0,2,3,114" ten="250,230,250,270" oya="1" hai0="37,110,5,36,131,98,43,4,40,109,13,64,116" hai1="102,72,49,106,99,127,100,122,35,15,118,39,52" hai2="115,12,18,69,91,123,68,71,7,113,74,96,32" hai3="97,63,101,55,50,73,135,11,67,51,94,133,34"/><U83/><E122/><V9/><F74/><W121/><G121/><T107/><D131/><U103/><E39/><N who="0" m="14921" /><D64/><U129/><E129/><V58/><F32/><W30/><G73/><T53/><D53/><U8/><E35/><V95/><F123/><W120/><G120/><T87/><D87/><U85/><E127/><V134/><F134/><N who="3" m="51211" /><G55/><T125/><D125/><U130/><E72/><V0/><REACH who="2" step="1"/><F58/><REACH who="2" ten="250,230,240,270" step="2"/><N who="3" m="37367" /><G11/><AGARI ba="0,1" hai="0,7,9,11,12,18,68,69,71,91,95,96,113,115" machi="11" ten="50,1600,0" yaku="1,1,53,0" doraHai="114" doraHaiUra="124" who="2" fromWho="3" sc="250,0,230,0,240,26,270,-16" />
</Scene>
<Scene>
<INIT seed="2,0,0,0,1,107" ten="250,230,266,254" oya="2" hai0="55,74,73,118,97,120,131,62,114,134,4,100,124" hai1="93,66,24,110,25,112,49,15,59,52,58,51,99" hai2="53,81,89,61,127,132,16,65,5,36,108,129,54" hai3="78,69,126,122,19,64,13,84,60,82,0,27,34"/><V76/><F36/><W40/><G122/><T67/><D114/><U42/><E112/><V63/><F132/><W17/><G126/><T20/><D120/><U37/><E110/><V88/><F127/><W45/><G0/><T41/><D124/><U117/><E117/><V30/><F30/><W95/><G13/><T7/><D134/><U39/><E66/><V32/><F32/><W38/><G34/><T83/><D118/><U22/><E15/><V92/><F5/><W104/><G104/><T47/><D55/><N who="2" m="21002" /><F108/><W33/><G27/><T115/><D115/><U29/><E59/><N who="2" m="37055" /><F63/><W113/><G33/><T44/><D44/><U56/><E56/><V31/><F31/><W14/><G113/><T72/><D20/><U103/><REACH who="1" step="1"/><E25/><REACH who="1" ten="250,220,266,254" step="2"/><V1/><F1/><W90/><REACH who="3" step="1"/><G14/><REACH who="3" ten="250,220,266,244" step="2"/><T102/><D131/><U85/><E85/><AGARI ba="0,2" hai="17,19,38,40,45,60,64,69,78,82,84,85,90,95" machi="85" ten="30,3900,0" yaku="1,1,2,1,7,1,53,0" doraHai="107" doraHaiUra="11" who="3" fromWho="1" sc="250,0,220,-39,266,0,244,59" />
</Scene>
<Scene>
<INIT seed="3,0,0,3,5,20" ten="250,181,266,303" oya="3" hai0="104,11,95,91,0,128,94,34,55,101,96,35,122" hai1="52,49,115,118,28,109,133,23,9,13,77,38,131" hai2="59,84,98,5,110,21,64,126,43,80,125,53,127" hai3="83,31,2,88,63,50,36,130,39,78,17,71,29"/><W62/><G2/><T14/><D122/><U132/><E115/><V30/><F110/><W120/><G120/><T105/><D0/><U86/><E109/><V66/><F5/><W114/><G114/><T108/><D108/><U102/><E38/><V4/><F4/><W99/><G130/><T107/><D128/><U16/><E131/><V69/><F43/><W74/><G39/><T65/><D65/><U61/><E61/><V58/><F98/><W19/><G36/><T106/><D55/><U3/><E102/><V93/><F93/><W87/><G50/><T44/><D44/><U57/><E118/><V7/><F7/><W1/><G1/><T116/><D116/><U25/><REACH who="1" step="1"/><E3/><REACH who="1" ten="250,171,266,303" step="2"/><V117/><F117/><W42/><G63/><T60/><D60/><U97/><E97/><V48/><F69/><W54/><G99/><T81/><D96/><U129/><E129/><V103/><F103/><W27/><G62/><T121/><D101/><U51/><E51/><V70/><F70/><W123/><G71/><T46/><D121/><U47/><E47/><V67/><F59/><W37/><G37/><T124/><D46/><U75/><E75/><V56/><F58/><W111/><G111/><T24/><D105/><U32/><E32/><V68/><F68/><W22/><G123/><T112/><D104/><U10/><E10/><V40/><F67/><W15/><G74/><T8/><D106/><U76/><E76/><N who="2" m="46087" /><F40/><W79/><G42/><T18/><D107/><U72/><E72/><V45/><F56/><W41/><G41/><T33/><D112/><U134/><E134/><RYUUKYOKU ba="0,1" sc="250,-15,171,15,266,15,303,-15" hai1="9,13,16,23,25,28,49,52,57,77,86,132,133" hai2="21,30,45,48,53,64,66,125,126,127" />
</Scene>
<Scene>
<INIT seed="4,1,1,4,2,95" ten="235,186,281,288" oya="0" hai0="105,115,40,101,49,39,32,108,124,41,119,12,36" hai1="111,114,90,62,69,0,14,54,63,53,109,82,65" hai2="15,84,34,77,106,80,130,26,96,42,19,92,5" hai3="33,67,38,74,10,127,76,99,113,135,88,112,128"/><T16/><D119/><U75/><E0/><V79/><F130/><W81/><G33/><T72/><D32/><U134/><E75/><V46/><F106/><W94/><G38/><T31/><D31/><U103/><E103/><V56/><F56/><W98/><G67/><T102/><D115/><N who="3" m="44105" /><G128/><T37/><D72/><U7/><E114/><V47/><F79/><W120/><G135/><T3/><D3/><U78/><E134/><V126/><F126/><W21/><G127/><T91/><D124/><U58/><E54/><V73/><F73/><W20/><G120/><T44/><D108/><U60/><E60/><V55/><F55/><W93/><G10/><T8/><D41/><U6/><E78/><V64/><F64/><W28/><G28/><T87/><REACH who="0" step="1"/><D105/><REACH who="0" ten="225,186,281,288" step="2"/><U1/><E1/><V61/><F42/><W83/><G83/><AGARI ba="1,2" hai="8,12,16,36,37,39,40,44,49,83,87,91,101,102" machi="83" ten="40,7700,0" yaku="1,1,2,1,54,1,53,0" doraHai="95" doraHaiUra="23" who="0" fromWho="3" sc="225,100,186,0,281,0,288,-80" />
</Scene>
<Scene>
<INIT seed="4,2,0,2,3,36" ten="325,186,281,208" oya="0" hai0="52,102,64,42,28,11,15,134,101,86,63,81,3" hai1="60,106,38,50,37,96,12,82,128,54,79,69,43" hai2="85,23,62,93,35,33,10,129,74,75,13,68,112" hai3="9,47,25,88,49,108,14,119,61,76,92,57,126"/><T32/><D3/><U87/><E128/><V1/><F129/><W110/><G119/><T5/><D134/><U103/><E12/><V130/><F130/><W73/><G126/><T31/><D32/><U105/><E105/><V98/><F112/><W120/><G120/><T18/><D5/><U118/><E118/><V29/><F85/><W113/><G113/><T72/><D72/><U77/><E79/><V8/><F8/><W53/><G25/><T90/><D42/><U122/><E122/><V121/><F75/><W135/><G135/><T99/><D52/><U40/><E38/><V45/><F74/><W27/><G27/><T132/><D132/><U21/><E37/><V67/><F45/><W51/><G76/><T41/><D41/><U78/><E78/><V16/><F121/><W19/><G73/><T127/><D127/><U7/><E7/><V111/><F111/><W44/><G51/><T94/><REACH who="0" step="1"/><D102/><REACH who="0" ten="315,186,281,208" step="2"/><U84/><E84/><V114/><F114/><W107/><G44/><T65/><D65/><U116/><E116/><V83/><F33/><W17/><G110/><T66/><D66/><U59/><REACH who="1" step="1"/><E21/><REACH who="1" ten="315,176,281,208" step="2"/><V100/><F23/><W97/><G108/><T91/><D91/><U22/><E22/><V20/><F20/><W95/><G88/><T109/><D109/><U104/><E104/><V123/><F123/><W34/><G107/><T70/><AGARI ba="2,2" hai="11,15,18,28,31,63,64,70,81,86,90,94,99,101" machi="70" ten="20,3900,0" yaku="1,1,0,1,7,1,53,0" doraHai="36" doraHaiUra="46" who="0" fromWho="0" sc="315,65,176,-15,281,-15,208,-15" />
</Scene>
<Scene>
<INIT seed="4,3,0,2,1,73" ten="380,161,266,193" oya="0" hai0="32,103,110,19,79,77,55,100,117,135,26,65,20" hai1="120,2,9,28,78,38,54,99,35,13,95,17,83" hai2="92,40,22,5,85,87,67,0,29,12,116,50,23" hai3="107,113,127,112,33,43,45,93,11,81,131,90,56"/><T74/><D117/><U106/><E120/><V104/><F104/><W46/><G107/><T76/><D74/><U132/><E132/><V57/><F0/><W27/><G131/><T24/><D135/><U133/><E133/><V47/><F116/><W114/><G127/><T7/><D7/><U44/><E106/><V69/><F69/><W60/><G11/><T124/><D124/><U21/><E35/><V121/><F121/><W4/><G4/><T48/><D110/><U101/><E28/><V72/><F72/><W18/><G81/><T96/><D65/><U105/><E105/><V61/><F92/><W102/><G102/><N who="0" m="38955" /><D96/><U126/><E126/><V70/><F70/><W6/><G6/><T16/><D32/><U3/><E9/><N who="2" m="4143" /><F23/><N who="3" m="13815" /><G43/><T91/><D91/><U88/><E101/><V36/><F36/><W41/><G41/><T115/><D115/><U39/><E39/><V111/><F111/><W94/><G33/><T129/><D129/><U62/><E38/><V34/><F34/><W122/><G122/><T82/><D82/><U86/><REACH who="1" step="1"/><E44/><REACH who="1" ten="380,151,266,193" step="2"/><V51/><F47/><N who="3" m="17931" /><G90/><T97/><D24/><U49/><E49/><V84/><F40/><W66/><AGARI ba="3,1" hai="56,60,66,93,94,112,113,114" m="17931,13815" machi="66" ten="40,1500,0" yaku="15,1" doraHai="73" who="3" fromWho="3" sc="380,-10,151,-7,266,-7,193,34" />
</Scene>
<Scene>
<INIT seed="5,0,0,1,3,122" ten="370,144,259,227" oya="1" hai0="41,65,127,91,129,78,2,35,50,44,69,86,21" hai1="53,37,15,43,85,84,26,55,94,103,100,67,112" hai2="117,124,73,121,16,74,109,93,46,96,25,63,116" hai3="31,135,102,71,92,56,76,20,95,52,45,27,70"/><U107/><E107/><V17/><F121/><W101/><G135/><T72/><D35/><U118/><E118/><V106/><F106/><W113/><G113/><T60/><D127/><U10/><E112/><V75/><F124/><W110/><G110/><T58/><D2/><U61/><E26/><V64/><F109/><W130/><G130/><T24/><D129/><U81/><E37/><V0/><F46/><W40/><G76/><T30/><D72/><U87/><E43/><V39/><F0/><W104/><G71/><T14/><D78/><U77/><E67/><V99/><F39/><W12/><G70/><T22/><D21/><U114/><E114/><V80/><F80/><W19/><G45/><T3/><D3/><U42/><E42/><V49/><F49/><W9/><G40/><T6/><D69/><U108/><E108/><V8/><F25/><W18/><G31/><T5/><REACH who="0" step="1"/><D14/><REACH who="0" ten="360,144,259,227" step="2"/><U62/><E61/><V23/><F63/><N who="3" m="36231" /><G104/><T133/><D133/><U98/><E100/><AGARI ba="0,1" hai="9,12,18,19,20,27,92,95,100,101,102" m="36231" machi="100" ten="30,2000,0" yaku="8,1,54,1" doraHai="122" who="3" fromWho="1" sc="360,0,144,-20,259,0,227,30" />
</Scene>
<Scene>
<INIT seed="6,0,0,0,5,92" ten="360,124,259,257" oya="2" hai0="95,18,13,90,113,83,39,78,20,93,124,54,134" hai1="64,30,1,87,41,52,119,38,96,81,60,97,106" hai2="102,98,73,70,91,79,88,105,6,2,89,12,126" hai3="23,99,10,120,71,114,66,61,122,25,115,103,62"/><V133/><F70/><W35/><G61/><T31/><D124/><U118/><E106/><V65/><F65/><W19/><G10/><T8/><D134/><U11/><E30/><V3/><F126/><W130/><G130/><T125/><D125/><U48/><E38/><V46/><F133/><W68/><G68/><T116/><D39/><U21/><E41/><V132/><F132/><W63/><G63/><T84/><D116/><U80/><E21/><V94/><F46/><W85/><G85/><N who="0" m="48375" /><D113/><N who="3" m="43017" /><G35/><T77/><D77/><U24/><E24/><V22/><F6/><W129/><G129/><T127/><D127/><U37/><E37/><V107/><F3/><W76/><G76/><T110/><D54/><U74/><E74/><V5/><F2/><W67/><G67/><T55/><D55/><U42/><E42/><V59/><F59/><W27/><G27/><N who="0" m="16871" /><D110/><U69/><E118/><V28/><F28/><W36/><G36/><T29/><D29/><U4/><E119/><V43/><F43/><W58/><G71/><T17/><D93/><AGARI ba="0,0" hai="19,23,25,58,62,66,93,99,103,120,122" m="43017" machi="93" ten="30,3900,0" yaku="15,1,11,1,52,1" doraHai="92" who="3" fromWho="0" sc="360,-39,124,0,259,0,257,39" />
</Scene>
<Scene>
<INIT seed="7,0,0,5,5,60" ten="321,124,259,296" oya="3" hai0="111,64,40,73,117,54,37,84,20,7,13,59,110" hai1="57,76,121,127,97,95,104,15,5,112,129,78,134" hai2="126,69,66,17,42,58,114,41,47,50,28,91,105" hai3="11,62,79,132,90,29,61,102,133,125,113,100,68"/><W55/><G79/><T52/><D73/><U35/><E121/><V82/><F105/><W80/><G113/><T70/><D117/><U1/><E104/><V122/><F114/><W85/><G125/><T119/><D119/><U9/><E112/><V33/><F126/><W12/><G29/><T123/><D123/><U36/><E127/><V25/><F122/><W26/><G26/><T44/><D84/><U101/><E134/><N who="3" m="51818" /><G55/><T19/><D54/><U27/><E129/><V31/><F42/><W77/><G90/><T16/><D7/><U86/><E36/><V87/><F69/><W67/><G62/><N who="0" m="40215" /><D19/><AGARI ba="0,0" hai="11,12,19,61,67,68,77,80,85,100,102" m="51818" machi="19" ten="30,2900,0" yaku="20,1,52,1" doraHai="60" who="3" fromWho="0" sc="321,-29,124,0,259,0,296,29" owari="292,9.0,124,-38.0,259,-14.0,325,43.0" />
</Scene>
</mjloggm>