<mjloggm ver="2.3"><GO type="169" lobby="0"/><UN n0="%41%53%41%50%49%4E" n1="%E3%82%AA%E3%82%BA%E3%82%B0%E3%83%AB%E3%83%BC%E3%83%97" n2="%E3%83%88%E3%83%8B%E3%83%BC%E2%99%AA%E2%99%AA" n3="%6B%6F%75%64%61%69%32%33" dan="19,16,16,16" rate="2247.40,2070.70,2053.47,2140.18" sx="M,M,M,M"/><TAIKYOKU oya="0"/>

<Scene>
<INIT seed="0,0,0,3,5,132" ten="250,250,250,250" oya="0" hai0="110,135,6,93,127,44,123,64,24,115,97,111,81" hai1="36,16,52,49,19,21,62,51,82,63,28,31,72" hai2="102,23,67,15,54,70,29,35,75,99,101,11,66" hai3="14,0,8,96,74,5,80,39,107,34,48,7,61"/><T113/><D123/><U104/><E36/><V87/><F75/><W94/><G34/><T13/><D135/><U120/><E104/><V92/><F35/><W134/><G134/><T4/><D64/><U53/><E120/><V68/><F102/><W118/><G118/><T121/><D121/><U95/><E72/><V129/><F129/><W47/><G107/><T116/><D116/><U130/><E130/><V22/><F70/><W79/><G48/><T69/><D69/><U105/><E105/><V41/><F68/><W59/><G7/><T86/><D24/><U38/><E38/><V33/><F33/><W108/><G108/><N who="0" m="41515" /><D44/><U43/><E43/><V20/><F29/><W77/><G77/><N who="0" m="46383" /><D127/><U83/><E95/><V9/><F41/><N who="3" m="22975" /><G14/><T60/><D60/><U76/><E21/><V17/><F54/><N who="3" m="34039" /><G94/><T103/><D13/><U131/><E131/><V100/><F11/><W71/><G71/><T125/><D125/><U27/><E27/><V133/><F133/><W55/><G55/><T122/><D122/><U56/><E56/><V89/><REACH who="2" step="1"/><F100/><REACH who="2" ten="250,250,240,250" step="2"/><W73/><G74/><T26/><D115/><U106/><REACH who="1" step="1"/><E106/><AGARI ba="0,1" hai="9,15,17,20,22,23,66,67,87,89,92,99,101,106" machi="106" ten="40,2600,0" yaku="1,1,2,1,53,0" doraHai="132" doraHaiUra="119" who="2" fromWho="1" sc="250,0,250,-26,240,36,250,0" />
</Scene>
<Scene>
<INIT seed="1,0,0,0,5,82" ten="250,224,276,250" oya="1" hai0="39,94,76,75,79,66,110,62,65,134,69,128,97" hai1="63,77,87,12,86,3,93,112,5,36,37,90,109" hai2="127,122,61,85,16,115,2,116,121,119,26,100,50" hai3="28,107,67,48,72,135,130,38,51,56,29,10,32"/><U55/><E3/><V83/><F2/><W117/><G38/><T15/><D39/><U91/><E112/><V78/><F127/><W33/><G107/><T40/><D40/><U60/><E77/><V4/><F115/><W118/><G72/><T108/><D128/><U114/><E114/><V124/><F124/><W89/><G130/><T6/><D134/><U34/><E34/><N who="3" m="13418" /><G135/><T74/><D66/><U123/><E123/><V129/><F129/><W20/><G10/><N who="0" m="4567" /><D74/><U30/><E30/><N who="3" m="11882" /><G20/><T131/><D75/><U58/><E109/><N who="0" m="42089" /><D131/><U105/><E105/><V41/><F122/><W46/><G46/><T92/><D92/><N who="1" m="54359" /><E37/><V8/><F121/><W133/><G133/><T47/><D47/><U23/><E36/><V11/><F41/><W57/><G89/><AGARI ba="0,0" hai="62,65,69,76,79,89,94,97" m="42089,4567" machi="89" ten="30,1000,0" yaku="14,1" doraHai="82" who="0" fromWho="3" sc="250,10,224,0,276,0,250,-10" />
</Scene>
<Scene>
<INIT seed="2,0,0,1,0,115" ten="260,224,276,240" oya="2" hai0="134,104,65,116,34,90,60,122,38,24,26,102,98" hai1="37,31,51,83,70,106,135,66,87,5,22,23,114" hai2="56,54,80,113,127,28,92,68,1,71,89,124,97" hai3="74,112,118,111,101,75,61,100,25,11,45,12,120"/><V32/><F113/><W16/><G112/><T40/><D122/><U43/><E37/><V79/><F1/><W81/><G118/><T69/><D134/><U91/><E106/><V130/><F130/><W42/><G111/><T27/><D116/><U103/><E114/><V105/><F105/><W117/><G117/><T123/><D123/><U86/><E135/><V132/><F132/><W17/><G120/><T35/><D38/><U13/><E103/><V39/><F39/><W57/><G25/><T129/><D40/><U52/><E43/><V4/><F4/><W126/><G126/><N who="2" m="48169" /><F28/><W7/><G17/><T29/><D35/><U64/><E70/><V62/><F32/><W76/><G75/><AGARI ba="0,0" hai="54,56,62,68,71,75,79,80,89,92,97" m="48169" machi="75" ten="30,1500,0" yaku="18,1" doraHai="115" who="2" fromWho="3" sc="260,0,224,0,276,15,240,-15" />
</Scene>
<Scene>
<INIT seed="2,1,0,0,2,125" ten="260,224,291,225" oya="2" hai0="89,39,99,132,43,128,11,85,41,91,101,51,1" hai1="42,6,120,95,45,87,62,9,131,123,57,52,94" hai2="55,28,127,48,58,21,23,102,122,84,36,19,88" hai3="54,53,40,119,96,59,38,25,98,115,121,47,27"/><V117/><F122/><N who="1" m="46633" /><E87/><V61/><F117/><W126/><G119/><T73/><D73/><U69/><E69/><V104/><F127/><W108/><G108/><T50/><D132/><U135/><E135/><V15/><F36/><W66/><G126/><T129/><D1/><N who="1" m="207" /><E131/><N who="0" m="50249" /><D11/><U70/><E70/><V60/><F102/><W7/><G121/><T71/><D71/><U79/><E79/><V44/><F104/><W46/><G115/><T64/><D64/><U130/><E130/><V49/><F28/><W75/><G75/><T33/><D33/><U67/><E67/><V16/><F49/><AGARI ba="1,0" hai="42,45,49,52,57,62,94,95" m="207,46633" machi="49" ten="30,2000,0" yaku="13,1,54,1" doraHai="125" who="1" fromWho="2" sc="260,0,224,23,291,-23,225,0" />
</Scene>
<Scene>
<INIT seed="3,0,0,1,2,94" ten="260,247,268,225" oya="3" hai0="104,36,134,34,28,45,90,1,29,125,76,32,58" hai1="72,31,50,81,55,60,21,9,65,66,129,69,11" hai2="120,122,25,102,67,114,83,131,133,119,35,7,56" hai3="0,71,103,73,53,8,124,41,38,99,75,23,77"/><W15/><G71/><T128/><D1/><U96/><E129/><V39/><F119/><W10/><G124/><T79/><D58/><U26/><E66/><V132/><F114/><W19/><G38/><T115/><D45/><U40/><E40/><V111/><F39/><W12/><G41/><T70/><D36/><U92/><E81/><V108/><F7/><W27/><G0/><T24/><D24/><U93/><E93/><V52/><F131/><W97/><G77/><T78/><D78/><U16/><E31/><N who="2" m="19951" /><F83/><W127/><G127/><T135/><D70/><U20/><E20/><V84/><F84/><W106/><G53/><T85/><D85/><U110/><E72/><V57/><F102/><W112/><G112/><T62/><D115/><U63/><E63/><N who="2" m="36231" /><F57/><W109/><G109/><N who="2" m="42057" /><F67/><W121/><G121/><AGARI ba="0,0" hai="120,121,122,132,133" m="42057,36231,19951" machi="121" ten="30,3900,0" yaku="13,1,14,1,54,1" doraHai="94" who="2" fromWho="3" sc="260,0,247,0,268,39,225,-39" />
</Scene>
<Scene>
<INIT seed="4,0,0,2,0,80" ten="260,247,307,186" oya="0" hai0="77,49,96,119,28,29,18,63,66,20,53,67,58" hai1="30,110,113,3,34,13,48,1,94,59,56,39,121" hai2="42,107,40,25,38,105,118,132,85,125,47,130,10" hai3="117,11,70,101,74,91,55,31,32,2,84,123,120"/><T46/><D119/><U9/><E39/><V115/><F118/><W0/><G117/><T43/><D77/><U78/><E121/><V100/><F130/><W90/><G74/><T99/><D67/><U64/><E113/><V98/><F115/><W35/><G70/><T127/><D127/><U23/><E110/><V68/><F125/><W27/><G101/><T8/><D8/><U75/><E34/><V41/><F132/><W81/><G35/><T112/><D112/><U129/><E75/><V134/><F134/><W124/><G124/><T88/><D66/><U54/><E78/><V73/><F73/><W44/><G91/><T26/><D99/><U131/><E94/><AGARI ba="0,0" hai="18,20,26,28,29,43,46,49,53,58,63,88,94,96" machi="94" ten="40,12000,1" yaku="25,2,8,1,54,1" doraHai="80" who="0" fromWho="1" sc="260,120,247,-120,307,0,186,0" />
</Scene>
<Scene>
<INIT seed="4,1,0,3,3,2" ten="380,127,307,186" oya="0" hai0="78,123,83,20,134,101,121,124,133,111,63,32,96" hai1="135,5,40,86,120,116,31,10,51,72,65,69,128" hai2="45,36,88,130,59,84,3,68,79,62,90,21,113" hai3="125,29,58,73,60,0,44,4,57,131,117,107,99"/><T9/><D32/><U37/><E72/><V132/><F130/><W126/><G117/><T49/><D63/><U14/><E116/><V114/><F68/><W19/><G73/><N who="0" m="43471" /><D49/><U105/><E120/><N who="0" m="46153" /><D20/><U25/><E105/><V27/><F132/><N who="0" m="50794" /><D9/><U129/><E128/><V12/><F3/><W67/><G131/><T61/><D61/><U43/><E135/><V1/><F1/><W52/><G60/><T82/><D82/><U102/><E129/><V89/><F12/><W54/><G0/><T109/><D124/><U17/><E37/><V77/><F36/><W103/><G126/><T112/><D112/><N who="2" m="43114" /><F45/><W75/><G44/><T41/><D41/><U16/><E69/><V118/><F118/><W47/><G47/><T11/><D11/><U48/><E65/><V22/><F22/><W46/><G46/><T95/><AGARI ba="1,0" hai="95,96,101,109,111" m="50794,46153,43471" machi="95" ten="40,7800,0" yaku="20,1,34,2" doraHai="2" who="0" fromWho="0" sc="380,81,127,-27,307,-27,186,-27" />
</Scene>
<Scene>
<INIT seed="4,2,0,2,0,16" ten="461,100,280,159" oya="0" hai0="12,32,80,120,63,2,24,83,3,60,109,33,133" hai1="121,17,13,85,123,129,69,126,45,44,7,41,73" hai2="14,98,22,134,107,132,38,76,68,99,26,105,84" hai3="118,96,9,30,77,50,92,122,40,116,135,10,95"/><T31/><D120/><U94/><E73/><V39/><F68/><W131/><G135/><N who="2" m="51753" /><F14/><W25/><G131/><T119/><D119/><U102/><E69/><V62/><F62/><W43/><G122/><T54/><D133/><U58/><E129/><V28/><F76/><W101/><G77/><T46/><D109/><U100/><E126/><V36/><F84/><W53/><G95/><T87/><D33/><U52/><E7/><V82/><F82/><W81/><G81/><T55/><D80/><U124/><E124/><V5/><F5/><W66/><G66/><T35/><D35/><U91/><E123/><V75/><F75/><W103/><G103/><N who="1" m="39466" /><E41/><V74/><F74/><W125/><G125/><T108/><D108/><U86/><E86/><V29/><F29/><W88/><G101/><T64/><D87/><U89/><E89/><V1/><F1/><W111/><G111/><T0/><D0/><U78/><E78/><V113/><F113/><W114/><G114/><T127/><D3/><U90/><E90/><V49/><F49/><W65/><G65/><T8/><D2/><U79/><E79/><V117/><F117/><W57/><G118/><T15/><D127/><U20/><E121/><V106/><AGARI ba="2,0" hai="22,26,28,36,38,39,98,99,105,106,107" m="51753" machi="106" ten="50,3200,0" yaku="20,1,52,1" doraHai="16" who="2" fromWho="2" sc="461,-18,100,-10,280,38,159,-10" />
</Scene>
<Scene>
<INIT seed="5,0,0,1,4,17" ten="443,90,318,149" oya="1" hai0="103,124,26,108,31,28,24,20,71,95,43,105,39" hai1="63,72,3,132,76,131,135,78,50,1,23,57,100" hai2="119,96,68,44,130,41,27,53,133,34,125,97,29" hai3="55,30,4,2,73,104,32,89,8,65,66,69,37"/><U56/><E131/><V101/><F119/><W114/><G114/><T60/><D108/><U82/><E100/><V25/><F130/><W40/><G66/><T9/><D124/><U134/><E78/><V64/><F125/><W16/><G73/><T75/><D75/><U110/><E110/><V61/><F133/><W62/><G104/><T115/><D115/><U91/><E91/><V77/><F77/><W127/><G127/><T12/><D95/><U126/><E126/><V116/><F116/><W7/><G7/><T70/><D60/><U109/><E109/><V118/><F118/><W18/><G55/><T111/><D111/><U93/><E93/><V79/><F79/><W58/><G69/><T85/><D85/><U88/><E88/><V15/><F15/><W123/><G123/><T87/><D87/><U51/><E57/><V59/><F27/><W120/><G120/><T129/><D129/><U83/><E83/><V13/><F13/><W45/><REACH who="3" step="1"/><G89/><REACH who="3" ten="443,90,318,139" step="2"/><T128/><D70/><U92/><E92/><V84/><F68/><W113/><G113/><T86/><D71/><U106/><E106/><V21/><F64/><W121/><G121/><T94/><D105/><U0/><REACH who="1" step="1"/><E23/><REACH who="1" ten="443,80,318,139" step="2"/><V49/><F21/><W11/><G11/><T48/><D9/><U6/><E6/><V19/><F101/><W42/><G42/><T35/><D43/><U90/><E90/><V47/><F41/><W38/><G38/><T22/><D39/><U99/><E99/><V122/><F97/><W46/><G46/><T52/><D20/><U74/><E74/><V112/><F96/><RYUUKYOKU ba="0,2" sc="443,-15,80,15,318,-15,139,15" hai1="0,1,3,50,51,56,63,72,76,82,132,134,135" hai3="2,4,8,16,18,30,32,37,40,45,58,62,65" />
</Scene>
<Scene>
<INIT seed="5,1,2,5,5,90" ten="428,95,303,154" oya="1" hai0="60,94,29,76,49,102,13,37,47,85,115,83,40" hai1="24,131,42,114,68,64,39,99,26,18,41,135,100" hai2="8,28,122,106,89,112,121,134,63,128,7,96,65" hai3="43,71,51,62,95,109,16,78,15,30,116,107,108"/><U11/><E131/><V127/><F128/><W87/><G107/><T81/><D115/><U23/><E135/><V17/><F134/><W70/><G116/><T10/><D29/><U98/><E114/><V2/><F112/><W104/><G104/><T54/><D81/><U132/><E132/><V50/><F127/><W113/><G113/><T111/><D111/><U75/><E75/><V92/><F106/><W59/><G30/><T61/><D37/><U101/><E11/><V66/><F65/><W77/><G77/><T38/><D38/><U124/><E124/><V123/><F28/><W36/><G36/><T1/><D1/><U32/><E39/><V25/><F50/><W33/><G33/><T12/><D54/><U27/><E64/><V46/><F46/><W79/><G79/><T88/><D13/><N who="1" m="9679" /><E68/><V14/><F25/><N who="1" m="6401" /><U69/><DORA hai="82" /><E32/><V53/><F53/><W22/><G71/><T56/><D102/><N who="1" m="39531" /><E69/><V126/><F126/><W5/><G70/><T19/><REACH who="0" step="1"/><D56/><REACH who="0" ten="418,95,303,154" step="2"/><U84/><E84/><AGARI ba="1,3" hai="10,12,19,40,47,49,60,61,76,83,84,85,88,94" machi="84" ten="30,16000,3" yaku="1,1,2,1,7,1,8,1,52,3,54,1,53,0" doraHai="90,82" doraHaiUra="125,117" who="0" fromWho="1" sc="418,193,95,-163,303,0,154,0" owari="611,72.0,-68,-57.0,303,10.0,154,-25.0" />
</Scene>
</mjloggm>