<mjloggm ver="2.3"><GO type="169" lobby="0"/><UN n0="%74%61%63%6F%73" n1="%41%53%41%50%49%4E" n2="%E7%81%BC%E7%9C%BC%E3%81%AE%E3%82%B7%E3%83%A3%E3%83%8A%E3%82%BF%E3%83%B3" n3="%41%70%70%6C%65%2A" dan="17,19,16,16" rate="2096.90,2272.42,2182.24,2099.32" sx="M,M,F,M"/><TAIKYOKU oya="0"/>

<Scene>
<INIT seed="0,0,0,1,0,70" ten="250,250,250,250" oya="0" hai0="32,48,21,76,43,66,117,15,44,54,103,16,95" hai1="115,102,8,26,47,24,67,112,49,98,60,33,39" hai2="105,78,29,27,41,123,71,104,56,118,3,121,22" hai3="51,37,109,53,58,86,28,30,99,106,14,94,18"/><T107/><D32/><U38/><E8/><V61/><F3/><W40/><G106/><T100/><D117/><U80/><E80/><V17/><F118/><W120/><G120/><T7/><D107/><N who="1" m="63959" /><E49/><V68/><F105/><W129/><G129/><T63/><D76/><U134/><E134/><V46/><F104/><W97/><G109/><T25/><D43/><U81/><E81/><V23/><F78/><W108/><G108/><T89/><D7/><U69/><E47/><V20/><F121/><W90/><G97/><T124/><D15/><U91/><E91/><V131/><F131/><W10/><G99/><T50/><D50/><U1/><E24/><V57/><F57/><W127/><G127/><T83/><D124/><U64/><E64/><V92/><F92/><W93/><G93/><T11/><D11/><U6/><E6/><V122/><F122/><W133/><G133/><T42/><D83/><U72/><E72/><V74/><F74/><W132/><G132/><T77/><D77/><U59/><E59/><V96/><F96/><W73/><G73/><T110/><D110/><U9/><E9/><V119/><F119/><W125/><G125/><T88/><D54/><U35/><E1/><V111/><F111/><W52/><G53/><T19/><D19/><U5/><E5/><V31/><F17/><W113/><G28/><N who="2" m="10825" /><F27/><W75/><G30/><T135/><D135/><U55/><E26/><V130/><F130/><W13/><G75/><T45/><D25/><U36/><E55/><N who="2" m="33951" /><F123/><W34/><G14/><T4/><D4/><U62/><E62/><V79/><F79/><RYUUKYOKU ba="0,0" sc="250,-15,250,15,250,15,250,-15" hai1="33,35,36,38,39,60,67,69,112,115" hai2="20,22,23,41,46,68,71" />
</Scene>
<Scene>
<INIT seed="1,1,0,1,2,119" ten="235,265,265,235" oya="1" hai0="133,111,56,75,70,93,44,67,97,77,115,47,29" hai1="46,68,35,12,53,85,116,113,45,135,48,125,30" hai2="10,26,42,104,57,109,59,105,7,89,80,15,50" hai3="92,71,21,114,51,76,82,98,65,49,13,14,1"/><U106/><E116/><V8/><F109/><W23/><G1/><T73/><D115/><U38/><E113/><V28/><F10/><W6/><G114/><T5/><D70/><U88/><E68/><V72/><F59/><W102/><G65/><T79/><D111/><U99/><E135/><V34/><F72/><W54/><G71/><T27/><D133/><U120/><E125/><V25/><F25/><W122/><G51/><T123/><D5/><U131/><E131/><V0/><F80/><W24/><G23/><T20/><D44/><U43/><E120/><V94/><F0/><W110/><G6/><T124/><D47/><U37/><E12/><V16/><F7/><W69/><G69/><T3/><D3/><U58/><E99/><V60/><F50/><W40/><G40/><T17/><D124/><U63/><E106/><V84/><REACH who="2" step="1"/><F42/><REACH who="2" ten="235,265,255,235" step="2"/><W41/><G41/><T103/><D75/><U18/><E45/><V108/><F108/><W2/><G2/><T19/><D73/><U62/><E62/><V64/><AGARI ba="1,1" hai="8,15,16,26,28,34,57,60,64,84,89,94,104,105" machi="64" ten="20,5200,0" yaku="1,1,0,1,7,1,54,1,53,0" doraHai="119" doraHaiUra="33" who="2" fromWho="2" sc="235,-14,265,-27,255,65,235,-14" />
</Scene>
<Scene>
<INIT seed="2,0,0,4,3,124" ten="221,238,320,221" oya="2" hai0="134,128,120,6,8,94,58,77,48,132,70,31,25" hai1="111,54,74,112,66,52,82,106,36,104,4,53,69" hai2="103,16,130,39,64,57,7,40,13,38,131,60,20" hai3="87,24,108,99,125,119,43,122,10,110,29,19,109"/><V28/><F103/><W89/><G119/><T22/><D70/><U59/><E112/><V15/><F28/><W72/><G72/><T93/><D120/><U123/><E36/><V129/><F40/><W34/><G122/><T37/><D37/><N who="2" m="13834" /><F7/><W56/><G99/><T73/><D77/><U105/><E123/><V116/><F13/><W23/><G10/><T113/><D73/><U135/><E4/><V78/><F78/><W121/><G121/><T42/><D113/><U63/><E74/><V127/><F127/><W45/><G56/><T71/><D71/><U97/><E69/><V85/><F85/><W92/><G125/><T65/><D65/><U17/><E66/><V68/><F68/><W118/><G118/><AGARI ba="0,0" hai="15,16,20,57,60,64,116,118,129,130,131" m="13834" machi="118" ten="40,12000,1" yaku="19,1,52,3,54,1" doraHai="124" who="2" fromWho="3" sc="221,0,238,0,320,120,221,-120" />
</Scene>
<Scene>
<INIT seed="2,1,0,0,4,73" ten="221,238,440,101" oya="2" hai0="40,27,6,30,121,1,115,82,72,12,15,55,113" hai1="49,50,91,10,97,100,122,59,5,14,98,101,124" hai2="129,120,94,57,96,19,62,86,54,134,36,21,92" hai3="135,47,16,119,70,102,117,17,45,111,66,43,90"/><V103/><F120/><W69/><G102/><T37/><D121/><U63/><E122/><V65/><F36/><W126/><G90/><T67/><D67/><U7/><E124/><V77/><F134/><W42/><G66/><T41/><D55/><U114/><E114/><V127/><F127/><W32/><G126/><T95/><D95/><N who="1" m="56575" /><E7/><V118/><F129/><W56/><G56/><T108/><D12/><U0/><E0/><V78/><F118/><W60/><G60/><T44/><D40/><U84/><E84/><V132/><F132/><W35/><REACH who="3" step="1"/><G135/><REACH who="3" ten="221,238,440,91" step="2"/><T106/><D115/><U125/><E125/><V110/><F65/><W38/><G38/><T75/><D37/><U128/><E100/><V13/><F110/><AGARI ba="1,1" hai="16,17,32,35,42,43,45,47,69,70,110,111,117,119" machi="110" ten="25,6400,0" yaku="1,1,22,2,54,1,53,0" doraHai="73" doraHaiUra="109" who="3" fromWho="2" sc="221,0,238,0,440,-67,91,77" />
</Scene>
<Scene>
<INIT seed="3,0,0,5,2,9" ten="221,238,373,168" oya="3" hai0="12,69,68,58,30,128,67,103,38,130,56,80,97" hai1="18,111,64,51,50,73,63,4,42,99,32,126,22" hai2="134,54,48,41,107,83,89,94,21,112,109,82,72" hai3="102,122,29,28,92,71,19,59,75,0,106,85,104"/><W3/><G122/><T91/><D38/><U131/><E73/><V120/><F112/><W100/><G71/><T76/><D30/><U116/><E32/><V61/><F107/><W40/><G75/><T96/><D91/><U15/><E111/><V6/><F109/><W113/><G113/><T37/><D37/><U39/><E131/><N who="0" m="50217" /><D12/><U45/><E126/><V11/><F134/><W52/><G104/><N who="0" m="63591" /><D97/><U10/><E99/><V74/><F74/><W55/><G106/><T110/><D110/><U101/><E101/><N who="3" m="39018" /><G3/><T65/><D58/><U121/><E121/><V20/><F89/><N who="3" m="53295" /><G0/><T49/><D49/><U2/><REACH who="1" step="1"/><E116/><REACH who="1" ten="221,228,373,168" step="2"/><V70/><F72/><W33/><G33/><T117/><D117/><U90/><E90/><V7/><F120/><W93/><G93/><T44/><D76/><U34/><E34/><V5/><F94/><W81/><G81/><T13/><D80/><U118/><E118/><V27/><F82/><W115/><G115/><T123/><D123/><U24/><E24/><V124/><F27/><W17/><G40/><T16/><D68/><AGARI ba="0,1" hai="2,4,10,15,18,22,39,42,45,50,51,63,64,68" machi="68" ten="30,7700,0" yaku="1,1,7,1,52,1,53,1" doraHai="9" doraHaiUra="43" who="1" fromWho="0" sc="221,-77,228,87,373,0,168,0" />
</Scene>
<Scene>
<INIT seed="4,0,0,4,5,93" ten="144,315,373,168" oya="0" hai0="98,81,97,53,5,18,32,85,118,134,101,120,89" hai1="102,117,130,108,96,29,55,12,62,9,3,77,67" hai2="34,105,123,48,24,65,16,124,88,94,71,107,38" hai3="104,21,82,36,113,37,109,4,64,75,91,132,119"/><T116/><D120/><U122/><E108/><V83/><F123/><W8/><G109/><T80/><D32/><U106/><E122/><V49/><F38/><W92/><G119/><T28/><D5/><U40/><E130/><V41/><F83/><W33/><G33/><T61/><D28/><U17/><E117/><V126/><F65/><W73/><G104/><T30/><D30/><U112/><E112/><V43/><F71/><W86/><G113/><T56/><D134/><U1/><E40/><V2/><F2/><W50/><G64/><T100/><D81/><U7/><E77/><V111/><F111/><W131/><G131/><T127/><D127/><N who="2" m="48682" /><F49/><W42/><G132/><T47/><D47/><U90/><E55/><V45/><F41/><W23/><G75/><T60/><D60/><U70/><E7/><V95/><F95/><W59/><G73/><T58/><D58/><U69/><E69/><V31/><F16/><W121/><G121/><T99/><REACH who="0" step="1"/><D18/><REACH who="0" ten="134,315,373,168" step="2"/><U129/><E129/><V63/><F63/><W52/><G82/><T79/><D79/><U20/><E29/><V115/><F115/><W133/><G133/><T25/><D25/><U26/><E26/><V84/><AGARI ba="0,1" hai="24,31,34,43,45,48,84,88,94,105,107" m="48682" machi="84" ten="30,2000,0" yaku="18,1,54,1" doraHai="93" who="2" fromWho="2" sc="134,-10,315,-5,373,30,168,-5" />
</Scene>
<Scene>
<INIT seed="5,0,0,0,1,80" ten="124,310,403,163" oya="1" hai0="82,87,135,120,112,107,10,84,116,65,45,4,57" hai1="78,47,126,106,25,85,36,77,38,128,81,71,0" hai2="88,110,12,28,39,8,42,129,118,130,3,44,73" hai3="105,86,124,97,9,125,101,102,132,133,74,90,99"/><U114/><E106/><V109/><F118/><W72/><G9/><T17/><D116/><U119/><E119/><V35/><F73/><N who="3" m="28267" /><G132/><T19/><D107/><U53/><E71/><V89/><F3/><W27/><G27/><T24/><D135/><U113/><E128/><N who="2" m="49259" /><F28/><W66/><G66/><T41/><D112/><N who="1" m="43115" /><E126/><N who="3" m="48746" /><G133/><T46/><D120/><U63/><E0/><V104/><F35/><W83/><G105/><T43/><D4/><U56/><E77/><V115/><F104/><W117/><G117/><T23/><D65/><U58/><E47/><N who="0" m="17929" /><D57/><U121/><E121/><V91/><F115/><W50/><G50/><T13/><D82/><U31/><E56/><V70/><F70/><W131/><G131/><T11/><D11/><U6/><E6/><AGARI ba="0,0" hai="6,8,12,39,42,44,88,89,91,109,110" m="49259" machi="6" ten="30,2000,0" yaku="19,1,54,1" doraHai="80" who="2" fromWho="1" sc="124,0,310,-20,403,20,163,0" />
</Scene>
<Scene>
<INIT seed="6,0,0,0,2,61" ten="124,290,423,163" oya="2" hai0="114,74,126,101,119,3,10,48,7,28,117,105,130" hai1="131,50,125,12,70,65,104,45,15,116,129,17,102" hai2="0,1,49,43,82,77,56,84,96,67,60,86,88" hai3="34,54,134,21,97,33,55,75,98,89,85,81,47"/><V18/><F96/><W39/><G75/><T26/><D74/><U108/><E108/><V44/><REACH who="2" step="1"/><F18/><REACH who="2" ten="124,290,413,163" step="2"/><W35/><G97/><T24/><D117/><U93/><E17/><V46/><F46/><W53/><G98/><T135/><D119/><U2/><E45/><V64/><F64/><W25/><G47/><T122/><D122/><U16/><E65/><V76/><F76/><W41/><G39/><T78/><D78/><U63/><E16/><V121/><F121/><W32/><G41/><T58/><D28/><U120/><E116/><V31/><F31/><W9/><G134/><T59/><D135/><U19/><E19/><V36/><F36/><W115/><G115/><T22/><D114/><U106/><E120/><V40/><F40/><W20/><G9/><T52/><D10/><U80/><E106/><V68/><F68/><W92/><G54/><T123/><D52/><U11/><E104/><V5/><F5/><W111/><G53/><T83/><D7/><U127/><E70/><V38/><F38/><W79/><G55/><T113/><D105/><U66/><E66/><V73/><F73/><W100/><G79/><T94/><D113/><U107/><E107/><V37/><F37/><W51/><G111/><T87/><D123/><U112/><E112/><V29/><F29/><W42/><G42/><T23/><D126/><U13/><E11/><V91/><F91/><W133/><G89/><T14/><D101/><U8/><E8/><V99/><F99/><W69/><N who="3" m="8192" /><DORA hai="57" /><W30/><G133/><T118/><D118/><U109/><E102/><V6/><F6/><RYUUKYOKU ba="0,1" sc="124,-10,290,-10,413,30,163,-10" hai2="0,1,43,44,49,56,60,67,77,82,84,86,88" />
</Scene>
<Scene>
<INIT seed="6,1,1,0,4,27" ten="114,280,443,153" oya="2" hai0="11,10,108,63,64,113,46,74,117,114,130,82,48" hai1="21,83,132,7,45,95,38,36,66,43,4,1,62" hai2="89,47,34,71,60,17,90,23,42,119,99,97,107" hai3="76,69,59,56,67,88,80,20,22,120,98,0,84"/><V87/><F34/><W6/><G120/><T77/><D108/><U125/><E38/><V29/><F119/><W30/><G69/><T49/><D117/><U116/><E116/><V15/><F29/><W126/><G126/><T79/><D77/><U39/><E132/><V5/><F5/><W124/><G124/><T118/><D118/><U105/><E39/><V58/><F71/><W92/><G0/><T104/><D104/><U32/><E105/><V85/><F107/><W19/><G6/><T94/><D130/><U31/><E32/><V53/><F87/><W121/><G67/><T28/><D94/><U50/><E125/><V131/><F131/><W91/><G76/><T61/><D28/><U102/><E1/><V37/><F90/><W12/><G121/><T54/><D49/><U25/><E83/><AGARI ba="1,1" hai="15,17,23,37,42,47,53,58,60,83,85,89,97,99" machi="83" ten="30,1500,0" yaku="7,1" doraHai="27" who="2" fromWho="1" sc="114,0,280,-18,443,28,153,0" />
</Scene>
<Scene>
<INIT seed="6,2,0,3,1,81" ten="114,262,471,153" oya="2" hai0="118,69,49,105,107,58,89,12,94,93,15,61,34" hai1="39,35,127,14,126,86,128,99,134,84,100,75,72" hai2="131,38,29,25,7,53,8,121,21,106,45,80,11" hai3="13,102,98,24,64,5,51,67,91,78,26,120,22"/><V135/><F121/><W55/><G78/><T97/><D34/><U37/><E35/><V2/><F106/><W16/><G120/><T83/><D118/><U108/><E108/><V9/><F135/><W44/><G91/><T20/><D83/><U133/><E14/><V111/><F111/><W88/><G88/><N who="0" m="55495" /><D105/><N who="1" m="63647" /><E39/><V132/><F132/><N who="1" m="50793" /><E37/><V113/><F53/><W46/><G46/><T74/><D69/><U18/><E18/><V60/><F60/><W27/><REACH who="3" step="1"/><G5/><REACH who="3" ten="114,262,471,143" step="2"/><T62/><D107/><AGARI ba="2,1" hai="13,16,22,24,26,27,44,51,55,64,67,98,102,107" machi="107" ten="40,5200,0" yaku="1,1,2,1,54,1,53,0" doraHai="81" doraHaiUra="123" who="3" fromWho="0" sc="114,-58,262,0,471,0,143,68" />
</Scene>
<Scene>
<INIT seed="7,0,0,0,2,121" ten="56,262,471,211" oya="3" hai0="32,40,132,82,111,44,59,43,130,6,22,84,85" hai1="123,125,54,46,27,135,38,90,9,106,31,80,29" hai2="81,13,11,52,129,116,89,56,134,69,94,50,119" hai3="1,55,93,12,120,16,10,113,88,96,124,47,83"/><W79/><G120/><T15/><D32/><U97/><E123/><V68/><F129/><W87/><G113/><T73/><D130/><U0/><E135/><V128/><F128/><W49/><G124/><T103/><D132/><U92/><E125/><V115/><F134/><W108/><G108/><T114/><D111/><U26/><E106/><V24/><F115/><W109/><G109/><T107/><D73/><U64/><E64/><V65/><F24/><N who="1" m="9257" /><E38/><V117/><F65/><W72/><REACH who="3" step="1"/><G1/><REACH who="3" ten="56,262,471,201" step="2"/><T66/><D114/><U122/><E0/><V23/><F116/><W105/><G105/><T62/><D107/><U4/><E122/><V58/><F117/><W35/><G35/><T42/><D103/><U45/><E29/><V30/><F119/><W36/><G36/><T20/><D44/><U95/><E31/><V100/><F30/><W39/><G39/><T99/><D99/><AGARI ba="0,1" hai="10,12,16,47,49,55,72,79,83,87,88,93,96,99" machi="99" ten="40,12000,1" yaku="1,1,54,2,53,1" doraHai="121" doraHaiUra="91" who="3" fromWho="0" sc="56,-120,262,0,471,0,201,130" owari="-64,-56.0,262,-14.0,471,57.0,331,13.0" />
</Scene>
</mjloggm>