<mjloggm ver="2.3"><GO type="169" lobby="0"/><UN n0="%CE%9A%CE%95%CE%99" n1="%41%53%41%50%49%4E" n2="%E6%AF%94%E5%98%89%E7%A7%80%E4%BB%81" n3="%E3%81%AA%E3%81%BE%E3%81%AF%E3%81%92%E3%83%AA%E3%83%BC%E3%83%81%E2%98%86" dan="17,19,16,17" rate="2134.32,2239.87,2154.53,2096.14" sx="M,M,M,M"/><TAIKYOKU oya="0"/>

<Scene>
<INIT seed="0,0,0,3,4,132" ten="250,250,250,250" oya="0" hai0="94,50,47,109,95,84,115,103,16,93,117,67,131" hai1="105,110,41,96,63,126,21,64,127,9,32,92,79" hai2="70,122,20,108,112,72,17,2,116,31,30,106,8" hai3="28,6,7,25,88,87,80,100,48,36,52,124,42"/><T104/><D115/><U4/><E32/><V19/><F70/><W128/><G128/><T51/><D117/><U71/><E105/><V39/><F72/><W0/><G0/><T74/><D74/><U22/><E79/><V113/><F39/><W102/><G36/><T68/><D131/><U13/><E41/><V26/><F106/><W53/><G42/><T135/><D135/><U82/><E82/><V101/><F101/><N who="3" m="39019" /><G124/><N who="1" m="47658" /><E110/><V76/><F76/><W10/><G10/><T40/><D109/><U55/><E55/><V59/><F108/><W134/><G134/><T129/><D129/><U86/><E86/><V1/><F116/><W111/><G111/><T77/><D77/><U69/><E69/><V14/><F59/><N who="3" m="33159" /><G88/><AGARI ba="0,0" hai="4,9,13,21,22,63,64,71,88,92,96" m="47658" machi="88" ten="30,8000,1" yaku="18,1,52,3,54,1" doraHai="132" who="1" fromWho="3" sc="250,0,250,80,250,0,250,-80" />
</Scene>
<Scene>
<INIT seed="1,0,0,1,2,54" ten="250,330,250,170" oya="1" hai0="89,62,88,9,101,97,24,66,1,19,104,70,7" hai1="71,58,99,80,44,60,33,28,68,23,90,46,133" hai2="134,75,110,85,34,74,119,32,29,17,5,47,102" hai3="63,111,35,82,108,48,135,69,13,129,94,103,41"/><U27/><E133/><V95/><F119/><W18/><G35/><T11/><REACH who="0" step="1"/><D24/><REACH who="0" ten="240,330,250,170" step="2"/><U77/><E27/><V3/><F34/><W15/><G135/><T39/><D39/><U126/><E33/><V57/><F134/><W45/><G111/><T55/><D55/><U8/><E71/><V91/><F110/><W93/><G108/><T64/><D64/><U42/><E68/><V20/><F32/><W100/><G69/><T67/><D67/><U83/><E126/><V81/><F29/><W56/><G129/><T98/><D98/><U124/><E99/><V38/><F38/><W122/><G122/><T132/><D132/><U50/><E28/><V115/><F115/><W114/><G114/><T117/><D117/><U121/><E124/><V106/><F75/><W10/><G82/><T40/><D40/><U25/><E25/><V84/><F74/><W72/><G72/><T2/><D2/><U78/><E42/><V51/><F3/><W116/><G116/><T128/><D128/><U61/><E121/><V105/><F81/><W96/><G13/><AGARI ba="0,1" hai="1,7,9,11,13,19,62,66,70,88,89,97,101,104" machi="13" ten="40,8000,1" yaku="21,2,54,1,53,1" doraHai="54" doraHaiUra="12" who="0" fromWho="3" sc="240,90,330,0,250,0,170,-80" />
</Scene>
<Scene>
<INIT seed="2,0,0,0,2,95" ten="330,330,250,90" oya="2" hai0="18,36,9,119,104,25,73,35,87,49,20,129,128" hai1="94,79,113,0,68,114,125,74,67,17,120,69,99" hai2="88,134,10,131,83,81,43,66,53,2,47,93,16" hai3="71,102,112,46,59,90,41,108,45,39,76,85,30"/><V28/><F131/><W24/><G71/><T29/><D73/><U6/><E120/><V50/><F134/><W21/><G108/><T51/><D36/><U80/><E125/><V34/><F66/><W126/><G126/><T132/><D132/><U84/><E17/><V89/><F2/><W107/><G112/><T12/><D104/><U60/><E68/><V5/><F5/><W109/><G109/><T26/><D87/><U65/><E65/><V118/><F118/><W23/><G76/><T64/><D64/><U15/><E0/><V42/><F34/><W63/><G46/><T115/><D115/><U13/><E74/><V72/><F28/><W48/><G39/><T103/><D103/><U11/><REACH who="1" step="1"/><E15/><REACH who="1" ten="330,320,250,90" step="2"/><N who="2" m="7287" /><F72/><W27/><G107/><T14/><D119/><U57/><E57/><V4/><F4/><W44/><G44/><T3/><D129/><U58/><E58/><V106/><F106/><W78/><G59/><T52/><D128/><U86/><E86/><N who="2" m="50271" /><F81/><W127/><G127/><T116/><D116/><U110/><E110/><V55/><F43/><W105/><G41/><T8/><D3/><U91/><AGARI ba="0,1" hai="6,11,13,60,67,69,79,80,84,91,94,99,113,114" machi="91" ten="20,8000,1" yaku="1,1,0,1,7,1,52,1,53,1" doraHai="95" doraHaiUra="56" who="1" fromWho="1" sc="330,-20,320,90,250,-40,90,-20" />
</Scene>
<Scene>
<INIT seed="3,0,0,4,0,7" ten="310,410,210,70" oya="3" hai0="104,125,63,118,78,101,20,32,38,64,77,74,28" hai1="89,129,100,1,43,68,12,13,34,60,111,57,26" hai2="121,114,85,134,127,122,92,8,25,82,56,50,109" hai3="55,87,19,91,120,65,117,76,46,97,44,106,96"/><W110/><G120/><N who="2" m="46185" /><F109/><W3/><G117/><T23/><D118/><U18/><E111/><V35/><F114/><W39/><G110/><T135/><D38/><U36/><E1/><V62/><F134/><W131/><G3/><T84/><D74/><U132/><E68/><V53/><F127/><W75/><G65/><T45/><D45/><U108/><E108/><V16/><F92/><W130/><G75/><T83/><D78/><U123/><E123/><V2/><F35/><W93/><G39/><T71/><D135/><U112/><E112/><V98/><F98/><W81/><G19/><T10/><D10/><U21/><E100/><V27/><F2/><W52/><G46/><T5/><D5/><U95/><E129/><N who="3" m="49162" /><G44/><T17/><D17/><U67/><E132/><V33/><F33/><W0/><G0/><T22/><D125/><U133/><E133/><V51/><F27/><W124/><G124/><T128/><D128/><U73/><E36/><V70/><F25/><W86/><G97/><N who="0" m="61487" /><D23/><U31/><E73/><V42/><F42/><W69/><G69/><T99/><D99/><U9/><E43/><V113/><F70/><W58/><G58/><T59/><D59/><U80/><E34/><V24/><F24/><AGARI ba="0,0" hai="20,22,24,28,32,63,64,71,77,83,84" m="61487" machi="24" ten="30,1000,0" yaku="25,1" doraHai="7" who="0" fromWho="2" sc="310,10,410,0,210,-10,70,0" />
</Scene>
<Scene>
<INIT seed="4,0,0,1,3,80" ten="320,410,200,70" oya="0" hai0="107,119,85,6,65,41,82,98,106,12,59,75,89" hai1="131,66,49,84,111,26,15,88,1,14,0,109,38" hai2="79,77,96,114,105,118,47,135,44,34,17,73,124" hai3="31,36,37,8,129,126,121,21,104,74,86,7,23"/><T33/><D119/><U28/><E38/><V35/><F114/><W93/><G74/><T24/><D41/><U132/><E131/><V54/><F118/><W19/><G104/><T134/><D134/><U112/><E132/><V29/><F135/><W122/><G129/><T27/><D75/><U25/><E112/><V68/><F68/><W71/><G71/><T42/><D42/><U70/><E49/><V72/><F17/><W115/><G115/><T16/><D6/><U78/><E78/><V100/><F124/><W117/><G117/><T45/><D45/><U2/><E15/><V48/><F47/><W62/><G126/><T9/><D33/><U99/><E99/><V10/><F10/><W108/><G108/><T94/><D107/><U130/><E14/><V90/><F72/><W92/><G62/><N who="0" m="38111" /><D106/><U43/><E43/><V101/><F101/><AGARI ba="0,0" hai="9,12,16,24,27,82,85,89,94,98,101" m="38111" machi="101" ten="30,5800,0" yaku="8,1,52,1,54,1" doraHai="80" who="0" fromWho="2" sc="320,58,410,0,200,-58,70,0" />
</Scene>
<Scene>
<INIT seed="4,1,0,3,0,94" ten="378,410,142,70" oya="0" hai0="17,124,134,27,102,73,103,116,44,89,122,127,98" hai1="121,110,31,88,49,72,76,111,6,16,0,21,1" hai2="109,57,11,80,129,34,133,18,53,115,108,117,42" hai3="32,86,120,90,113,83,71,118,12,58,101,54,91"/><T69/><D69/><U47/><E121/><V75/><F34/><W74/><G71/><T43/><D122/><U19/><E31/><V7/><F117/><W68/><G68/><T30/><D116/><U15/><E76/><V123/><F123/><W10/><G120/><T62/><D73/><U97/><E72/><V105/><F115/><W112/><G118/><T95/><D62/><U22/><E6/><V3/><F133/><W87/><G32/><T60/><D60/><U64/><E64/><V85/><F75/><W20/><G74/><T99/><D17/><U39/><E39/><V40/><F105/><W114/><G20/><T36/><D134/><U93/><E1/><V46/><F18/><W4/><G101/><T24/><D89/><U61/><E0/><V45/><F129/><W96/><G96/><T51/><D36/><U55/><E61/><V5/><F5/><W125/><G125/><N who="0" m="48203" /><D30/><U28/><E28/><V8/><F109/><W9/><G9/><T41/><D41/><U100/><E100/><V70/><F70/><W59/><REACH who="3" step="1"/><G54/><REACH who="3" ten="378,410,142,60" step="2"/><T81/><D81/><AGARI ba="1,1" hai="4,10,12,58,59,81,83,86,87,90,91,112,113,114" machi="81" ten="40,8000,1" yaku="1,1,2,1,9,1,15,1,53,0" doraHai="94" doraHaiUra="37" who="3" fromWho="0" sc="378,-83,410,0,142,0,60,93" />
</Scene>
<Scene>
<INIT seed="5,0,0,4,4,26" ten="295,410,142,153" oya="1" hai0="83,105,59,34,123,85,56,0,76,54,31,50,109" hai1="84,1,99,120,42,78,104,124,80,23,65,135,86" hai2="41,66,3,11,29,62,134,61,51,121,57,82,55" hai3="74,111,73,17,130,12,40,131,20,128,75,19,33"/><U60/><E120/><V98/><F121/><W69/><G111/><T88/><D109/><U46/><E1/><V53/><F134/><W90/><G33/><T43/><D0/><U91/><E135/><V47/><F82/><W5/><G69/><T39/><D123/><U102/><E124/><V7/><F98/><W132/><G132/><T116/><D105/><U117/><E117/><V25/><REACH who="2" step="1"/><F62/><REACH who="2" ten="295,410,132,153" step="2"/><W108/><G108/><T18/><D116/><U96/><E96/><V36/><F36/><W24/><G40/><T126/><D39/><U44/><E60/><V81/><F81/><W8/><REACH who="3" step="1"/><G90/><REACH who="3" ten="295,410,132,143" step="2"/><T32/><D43/><U27/><E91/><V94/><F94/><W118/><G118/><T10/><D88/><U127/><E42/><V30/><F30/><AGARI ba="0,2" hai="5,8,12,17,19,20,24,30,73,74,75,128,130,131" machi="30" ten="50,6400,0" yaku="1,1,19,1,52,1,53,0" doraHai="26" doraHaiUra="129" who="3" fromWho="2" sc="295,0,410,0,132,-64,143,84" />
</Scene>
<Scene>
<INIT seed="6,0,0,5,3,130" ten="295,410,68,227" oya="2" hai0="82,21,64,132,48,93,97,110,42,58,0,40,41" hai1="1,91,20,39,31,122,50,56,105,79,16,36,51" hai2="24,127,8,100,87,106,4,124,53,98,74,117,14" hai3="19,29,116,126,44,52,47,89,109,15,83,5,57"/><V54/><F117/><W78/><G116/><T94/><D110/><U113/><E1/><V108/><F74/><W12/><G109/><T22/><D0/><U68/><E68/><V95/><F108/><W38/><G126/><T99/><D82/><U25/><E105/><V123/><F123/><W62/><G29/><T133/><D48/><U46/><E122/><V125/><REACH who="2" step="1"/><F24/><REACH who="2" ten="295,410,58,227" step="2"/><W77/><G77/><T28/><D28/><U27/><E25/><V120/><F120/><W10/><G38/><T104/><D104/><U103/><E27/><V118/><F118/><W131/><G131/><T96/><D64/><U32/><E79/><V128/><F128/><W115/><G115/><T43/><D58/><U92/><E56/><V30/><F30/><W67/><G67/><T90/><N who="0" m="10240" /><DORA hai="134" /><T70/><D70/><U86/><E113/><V88/><AGARI ba="0,1" hai="4,8,14,53,54,87,88,95,98,100,106,124,125,127" machi="88" ten="40,24000,3" yaku="1,1,0,1,18,1,52,3,54,1,53,2" doraHai="130,134" doraHaiUra="3,7" who="2" fromWho="2" sc="295,-80,410,-80,58,250,227,-80" />
</Scene>
<Scene>
<INIT seed="6,1,0,5,0,121" ten="215,330,308,147" oya="2" hai0="93,67,86,14,56,89,117,25,66,126,103,82,64" hai1="120,5,83,58,4,20,128,23,51,91,47,62,61" hai2="101,7,27,90,85,116,65,18,26,110,22,105,36" hai3="95,123,118,102,54,98,81,127,42,108,115,28,122"/><V10/><F116/><W84/><G118/><T15/><D117/><U50/><E128/><V11/><F36/><W41/><G127/><T70/><D70/><U33/><E33/><V77/><F77/><W75/><G75/><T38/><D126/><U133/><E133/><V3/><F11/><W69/><G69/><T24/><D38/><U0/><E0/><V88/><F65/><W31/><G115/><T100/><D56/><U8/><E120/><V16/><F110/><W111/><G54/><T43/><D43/><N who="1" m="24959" /><E51/><V113/><F113/><W45/><G123/><T59/><D59/><U32/><E32/><V119/><F119/><W48/><G122/><T2/><D2/><U60/><E58/><V114/><F114/><W12/><G41/><T9/><D15/><N who="1" m="5511" /><E5/><V97/><REACH who="2" step="1"/><F85/><AGARI ba="1,0" hai="20,23,60,61,62,83,85,91" m="5511,24959" machi="85" ten="30,1000,0" yaku="8,1" doraHai="121" who="1" fromWho="2" sc="215,0,330,13,308,-13,147,0" />
</Scene>
<Scene>
<INIT seed="7,0,0,3,2,123" ten="215,343,295,147" oya="3" hai0="18,24,42,73,15,35,12,72,1,117,129,63,39" hai1="22,56,21,119,96,126,54,46,37,115,109,11,120" hai2="81,51,17,47,52,76,65,33,77,7,64,87,48" hai3="9,60,97,8,130,131,118,127,74,98,41,110,101"/><W116/><G74/><T50/><D117/><N who="3" m="45161" /><G41/><T69/><D1/><U82/><E120/><V34/><F7/><W108/><G60/><T86/><D39/><U128/><E96/><N who="3" m="36970" /><G101/><T55/><D73/><U91/><E82/><V29/><F77/><W92/><G92/><T44/><D72/><U32/><E91/><V43/><F17/><W58/><G58/><T99/><D99/><U134/><E56/><V78/><F78/><W102/><G102/><T88/><D129/><N who="3" m="49161" /><G127/><T135/><D135/><U68/><E134/><V3/><F76/><W89/><G89/><T49/><D63/><U0/><E126/><V100/><F100/><W57/><G57/><N who="0" m="33015" /><D69/><U121/><E68/><V67/><F81/><W84/><G84/><T132/><D132/><U38/><E128/><V90/><F87/><W70/><G70/><T26/><D86/><U6/><E119/><V4/><F90/><W27/><G27/><T10/><D88/><U5/><E121/><V106/><F67/><W25/><G25/><T61/><D61/><U66/><E66/><V36/><F65/><W95/><G95/><T104/><D26/><U111/><E37/><V112/><F64/><W13/><G9/><T122/><D122/><U124/><E11/><V30/><F36/><W2/><G2/><T28/><D10/><U14/><E0/><V133/><F133/><W75/><G75/><T83/><D83/><U71/><E38/><V105/><F3/><W62/><G62/><T103/><D103/><U94/><E71/><V20/><F43/><W107/><G107/><T80/><D104/><U16/><E124/><RYUUKYOKU ba="0,0" sc="215,-10,343,-10,295,-10,147,30" hai3="8,13,108,110" />
</Scene>
<Scene>
<INIT seed="7,1,0,3,2,100" ten="205,333,285,177" oya="3" hai0="91,11,3,59,77,87,23,24,9,36,38,53,74" hai1="117,54,31,101,104,72,47,58,76,81,27,95,130" hai2="125,128,123,78,113,92,14,116,82,71,135,28,25" hai3="114,131,73,69,96,79,1,44,108,102,12,93,67"/><W109/><G1/><T94/><D77/><U41/><E104/><V49/><F71/><W45/><G131/><T8/><D74/><U0/><E0/><V110/><F128/><W29/><G114/><T63/><REACH who="0" step="1"/><D3/><REACH who="0" ten="195,333,285,177" step="2"/><U133/><E76/><V121/><F78/><W50/><G29/><AGARI ba="1,1" hai="8,9,11,23,24,29,36,38,53,59,63,87,91,94" machi="29" ten="40,5200,0" yaku="1,1,2,1,53,1" doraHai="100" doraHaiUra="52" who="0" fromWho="3" sc="195,65,333,0,285,0,177,-55" owari="260,-14.0,333,43.0,285,9.0,122,-38.0" />
</Scene>
</mjloggm>