<mjloggm ver="2.3"><GO type="169"/><UN n0="%E3%83%9F%E3%83%A9%E3%82%AF%E3%83%AB%E3%81%8A%E3%81%98%E3%81%95%E3%82%93" n1="%E5%A5%88%E8%90%BD%E3%81%AE%E7%8E%8B" n2="%41%53%41%50%49%4E" n3="%E3%83%9E%E3%82%AF%E3%83%AD%E3%83%99%E3%83%BC%E3%82%BF" dan="17,17,18,16" rate="2115,2197,2236,2071" sx="M,M,M,M"/><TAIKYOKU oya="0"/>

<Scene>
<INIT seed="0,0,0,0,0,35" ten="250,250,250,250" oya="0" hai0="37,59,77,58,65,67,118,47,22,5,88,45,21" hai1="111,101,124,91,108,103,61,115,1,27,11,34,133" hai2="87,52,38,95,53,66,122,97,116,81,24,18,51" hai3="98,128,131,127,89,104,109,93,94,100,102,7,112"/><T60/><D118/><U134/><E124/><V43/><F122/><W25/><G25/><T85/><D77/><U114/><E61/><V76/><F116/><W130/><G7/><T117/><D117/><U29/><E91/><V72/><F38/><W40/><G40/><T78/><D78/><U74/><E74/><V92/><F72/><W71/><G71/><T14/><D37/><U32/><E32/><V56/><F92/><N who="3" m="56591" /><G127/><T6/><D60/><U30/><E30/><V3/><F3/><W68/><G68/><T84/><D14/><U107/><E107/><V90/><F66/><W119/><G119/><T13/><D13/><U28/><E28/><V64/><F64/><W129/><G109/><N who="1" m="42058" /><E103/><N who="3" m="39466" /><G112/><N who="1" m="43050" /><E101/><V123/><F123/><W62/><G62/><T57/><D59/><U73/><E73/><V110/><F110/><W86/><N who="3" m="33280" /><DORA hai="49" /><W75/><G75/><T96/><REACH who="0" step="1"/><D88/><REACH who="0" ten="240,250,250,250" step="2"/><U55/><E1/><V82/><F82/><W31/><G104/><T15/><D15/><U63/><E63/><V83/><F83/><W126/><G126/><T20/><D20/><U79/><E34/><V26/><F56/><W41/><G94/><T33/><D33/><U4/><E79/><V39/><F39/><W23/><G23/><T80/><D80/><U9/><E27/><N who="2" m="10283" /><F18/><W113/><G113/><T48/><D48/><U99/><E99/><AGARI ba="0,1" hai="5,6,21,22,45,47,57,58,65,67,84,85,96,99" machi="99" ten="25,18000,2" yaku="1,1,22,2,8,1,53,2" doraHai="35,49" doraHaiUra="135,54" who="0" fromWho="1" sc="240,190,250,-180,250,0,250,0" />
</Scene>
<Scene>
<INIT seed="0,1,0,4,0,12" ten="430,70,250,250" oya="0" hai0="4,95,44,135,92,33,34,126,6,61,64,67,107" hai1="60,23,47,106,131,27,98,37,86,83,84,132,17" hai2="3,11,5,74,0,31,36,46,113,24,122,16,73" hai3="22,54,115,127,35,81,93,2,15,109,134,70,25"/><T53/><D107/><U78/><E131/><V128/><F113/><W56/><G115/><T108/><D135/><U48/><E132/><V52/><F122/><W125/><G70/><T9/><D126/><N who="3" m="48137" /><G2/><T123/><D123/><U49/><E60/><V120/><F120/><W129/><G129/><T102/><D108/><U114/><E114/><V94/><F0/><W118/><G118/><T100/><D61/><U90/><E37/><V57/><F128/><W117/><G117/><T58/><D58/><U18/><E47/><V55/><F94/><W110/><G81/><T85/><D44/><U76/><E76/><V42/><F31/><N who="3" m="19951" /><G93/><T96/><D85/><U29/><E106/><V101/><F101/><W119/><G119/><T133/><D133/><U63/><E98/><V72/><REACH who="2" step="1"/><F57/><REACH who="2" ten="430,70,240,250" step="2"/><W89/><G134/><T10/><D96/><U111/><E111/><V75/><N who="2" m="18432" /><DORA hai="19" /><V43/><F43/><W88/><G109/><T41/><REACH who="0" step="1"/><D41/><REACH who="0" ten="420,70,240,250" step="2"/><U13/><E83/><V14/><F14/><W79/><G110/><T71/><D71/><U26/><E13/><V69/><F69/><W8/><G15/><T50/><D50/><U51/><E51/><V65/><F65/><W99/><G56/><T91/><D91/><U7/><E90/><V20/><AGARI ba="1,2" hai="3,5,11,16,20,24,36,42,46,52,55" m="18432" machi="20" ten="60,12000,2" yaku="1,1,0,1,52,2,54,2,53,0" doraHai="12,19" doraHaiUra="77,121" who="2" fromWho="2" sc="420,-61,70,-31,240,143,250,-31" />
</Scene>
<Scene>
<INIT seed="1,0,0,2,1,50" ten="359,39,383,219" oya="1" hai0="99,121,64,83,82,96,115,2,110,77,84,81,34" hai1="98,13,95,135,40,41,128,114,131,39,111,21,104" hai2="70,101,46,69,119,71,54,44,86,79,35,106,43" hai3="42,15,74,76,126,12,14,62,48,38,10,113,127"/><U92/><E114/><V80/><F35/><W26/><G113/><T51/><D34/><U33/><E33/><V9/><F119/><W123/><G123/><T37/><D37/><U108/><E104/><V59/><F9/><W45/><G26/><T56/><D115/><U53/><E135/><V124/><F124/><N who="3" m="47659" /><G62/><T122/><D2/><U66/><E66/><V1/><F1/><W8/><G38/><T67/><D110/><N who="1" m="42027" /><E95/><V78/><F43/><N who="1" m="16457" /><E39/><V0/><F0/><W7/><G7/><T32/><D32/><U97/><E97/><V4/><F4/><W100/><G100/><T52/><D99/><U130/><E53/><V63/><F101/><W20/><G20/><T73/><D96/><U90/><E21/><V68/><F106/><W107/><G107/><T125/><D125/><U117/><E13/><V65/><F65/><W49/><G49/><T17/><D67/><U18/><E18/><V6/><F6/><W30/><G30/><T129/><D64/><U75/><E75/><V28/><F28/><W11/><G15/><T88/><D17/><U25/><E25/><V132/><F132/><W89/><G89/><T85/><REACH who="0" step="1"/><D129/><REACH who="0" ten="349,39,383,219" step="2"/><N who="1" m="33027" /><U133/><DORA hai="47" /><E133/><V60/><F70/><W105/><G105/><T16/><D16/><U93/><E93/><V134/><F134/><W91/><G11/><T94/><D94/><U23/><E23/><V29/><F29/><W36/><G10/><T87/><D87/><U22/><E22/><V112/><F112/><W118/><G8/><T103/><D103/><U19/><E19/><V3/><F69/><W120/><G36/><RYUUKYOKU ba="0,1" sc="349,15,39,15,383,-15,219,-15" hai0="51,52,56,73,77,81,82,83,84,85,88,121,122" hai1="90,92,98,117" />
</Scene>
<Scene>
<INIT seed="1,1,1,2,2,3" ten="364,54,368,204" oya="1" hai0="36,110,1,41,52,13,48,10,129,84,25,23,5" hai1="98,109,123,47,124,122,61,38,56,97,64,12,24" hai2="92,9,94,131,132,18,113,63,26,119,135,71,111" hai3="42,20,90,82,96,112,77,89,31,117,114,2,128"/><U65/><E65/><N who="2" m="41407" /><F119/><W78/><G117/><T30/><D110/><U40/><E109/><V116/><F116/><W27/><G42/><T35/><D129/><U102/><E124/><V6/><F111/><W39/><G39/><T59/><D84/><U99/><E102/><V62/><F131/><W15/><G128/><T85/><D85/><U22/><REACH who="1" step="1"/><E12/><REACH who="1" ten="364,44,368,204" step="2"/><N who="2" m="5175" /><F113/><W11/><G112/><T127/><D127/><U57/><E57/><V74/><F135/><W16/><G2/><T100/><D100/><U66/><E66/><V17/><F132/><W54/><G114/><T32/><REACH who="0" step="1"/><D1/><REACH who="0" ten="354,44,368,204" step="2"/><U37/><E37/><V73/><F73/><W55/><G96/><T108/><D108/><U101/><E101/><V28/><F74/><W106/><G106/><T21/><D21/><U45/><E45/><AGARI ba="1,3" hai="5,10,13,23,25,30,32,35,36,41,45,48,52,59" machi="45" ten="40,5200,0" yaku="1,1,52,1,54,1,53,0" doraHai="3" doraHaiUra="88" who="0" fromWho="1" sc="354,85,44,-55,368,0,204,0" owari="439,54.0,-11,-51.0,368,17.0,204,-20.0" />
</Scene>
</mjloggm>