<mjloggm ver="2.3"><GO type="169" lobby="0"/><UN n0="%E3%83%99%E3%82%BF%E3%82%AA%E3%83%AA%E3%83%BC%E3%83%81%EF%BC%81" n1="%E3%82%A4%E3%83%AC%E3%82%AE%E3%83%A5%E3%83%A9%E3%83%BC" n2="%2D%72%6F%6E%2D" n3="%41%53%41%50%49%4E" dan="16,16,16,19" rate="2104.62,2028.96,2117.76,2279.50" sx="M,M,M,M"/><TAIKYOKU oya="0"/>

<Scene>
<INIT seed="0,0,0,1,5,8" ten="250,250,250,250" oya="0" hai0="5,60,96,100,50,44,78,105,16,68,92,54,117" hai1="113,17,72,18,31,102,115,86,62,42,75,110,11" hai2="121,10,53,32,13,67,133,36,40,69,25,134,135" hai3="80,125,94,65,129,87,64,38,120,45,98,12,89"/><T71/><D117/><U47/><E102/><V61/><F121/><W57/><G120/><T70/><D5/><U118/><E118/><V52/><F32/><W56/><G129/><T3/><D3/><U127/><E127/><V48/><F25/><W59/><G125/><T124/><D124/><U88/><E110/><V35/><F35/><W33/><G33/><T93/><D78/><U49/><E62/><V101/><F101/><W55/><G38/><T103/><D103/><U30/><E30/><V74/><F74/><W14/><G45/><T4/><D4/><U15/><E31/><V77/><F36/><W107/><G55/><T76/><D76/><U39/><E39/><V73/><F40/><W97/><G107/><T90/><D60/><U131/><E18/><N who="2" m="8503" /><F48/><W58/><G98/><T23/><REACH who="0" step="1"/><D90/><REACH who="0" ten="240,250,250,250" step="2"/><U82/><REACH who="1" step="1"/><E131/><REACH who="1" ten="240,240,250,250" step="2"/><V112/><F112/><AGARI ba="0,2" hai="11,15,17,42,47,49,72,75,82,86,88,112,113,115" machi="112" ten="40,8000,1" yaku="1,1,2,1,11,1,52,1,54,1,53,0" doraHai="8" doraHaiUra="132" who="1" fromWho="2" sc="240,0,240,100,250,-80,250,0" />
</Scene>
<Scene>
<INIT seed="1,0,0,1,2,28" ten="240,340,170,250" oya="1" hai0="106,66,19,116,110,43,108,89,6,122,64,7,107" hai1="25,42,119,36,27,94,48,59,34,82,79,33,23" hai2="55,11,121,56,54,37,111,85,113,120,75,53,65" hai3="5,135,96,78,131,71,128,80,91,30,40,62,126"/><U15/><E119/><V90/><F75/><W105/><G135/><T95/><D116/><U12/><E36/><V26/><F37/><W97/><G126/><T67/><D43/><U3/><E3/><V32/><F111/><N who="0" m="42538" /><D19/><U86/><E94/><V118/><F118/><W49/><G5/><N who="0" m="1547" /><D122/><U41/><E41/><V93/><F113/><W133/><G133/><T103/><D103/><U102/><E102/><V98/><F11/><W88/><G105/><N who="0" m="39947" /><D95/><U31/><E42/><V47/><F47/><W125/><G40/><T17/><D17/><U84/><E84/><V77/><F77/><W10/><G78/><T109/><D109/><U87/><E87/><V45/><F45/><W123/><G123/><T112/><D112/><U104/><E104/><V63/><REACH who="2" step="1"/><F85/><REACH who="2" ten="240,340,160,250" step="2"/><W101/><G10/><T20/><D20/><U18/><REACH who="1" step="1"/><E33/><REACH who="1" ten="240,330,160,250" step="2"/><V8/><F8/><W46/><G101/><T16/><D89/><U61/><E61/><V29/><AGARI ba="0,2" hai="26,29,32,53,54,55,56,63,65,90,93,98,120,121" machi="29" ten="30,4000,0" yaku="1,1,0,1,52,1,53,0" doraHai="28" doraHaiUra="73" who="2" fromWho="2" sc="240,-10,330,-20,160,60,250,-10" />
</Scene>
<Scene>
<INIT seed="2,0,0,2,3,5" ten="230,310,220,240" oya="2" hai0="132,67,111,74,38,83,125,45,0,39,101,108,65" hai1="105,130,59,93,27,42,37,79,4,26,43,107,135" hai2="36,29,40,100,116,73,127,69,98,54,24,28,51" hai3="11,60,58,124,47,115,118,46,64,76,78,66,123"/><V104/><F116/><W120/><G118/><T85/><D74/><U35/><E4/><V1/><F73/><W44/><G124/><T82/><D125/><U72/><E93/><V94/><F127/><W90/><G90/><T75/><D0/><U16/><E72/><V6/><F69/><W49/><G78/><T55/><D101/><U53/><E59/><V71/><F71/><W133/><G76/><N who="0" m="44319" /><D132/><U117/><E79/><V128/><F40/><W9/><G133/><T110/><D110/><U106/><E106/><V112/><F36/><W13/><G115/><T95/><D95/><U14/><E14/><V109/><F112/><W102/><G102/><T113/><D55/><U62/><E53/><V3/><F109/><N who="0" m="42058" /><D45/><U68/><E105/><V31/><F104/><W18/><G64/><N who="0" m="24651" /><D113/><U103/><E103/><V57/><F128/><W20/><REACH who="3" step="1"/><G49/><REACH who="3" ten="230,310,220,230" step="2"/><T92/><D83/><U48/><E117/><V63/><F51/><W21/><G21/><T126/><D126/><U52/><E48/><V84/><F84/><W81/><G81/><T17/><D85/><U10/><E135/><V99/><F99/><W96/><G96/><T50/><D50/><U121/><E37/><V2/><REACH who="2" step="1"/><F6/><REACH who="2" ten="230,310,210,230" step="2"/><W88/><G88/><T19/><D92/><U33/><E107/><V34/><AGARI ba="0,2" hai="1,2,3,24,28,29,31,34,54,57,63,94,98,100" machi="34" ten="30,18000,2" yaku="1,1,2,1,0,1,53,3" doraHai="5" doraHaiUra="32" who="2" fromWho="2" sc="230,-60,310,-60,210,200,230,-60" />
</Scene>
<Scene>
<INIT seed="2,1,0,5,5,38" ten="170,250,410,170" oya="2" hai0="29,52,80,22,87,98,108,83,71,59,115,2,76" hai1="130,110,53,84,135,96,67,5,50,112,0,13,117" hai2="16,24,122,26,129,78,4,128,74,8,36,134,51" hai3="58,93,39,111,107,90,109,102,68,69,91,23,70"/><V132/><F36/><W113/><G113/><T101/><D115/><U103/><E112/><V99/><F99/><N who="3" m="59759" /><G107/><T28/><D71/><U81/><E117/><V54/><F78/><W46/><G58/><T106/><D2/><U18/><E110/><N who="3" m="41994" /><G23/><T82/><D108/><U47/><E135/><N who="2" m="51755" /><F74/><W42/><AGARI ba="1,0" hai="39,42,46,68,69,70,90,91" m="41994,59759" machi="42" ten="40,2700,0" yaku="14,1,52,1" doraHai="38" who="3" fromWho="3" sc="170,-8,250,-8,410,-14,170,30" />
</Scene>
<Scene>
<INIT seed="3,0,0,4,0,69" ten="162,242,396,200" oya="3" hai0="88,94,80,34,25,116,49,8,90,19,101,82,122" hai1="135,6,22,10,16,45,97,37,81,79,0,120,121" hai2="46,51,96,17,28,125,11,106,20,30,3,128,108" hai3="95,91,38,64,29,84,5,112,1,4,12,71,21"/><W103/><G112/><T78/><D116/><U85/><E135/><V43/><F108/><W13/><G1/><T132/><D132/><U110/><E110/><V76/><F128/><W27/><G38/><T56/><D122/><U93/><E45/><V9/><F125/><W107/><G107/><T59/><D34/><U115/><E115/><V55/><F76/><W77/><G103/><T130/><D130/><U124/><E37/><V100/><F11/><W62/><REACH who="3" step="1"/><G77/><REACH who="3" ten="162,242,396,190" step="2"/><T113/><D78/><U7/><E124/><V119/><F3/><W54/><G54/><T117/><D113/><U118/><E118/><V92/><F119/><W87/><G87/><T126/><D117/><U70/><E0/><V32/><F106/><W61/><G61/><T66/><D126/><U44/><E85/><V104/><F104/><W57/><G57/><T109/><D59/><U133/><E120/><V75/><F55/><W105/><G105/><T127/><D127/><U99/><E121/><V18/><F100/><W74/><G74/><T73/><D73/><U65/><E133/><V41/><F75/><W53/><G53/><N who="0" m="31791" /><D109/><U33/><E70/><V86/><F43/><W134/><G134/><T47/><D101/><U83/><E79/><V114/><F41/><W89/><G89/><T60/><D90/><U48/><E65/><V15/><F114/><W52/><G52/><T50/><D66/><U58/><E58/><V102/><F102/><W40/><G40/><N who="0" m="24935" /><D60/><U2/><E2/><V23/><F86/><W24/><G24/><T98/><D25/><U67/><E67/><V111/><F111/><RYUUKYOKU ba="0,1" sc="162,15,242,-15,396,-15,190,15" hai0="8,19,80,82,88,94,98" hai3="4,5,12,13,21,27,29,62,64,71,84,91,95" />
</Scene>
<Scene>
<INIT seed="3,1,1,0,2,106" ten="177,227,381,205" oya="3" hai0="102,26,128,109,85,0,113,117,101,14,90,133,135" hai1="69,130,119,25,19,47,41,11,61,74,67,44,51" hai2="126,43,35,110,7,80,38,87,3,124,56,118,104" hai3="91,129,28,70,127,97,63,62,98,81,73,60,27"/><W123/><G123/><T83/><D117/><U116/><E130/><V89/><F118/><N who="1" m="45097" /><E74/><V77/><F110/><W111/><G129/><T10/><D128/><U93/><E93/><V88/><F35/><W13/><G127/><N who="2" m="48681" /><F104/><W22/><G70/><T75/><D109/><U42/><E25/><V40/><F56/><W57/><G111/><T131/><D131/><U92/><E92/><V121/><F121/><W12/><G57/><T52/><D0/><U72/><E72/><V16/><F16/><W20/><G73/><T103/><D113/><U107/><E107/><V120/><F120/><W100/><G100/><T59/><D26/><U122/><E122/><V66/><F66/><W23/><G28/><T32/><D32/><U132/><E19/><V18/><F18/><W24/><G24/><T29/><D29/><U65/><E11/><N who="2" m="2559" /><F38/><W2/><G2/><T34/><D34/><U125/><E125/><V96/><F96/><N who="3" m="36971" /><G27/><T5/><REACH who="0" step="1"/><D75/><REACH who="0" ten="167,227,381,205" step="2"/><U6/><E69/><V21/><F21/><W50/><G20/><T108/><D108/><U71/><E71/><V15/><F15/><W55/><G22/><T46/><D46/><U78/><E47/><V39/><F39/><W53/><G23/><T76/><D76/><U1/><E44/><V17/><F77/><W114/><G13/><T54/><D54/><U31/><E1/><V30/><F30/><W134/><G12/><T58/><D58/><U68/><E68/><V8/><F43/><W48/><G55/><T105/><D105/><U36/><E41/><V94/><F40/><W86/><G53/><T115/><D115/><RYUUKYOKU ba="1,2" sc="167,30,227,-10,381,-10,205,-10" hai0="5,10,14,52,59,83,85,90,101,102,103,133,135" />
</Scene>
<Scene>
<INIT seed="4,2,2,5,3,90" ten="197,217,371,195" oya="0" hai0="131,99,108,105,73,10,52,111,62,58,92,78,23" hai1="18,115,126,98,56,122,120,130,79,22,57,24,101" hai2="128,68,65,104,38,82,83,127,67,85,70,49,123" hai3="7,46,51,28,106,114,60,86,34,20,8,6,75"/><T129/><D105/><U17/><E130/><N who="0" m="49673" /><D10/><U2/><E2/><V55/><F104/><W40/><G75/><T11/><D11/><U107/><E126/><V53/><F38/><W93/><G34/><T26/><D78/><U41/><E41/><V21/><F127/><W44/><G106/><T76/><D76/><U31/><E79/><V103/><F123/><W113/><G28/><N who="0" m="17503" /><D73/><U3/><E3/><V39/><F39/><W110/><G110/><T50/><D62/><U47/><E120/><V96/><F21/><W14/><G20/><T95/><D95/><U27/><E122/><V45/><F128/><W102/><G60/><T109/><D109/><U61/><E61/><V125/><F125/><W37/><G6/><T43/><D43/><U12/><E22/><V124/><F124/><W94/><G102/><AGARI ba="2,2" hai="50,52,58,92,99,102,108,111" m="17503,49673" machi="102" ten="30,5800,0" yaku="19,1,52,1,54,1" doraHai="90" who="0" fromWho="3" sc="197,84,217,0,371,0,195,-64" />
</Scene>
<Scene>
<INIT seed="4,3,0,0,2,11" ten="281,217,371,131" oya="0" hai0="16,15,33,9,70,124,122,92,39,60,126,36,31" hai1="64,106,88,42,47,6,134,102,100,90,63,5,57" hai2="29,75,43,0,101,21,30,120,51,94,32,48,14" hai3="40,22,61,38,74,45,20,133,2,65,125,127,71"/><T91/><D122/><U129/><E129/><V96/><F75/><W52/><G74/><T118/><D118/><U49/><E134/><V3/><F120/><W117/><G117/><T77/><D77/><U12/><E106/><V109/><F109/><W131/><G2/><T24/><D60/><U76/><E76/><V28/><F32/><W79/><G79/><T7/><D70/><U83/><E6/><V80/><F80/><W55/><G131/><T4/><D36/><U104/><E104/><V10/><F3/><W116/><G116/><T34/><D39/><U69/><E69/><V72/><F0/><W86/><G86/><T50/><D50/><N who="2" m="18986" /><F72/><W84/><G84/><N who="0" m="52327" /><D34/><U114/><E114/><V8/><F43/><W53/><REACH who="3" step="1"/><G133/><REACH who="3" ten="281,217,371,121" step="2"/><T112/><D112/><U113/><E113/><V17/><AGARI ba="3,1" hai="8,10,14,17,21,28,29,30,94,96,101" m="18986" machi="17" ten="30,2000,0" yaku="8,1,52,1" doraHai="11" who="2" fromWho="2" sc="281,-13,217,-8,371,39,121,-8" />
</Scene>
<Scene>
<INIT seed="5,0,0,5,3,15" ten="268,209,410,113" oya="1" hai0="96,56,62,72,126,123,71,35,124,52,19,74,51" hai1="118,57,82,31,53,64,119,92,109,106,13,101,107" hai2="33,38,70,30,85,11,5,108,65,27,14,129,88" hai3="46,79,128,9,76,97,99,73,127,41,78,95,89"/><U16/><E64/><V69/><F108/><W29/><G128/><T111/><D111/><U110/><E31/><V32/><F129/><W86/><G127/><N who="0" m="48683" /><D35/><U113/><E113/><V17/><F38/><W18/><G73/><T54/><D71/><U8/><E109/><V63/><F32/><W80/><G29/><T3/><D3/><U59/><E110/><V34/><F34/><W6/><G97/><T2/><D2/><U66/><E82/><V105/><F105/><W117/><G117/><T12/><D96/><U1/><E1/><V122/><F122/><W22/><G9/><N who="0" m="6543" /><D123/><U102/><E106/><V121/><F121/><W93/><G6/><T114/><D114/><U67/><E107/><V68/><F5/><W42/><G93/><AGARI ba="0,0" hai="11,14,17,27,30,33,63,65,68,69,70,85,88,93" machi="93" ten="30,3900,0" yaku="7,1,52,1,54,1" doraHai="15" who="2" fromWho="3" sc="268,0,209,0,410,39,113,-39" />
</Scene>
<Scene>
<INIT seed="6,0,0,1,3,120" ten="268,209,449,74" oya="2" hai0="109,70,93,131,0,134,77,60,35,34,126,106,1" hai1="36,135,100,8,66,24,79,117,23,73,85,132,29" hai2="39,90,12,128,43,74,105,56,69,86,108,3,19" hai3="6,101,33,125,58,4,64,15,91,80,57,37,21"/><V30/><F69/><W127/><G33/><N who="0" m="12299" /><D93/><U81/><E36/><V110/><F74/><W31/><G37/><T123/><D123/><U52/><E117/><V32/><F3/><W46/><G46/><T98/><D134/><N who="1" m="51243" /><E66/><V44/><F105/><W95/><G101/><N who="0" m="62775" /><D126/><U113/><E113/><V129/><F56/><W25/><G80/><T26/><D26/><U48/><E8/><N who="2" m="6535" /><F30/><W103/><G15/><T97/><D97/><U55/><E100/><V112/><F32/><W47/><G47/><T14/><D14/><U84/><E55/><V78/><F78/><W71/><G71/><T10/><D77/><U9/><E9/><V50/><F39/><W63/><G58/><AGARI ba="0,0" hai="23,24,29,48,52,58,73,79,81,84,85" m="51243" machi="58" ten="30,2000,0" yaku="20,1,54,1" doraHai="120" who="1" fromWho="3" sc="268,0,209,20,449,0,74,-20" />
</Scene>
<Scene>
<INIT seed="7,0,0,3,0,0" ten="268,229,449,54" oya="3" hai0="104,115,133,56,76,132,54,106,74,118,84,37,62" hai1="85,7,90,48,127,18,65,2,34,91,70,24,58" hai2="129,60,94,68,36,41,82,119,80,135,29,20,27" hai3="72,89,55,16,31,93,100,81,120,95,86,14,11"/><W88/><G120/><T47/><D118/><U1/><E127/><V110/><F110/><W21/><G72/><T52/><D115/><U67/><E70/><V123/><F135/><N who="0" m="51786" /><D74/><U4/><E1/><V26/><F123/><W22/><G31/><T49/><D37/><U53/><E2/><V125/><F119/><W69/><G69/><T6/><D6/><N who="1" m="2091" /><E34/><V15/><F68/><W51/><G100/><T109/><D109/><U92/><E90/><V59/><F125/><W113/><G113/><T28/><D28/><U39/><E39/><V5/><F36/><W19/><G89/><T63/><D63/><U33/><E33/><V117/><F60/><W79/><G79/><T43/><D43/><U23/><AGARI ba="0,0" hai="18,23,24,48,53,58,65,67,85,91,92" m="2091" machi="23" ten="30,7900,0" yaku="8,1,52,3" doraHai="0" who="1" fromWho="1" sc="268,-20,229,79,449,-20,54,-39" owari="248,-15.0,308,11.0,429,52.0,15,-48.0" />
</Scene>
</mjloggm>