<mjloggm ver="2.3"><GO type="169"/><UN n0="%48%41%52%45%4D" n1="%41%6B%61%2D%75%72%61" n2="%41%53%41%50%49%4E" n3="%E3%83%AA%E3%82%B3%E3%81%B4%E3%82%87%E3%82%93%E2%99%AA" dan="16,16,18,16" rate="2092,2078,2226,2035" sx="M,M,M,F"/><TAIKYOKU oya="0"/>

<Scene>
<INIT seed="0,0,0,3,4,10" ten="250,250,250,250" oya="0" hai0="123,27,2,133,68,19,17,80,82,70,101,129,9" hai1="4,51,67,44,54,93,99,81,35,84,92,40,131" hai2="121,124,0,75,33,120,109,78,94,119,16,50,21" hai3="95,13,79,25,65,90,114,43,118,104,66,105,39"/><T103/><D123/><U116/><E116/><V56/><F0/><W23/><G114/><T62/><D133/><U69/><E131/><V111/><F33/><W1/><G1/><T76/><D129/><U55/><E35/><V96/><F119/><W107/><G79/><T97/><D2/><U60/><E4/><V110/><F124/><W102/><G102/><T14/><D103/><U77/><REACH who="1" step="1"/><E92/><REACH who="1" ten="250,240,250,250" step="2"/><V128/><F128/><W64/><G95/><T63/><D82/><U115/><E115/><V34/><F34/><W6/><G6/><T73/><D70/><U49/><E49/><V5/><F5/><W127/><G118/><T41/><D68/><U57/><E57/><V108/><F50/><W15/><G127/><T89/><D63/><U88/><AGARI ba="0,1" hai="40,44,51,54,55,60,67,69,77,81,84,88,93,99" machi="88" ten="20,8000,1" yaku="1,1,0,1,7,1,54,1,53,1" doraHai="10" doraHaiUra="61" who="1" fromWho="1" sc="250,-40,240,90,250,-20,250,-20" />
</Scene>
<Scene>
<INIT seed="1,0,0,2,1,92" ten="210,330,230,230" oya="1" hai0="14,13,16,112,56,85,27,130,117,55,134,64,47" hai1="52,12,31,6,24,100,34,11,81,17,63,70,91" hai2="9,48,95,122,15,35,72,116,105,54,49,32,78" hai3="39,132,80,41,75,83,7,84,77,25,58,103,36"/><U30/><E30/><V1/><F122/><W128/><G128/><T99/><D117/><U18/><E100/><V90/><F105/><W124/><G124/><T68/><D112/><U119/><E119/><V97/><F116/><W46/><G7/><T61/><D130/><U110/><E110/><V120/><F1/><W8/><G8/><T79/><D134/><U89/><E70/><V53/><F120/><W127/><G127/><T96/><D27/><U107/><E107/><V26/><F26/><W62/><G25/><T50/><D13/><U28/><E28/><V5/><F78/><W20/><G20/><N who="0" m="11287" /><D68/><U88/><REACH who="1" step="1"/><E81/><AGARI ba="0,0" hai="47,50,55,56,61,64,79,81,85,96,99" m="11287" machi="81" ten="30,7700,0" yaku="8,1,52,2,54,1" doraHai="92" who="0" fromWho="1" sc="210,77,330,-77,230,0,230,0" />
</Scene>
<Scene>
<INIT seed="2,0,0,5,3,70" ten="287,253,230,230" oya="2" hai0="108,65,20,13,99,57,8,79,10,22,73,55,40" hai1="9,16,126,35,39,44,2,116,28,64,93,19,49" hai2="114,6,118,109,63,61,83,110,104,43,128,103,30" hai3="87,117,29,107,89,86,42,14,33,62,24,120,53"/><V92/><F114/><W51/><G117/><T69/><D108/><N who="2" m="41578" /><F104/><W12/><G120/><T113/><D113/><U100/><E116/><V50/><F118/><W94/><G107/><T101/><D79/><U1/><E64/><V27/><F128/><W134/><G134/><T4/><D73/><U96/><E126/><V133/><F133/><W15/><G42/><T31/><D40/><U5/><E2/><V124/><F124/><W58/><REACH who="3" step="1"/><G62/><REACH who="3" ten="287,253,230,220" step="2"/><T105/><D105/><U11/><E11/><V84/><F63/><W41/><G41/><T0/><D10/><U72/><E72/><V67/><F43/><W66/><G66/><T81/><D65/><U112/><E112/><V98/><F50/><W125/><G125/><T88/><D8/><U74/><E74/><V34/><F61/><W121/><G121/><T80/><D69/><U21/><E49/><V82/><F67/><W97/><AGARI ba="0,1" hai="12,14,15,24,29,33,51,53,58,86,87,89,94,97" machi="97" ten="30,2000,0" yaku="1,1,0,1,53,0" doraHai="70" doraHaiUra="60" who="3" fromWho="3" sc="287,-5,253,-5,230,-10,220,30" />
</Scene>
<Scene>
<INIT seed="3,0,0,5,1,80" ten="282,248,220,250" oya="3" hai0="68,21,114,103,66,52,10,48,49,124,70,74,93" hai1="128,81,79,78,126,7,28,62,107,90,8,35,112" hai2="29,43,17,113,41,111,117,77,47,2,119,130,22" hai3="87,60,88,31,118,122,76,24,51,57,125,1,23"/><W72/><G118/><T58/><D74/><U71/><E112/><V96/><F113/><W32/><G122/><T108/><D114/><U3/><E107/><V33/><F2/><W132/><G1/><T15/><D124/><U105/><E105/><V59/><F130/><W134/><G125/><T27/><D108/><U38/><E126/><V65/><F111/><W115/><G115/><T13/><D66/><U63/><E38/><V37/><F43/><W69/><G69/><T95/><D49/><U120/><E120/><V131/><F131/><W9/><G9/><T83/><D15/><U92/><E128/><V4/><F4/><W73/><G51/><T89/><D103/><U91/><E91/><V135/><F135/><N who="3" m="51755" /><G76/><T101/><D101/><U67/><E63/><V84/><F96/><W42/><G42/><T36/><D36/><U40/><E40/><V116/><F29/><W106/><G106/><T6/><D83/><U12/><E3/><V86/><F33/><W50/><G50/><T53/><D95/><U99/><E28/><V85/><F77/><W5/><G5/><T133/><D53/><U34/><REACH who="1" step="1"/><E79/><REACH who="1" ten="282,238,220,250" step="2"/><V55/><F117/><W26/><G32/><T109/><D133/><U11/><E11/><V64/><F119/><W54/><G26/><T129/><D129/><U104/><E104/><V0/><F116/><W30/><G31/><N who="0" m="17903" /><D109/><U110/><E110/><V14/><REACH who="2" step="1"/><F0/><REACH who="2" ten="282,238,210,250" step="2"/><W127/><G127/><T18/><D6/><U39/><E39/><V25/><F25/><W45/><G24/><T97/><D13/><U56/><E56/><V82/><F82/><RYUUKYOKU ba="0,2" sc="282,10,238,10,210,10,250,-30" hai0="10,18,48,52,58,68,70,89,93,97" hai1="7,8,12,34,35,62,67,71,78,81,90,92,99" hai2="14,17,22,37,41,47,55,59,64,65,84,85,86" />
</Scene>
<Scene>
<INIT seed="4,1,2,3,3,27" ten="292,248,220,220" oya="0" hai0="78,109,11,119,135,28,99,12,9,86,127,134,20" hai1="96,69,89,55,30,52,105,76,80,107,19,66,90" hai2="95,17,32,61,126,22,116,18,120,25,58,47,94" hai3="113,64,23,79,93,0,123,112,7,1,38,124,98"/><T42/><D119/><U13/><E69/><V106/><F120/><W133/><G123/><T84/><D42/><U125/><E66/><V5/><F106/><W34/><G34/><T33/><D127/><U118/><E125/><V4/><F32/><W3/><G124/><T43/><D43/><U10/><E118/><V102/><F126/><W8/><G38/><T70/><D70/><U108/><E108/><V71/><F71/><W53/><G133/><N who="0" m="50699" /><D99/><U101/><E105/><V82/><F116/><W115/><G64/><T92/><D109/><U49/><E55/><N who="2" m="34015" /><F47/><W21/><G53/><T62/><D62/><U54/><E54/><V128/><F128/><W68/><G68/><T67/><D67/><U57/><REACH who="1" step="1"/><E30/><REACH who="1" ten="292,238,220,220" step="2"/><V35/><F35/><W41/><G41/><T26/><D33/><U85/><AGARI ba="1,3" hai="10,13,19,49,52,57,76,80,85,89,90,96,101,107" machi="85" ten="20,8000,1" yaku="1,1,2,1,0,1,7,1,54,1,53,0" doraHai="27" doraHaiUra="36" who="1" fromWho="1" sc="292,-41,238,113,220,-21,220,-21" />
</Scene>
<Scene>
<INIT seed="5,0,0,2,1,64" ten="251,351,199,199" oya="1" hai0="31,94,88,70,104,51,3,52,65,80,78,77,24" hai1="19,34,101,23,36,63,76,115,47,106,75,37,92" hai2="128,96,60,8,108,93,59,40,18,98,57,50,72" hai3="124,116,58,132,7,25,49,102,44,130,110,53,32"/><U83/><E34/><V9/><F108/><W103/><G110/><T123/><D3/><U43/><E115/><V85/><F72/><W20/><G130/><T131/><D104/><U107/><E37/><V22/><F128/><W87/><G124/><T125/><D131/><U5/><E5/><V2/><F2/><W74/><G74/><T113/><D125/><U121/><E121/><V26/><F85/><W6/><G32/><T109/><D109/><U29/><E29/><V117/><F117/><W105/><G116/><T1/><D1/><U56/><E101/><N who="3" m="38410" /><G105/><T95/><D113/><U112/><E92/><V111/><F111/><W126/><G126/><T14/><D123/><U55/><REACH who="1" step="1"/><E112/><REACH who="1" ten="251,341,199,199" step="2"/><V99/><F93/><W129/><G7/><T91/><D95/><U0/><E0/><V62/><F98/><W45/><G6/><T4/><D94/><U71/><E71/><V81/><F99/><W97/><G97/><T46/><D4/><U79/><E79/><V42/><F96/><W15/><G129/><T68/><D78/><U134/><E134/><V89/><F89/><W122/><G132/><T67/><D77/><U48/><E48/><V127/><F127/><W118/><G49/><T12/><D80/><U135/><E135/><V33/><F81/><W90/><G118/><T30/><D30/><U38/><E38/><V16/><F33/><W61/><G122/><T133/><D133/><U86/><E86/><V28/><F50/><W39/><G39/><T35/><D91/><U114/><E114/><V73/><F28/><W54/><G90/><T119/><D88/><RYUUKYOKU ba="0,1" sc="251,-10,341,30,199,-10,199,-10" hai1="19,23,36,43,47,55,56,63,75,76,83,106,107" />
</Scene>
<Scene>
<INIT seed="5,1,1,5,1,53" ten="241,371,189,189" oya="1" hai0="35,2,45,95,27,12,39,19,79,102,89,123,62" hai1="73,125,76,75,5,107,131,104,55,18,72,113,51" hai2="30,28,26,52,78,69,20,81,44,118,1,23,22" hai3="96,64,83,48,47,109,9,112,126,120,92,111,108"/><U58/><E113/><V4/><F118/><W82/><G120/><T41/><D2/><U65/><E76/><V34/><F69/><W38/><G38/><T67/><D123/><U97/><E125/><V31/><F4/><W66/><G112/><T116/><D116/><U16/><E5/><V117/><F1/><W6/><G126/><T124/><D102/><U25/><E131/><V98/><F98/><W128/><G128/><T121/><D121/><U49/><E65/><V74/><REACH who="2" step="1"/><F117/><REACH who="2" ten="241,371,179,189" step="2"/><W85/><G96/><T103/><D124/><U71/><E71/><V94/><F94/><W13/><G92/><T36/><D95/><U77/><E104/><V7/><F7/><W122/><G122/><T127/><D127/><U32/><E97/><V17/><F17/><W68/><G68/><T100/><D19/><U106/><E106/><V59/><F59/><W80/><REACH who="3" step="1"/><G85/><REACH who="3" ten="241,371,179,179" step="2"/><T134/><D103/><U61/><E107/><V110/><F110/><W11/><G11/><T87/><D87/><U84/><E84/><V93/><F93/><W105/><G105/><T15/><D100/><U135/><E72/><V50/><AGARI ba="1,3" hai="20,22,23,26,28,30,31,34,44,50,52,74,78,81" machi="50" ten="30,4000,0" yaku="1,1,0,1,54,1,53,0" doraHai="53" doraHaiUra="91" who="2" fromWho="2" sc="241,-11,371,-21,179,73,179,-11" />
</Scene>
<Scene>
<INIT seed="6,0,0,1,3,85" ten="230,350,252,168" oya="2" hai0="58,78,86,72,123,66,77,8,36,108,55,35,94" hai1="14,76,106,88,75,6,125,64,59,26,71,91,43" hai2="134,102,42,44,69,52,100,30,62,40,95,61,24" hai3="129,1,3,68,53,93,111,109,133,98,97,113,84"/><V79/><F134/><W13/><G133/><T27/><D36/><U63/><E106/><V131/><F131/><W4/><G129/><T82/><D123/><U119/><E119/><V41/><F79/><W135/><G135/><T110/><D66/><U99/><E43/><V115/><F115/><W34/><G34/><T50/><D8/><U23/><E71/><V33/><F69/><W126/><G68/><T39/><D39/><U46/><E46/><V70/><F70/><W103/><G113/><T83/><D35/><U10/><E99/><V57/><F62/><W118/><G118/><T87/><D27/><U80/><E125/><V89/><REACH who="2" step="1"/><F44/><REACH who="2" ten="230,350,242,168" step="2"/><W127/><G127/><T122/><D122/><U45/><E45/><V51/><F51/><W96/><G126/><T15/><D15/><U74/><E75/><V107/><F107/><W73/><G73/><T92/><REACH who="0" step="1"/><D72/><REACH who="0" ten="220,350,242,168" step="2"/><U105/><E105/><V20/><F20/><W32/><G13/><T90/><D90/><U47/><REACH who="1" step="1"/><E47/><REACH who="1" ten="220,340,242,168" step="2"/><V31/><F31/><AGARI ba="0,3" hai="6,10,14,23,26,31,59,63,64,74,76,80,88,91" machi="31" ten="30,12000,2" yaku="1,1,2,1,7,1,52,2,54,1,53,0" doraHai="85" doraHaiUra="116" who="1" fromWho="2" sc="220,0,340,150,242,-120,168,0" />
</Scene>
<Scene>
<INIT seed="7,0,0,5,1,128" ten="220,490,122,168" oya="3" hai0="127,101,6,60,21,85,33,14,122,40,81,4,123" hai1="31,79,120,34,56,49,116,119,73,96,111,57,16" hai2="83,94,18,84,8,97,17,134,75,114,2,35,13" hai3="99,39,89,51,23,133,26,124,28,93,1,37,130"/><W66/><G130/><T76/><D33/><U22/><E111/><V106/><F35/><W50/><G1/><T67/><D40/><U135/><E135/><V117/><F117/><N who="1" m="45129" /><E31/><V5/><F114/><W53/><G133/><T46/><D46/><U71/><E71/><V100/><F134/><W38/><G66/><T29/><D101/><U54/><E34/><V19/><F2/><W104/><G104/><T9/><D127/><U92/><E120/><V69/><F69/><W70/><G70/><T72/><D6/><U12/><E79/><V74/><F74/><W95/><G124/><T107/><D107/><U32/><E32/><V45/><F75/><W91/><REACH who="3" step="1"/><G53/><REACH who="3" ten="220,490,122,158" step="2"/><T102/><D123/><U63/><E54/><V36/><F106/><W58/><G58/><T105/><D122/><U90/><E57/><V131/><F131/><W121/><G121/><T62/><D67/><U47/><E56/><V24/><F36/><W113/><G113/><T87/><D105/><U68/><E68/><V64/><F64/><W78/><G78/><T61/><D76/><U10/><E63/><V3/><F3/><W88/><G88/><T80/><D62/><U0/><E0/><V65/><F65/><W77/><G77/><N who="0" m="44071" /><D102/><U132/><E73/><V48/><F45/><W125/><G125/><T109/><D61/><U41/><E132/><V25/><REACH who="2" step="1"/><F48/><REACH who="2" ten="220,490,112,158" step="2"/><W129/><G129/><T98/><D109/><U11/><AGARI ba="0,2" hai="10,11,12,16,22,41,47,49,90,92,96" m="45129" machi="11" ten="30,2000,0" yaku="12,1,54,1" doraHai="128" who="1" fromWho="1" sc="220,-5,490,40,112,-5,158,-10" owari="215,2.0,530,62.0,107,-39.0,148,-25.0" />
</Scene>
</mjloggm>