<mjloggm ver="2.3"><GO type="169" lobby="0"/><UN n0="%41%53%41%50%49%4E" n1="%E6%B0%97%E6%A5%BD%E3%81%AB%E6%89%93%E3%81%A4" n2="%4D%49%40%34%32%38" n3="%E3%83%8F%E3%83%94%E3%83%8A%E5%90%8D%E6%8E%9B%E4%B8%81" dan="18,16,17,16" rate="2261.00,2130.74,2163.50,2111.72" sx="M,M,M,M"/><TAIKYOKU oya="0"/>

<Scene>
<INIT seed="0,0,0,5,5,2" ten="250,250,250,250" oya="0" hai0="0,108,93,55,112,128,44,124,47,51,72,105,88" hai1="54,26,14,109,81,118,73,28,50,116,16,25,86" hai2="11,63,131,103,85,19,75,70,130,13,99,62,12" hai3="95,17,71,82,119,83,58,46,102,64,134,23,67"/><T36/><D112/><U132/><E73/><V32/><F75/><W91/><G119/><T126/><D105/><U117/><E132/><V45/><F32/><W123/><G123/><T53/><D72/><U34/><E26/><V39/><F85/><W18/><G134/><T66/><D128/><N who="2" m="49194" /><F70/><W96/><G71/><T37/><D0/><U10/><E109/><V33/><F33/><W80/><G46/><T133/><D133/><U135/><E135/><V87/><F87/><W68/><G68/><T57/><D66/><N who="3" m="25129" /><G58/><T120/><D120/><U22/><E34/><V8/><F45/><W41/><G41/><T7/><D108/><U6/><E118/><V77/><F77/><W27/><G17/><T69/><D7/><U115/><E115/><V100/><F39/><W78/><G78/><T113/><D69/><U65/><E65/><V94/><F100/><AGARI ba="0,0" hai="18,23,27,80,82,83,91,95,96,100,102" m="25129" machi="100" ten="30,1000,0" yaku="8,1" doraHai="2" who="3" fromWho="2" sc="250,0,250,0,250,-10,250,10" />
</Scene>
<Scene>
<INIT seed="1,0,0,3,4,19" ten="250,250,240,260" oya="1" hai0="62,36,127,33,57,106,86,75,4,135,107,130,43" hai1="129,58,111,12,105,15,24,87,37,21,3,112,95" hai2="93,99,73,40,72,103,59,97,14,81,108,70,22" hai3="0,118,61,76,2,84,132,51,10,110,96,1,117"/><U13/><E112/><V65/><F70/><W115/><G115/><T66/><D75/><U68/><E68/><V123/><F123/><W79/><G110/><T50/><D33/><U124/><E111/><V49/><F108/><W23/><G132/><T82/><D135/><U20/><E124/><V9/><F81/><W56/><G51/><T113/><D113/><U122/><E122/><V71/><F71/><W18/><G96/><T26/><D127/><U38/><E129/><V25/><F97/><W34/><G10/><T5/><D130/><U42/><E105/><V39/><F39/><W29/><G29/><T67/><D36/><U85/><E3/><V109/><F40/><W69/><G34/><T91/><D66/><U47/><E38/><V114/><F114/><W53/><G69/><T90/><D106/><U83/><E58/><V16/><F109/><W101/><G101/><T54/><D43/><U125/><E125/><V116/><F116/><N who="3" m="44651" /><G84/><T32/><D107/><U126/><E126/><V92/><F49/><W134/><G134/><T102/><D102/><U80/><E42/><V98/><F72/><W74/><G74/><T131/><D131/><U45/><E37/><V100/><F73/><W6/><G6/><T44/><D91/><N who="1" m="53743" /><E45/><V27/><F9/><W46/><G46/><T78/><D90/><U52/><E87/><V104/><F104/><W120/><G120/><T88/><D88/><U128/><E128/><V48/><F48/><W94/><G94/><T31/><AGARI ba="0,0" hai="4,5,26,31,32,44,50,54,57,62,67,78,82,86" machi="31" ten="30,1100,0" yaku="0,1" doraHai="19" who="0" fromWho="0" sc="250,11,250,-5,240,-3,260,-3" />
</Scene>
<Scene>
<INIT seed="2,0,0,5,5,96" ten="261,245,237,257" oya="2" hai0="70,46,60,43,31,63,35,109,15,13,112,11,27" hai1="39,99,130,9,106,75,104,2,100,51,108,66,8" hai2="125,87,93,71,102,86,49,121,57,90,16,72,0" hai3="131,113,122,83,135,55,105,76,23,10,19,127,58"/><V118/><F118/><W37/><G122/><T97/><D112/><U111/><E130/><V42/><F71/><W6/><G131/><T32/><D109/><N who="1" m="42059" /><E39/><V73/><F0/><W82/><G113/><T64/><D15/><U78/><E106/><V84/><F121/><W68/><G68/><T98/><D60/><U133/><E133/><V38/><F125/><W62/><G135/><T114/><D35/><U94/><E66/><V61/><F38/><W52/><G37/><T80/><D114/><U47/><E2/><V45/><F102/><W36/><G36/><T59/><D70/><U65/><E65/><V54/><REACH who="2" step="1"/><F16/><REACH who="2" ten="261,245,227,257" step="2"/><W22/><G127/><T33/><D13/><U128/><E128/><V116/><F116/><W124/><G124/><T26/><D27/><U18/><E18/><V89/><F89/><W48/><G19/><T115/><D26/><U119/><E119/><V117/><F117/><W21/><G10/><T30/><D11/><U77/><E8/><V92/><F92/><W17/><G17/><T79/><D115/><U25/><E9/><V67/><F67/><W129/><G129/><T14/><D14/><U107/><E25/><V20/><F20/><W4/><G105/><T24/><D31/><U74/><E107/><V88/><F88/><W1/><G1/><T132/><D132/><U40/><E104/><V126/><F126/><W28/><G28/><T34/><D24/><U81/><E78/><V91/><F91/><W103/><G103/><T41/><D30/><U29/><E29/><V69/><F69/><W95/><G95/><T101/><D79/><RYUUKYOKU ba="0,1" sc="261,-15,245,15,227,15,257,-15" hai1="40,47,51,74,75,77,81,94,99,100" hai2="42,45,49,54,57,61,72,73,84,86,87,90,93" />
</Scene>
<Scene>
<INIT seed="2,1,1,2,1,91" ten="246,260,242,242" oya="2" hai0="55,122,75,112,96,53,88,57,33,16,18,25,49" hai1="30,133,28,36,77,99,3,48,117,78,61,2,134" hai2="52,71,95,128,14,126,116,62,17,84,58,125,59" hai3="129,124,46,87,15,44,79,11,86,12,35,60,67"/><V5/><F116/><W123/><G123/><T74/><D112/><U110/><E36/><V43/><F43/><W9/><G35/><T111/><D122/><U90/><E117/><V1/><F71/><W81/><G124/><N who="2" m="47721" /><F128/><W47/><G129/><T31/><D111/><U82/><E110/><V109/><F109/><W101/><G101/><T19/><REACH who="0" step="1"/><D55/><REACH who="0" ten="236,260,242,242" step="2"/><U94/><E133/><V65/><F65/><W42/><G42/><T64/><D64/><U50/><E134/><V105/><F52/><W107/><G107/><T27/><D27/><U38/><E2/><V120/><F105/><W54/><G54/><T76/><D76/><U56/><E3/><V73/><F120/><W130/><G130/><T85/><D85/><N who="1" m="48335" /><E78/><V97/><F84/><W70/><G87/><T22/><D22/><U135/><E135/><V108/><F108/><W45/><N who="3" m="11264" /><DORA hai="10" /><W63/><REACH who="3" step="1"/><G63/><REACH who="3" ten="236,260,242,232" step="2"/><T6/><D6/><U69/><E61/><V119/><F62/><W127/><G127/><T51/><D51/><U37/><E48/><V100/><F119/><W29/><G29/><T21/><D21/><U66/><E28/><V41/><F41/><W80/><G80/><T7/><D7/><U89/><E30/><V40/><F40/><W4/><G4/><T93/><AGARI ba="1,3" hai="16,18,19,25,31,33,49,53,57,74,75,88,93,96" machi="93" ten="30,16000,3" yaku="1,1,0,1,52,1,54,2,53,3" doraHai="91,10" doraHaiUra="20,106" who="0" fromWho="0" sc="236,193,260,-41,242,-81,232,-41" />
</Scene>
<Scene>
<INIT seed="3,0,0,4,1,65" ten="429,219,161,191" oya="3" hai0="59,99,122,130,134,52,23,96,60,86,110,51,22" hai1="40,72,77,108,20,57,10,64,49,39,28,76,83" hai2="93,50,0,69,47,106,11,27,36,37,120,4,117" hai3="9,85,53,88,121,133,30,63,70,111,48,87,66"/><W102/><G121/><T116/><D122/><U67/><E108/><V21/><F106/><W2/><G111/><T38/><D116/><U14/><E39/><V124/><F117/><W94/><G133/><T1/><D110/><U55/><E40/><V12/><F120/><W25/><G102/><T26/><D38/><U128/><E128/><V109/><F109/><W61/><G61/><T91/><D1/><U42/><E42/><V75/><F75/><W16/><G2/><T127/><D130/><U112/><E112/><V3/><F124/><W15/><G87/><T115/><D127/><U101/><E101/><V54/><F3/><W89/><G89/><T8/><D134/><U32/><E32/><V118/><F118/><W107/><G107/><T80/><D115/><U119/><E119/><V125/><F125/><W82/><G82/><T43/><D8/><U56/><E56/><V95/><F95/><W31/><G25/><T98/><D26/><N who="1" m="16455" /><E72/><V13/><F36/><W81/><G94/><T35/><D35/><U90/><E90/><V129/><F37/><W74/><G74/><T19/><D19/><N who="1" m="8663" /><E83/><V18/><F129/><W7/><G7/><T92/><D80/><U135/><E135/><V5/><F5/><W73/><G73/><T132/><D132/><U131/><E131/><V97/><REACH who="2" step="1"/><F69/><REACH who="2" ten="429,219,151,191" step="2"/><W114/><G114/><T17/><D92/><U33/><E33/><V123/><F123/><W78/><G78/><AGARI ba="0,1" hai="49,55,57,64,67,76,77,78" m="8663,16455" machi="78" ten="30,1000,0" yaku="8,1" doraHai="65" who="1" fromWho="3" sc="429,0,219,20,151,0,191,-10" />
</Scene>
<Scene>
<INIT seed="4,0,0,2,3,113" ten="429,239,151,181" oya="0" hai0="18,101,65,54,124,46,104,122,19,59,28,53,21" hai1="87,126,120,39,9,16,60,129,127,17,94,117,44" hai2="41,27,47,23,100,96,110,114,111,79,5,115,78" hai3="92,13,80,37,121,106,133,62,43,112,7,71,33"/><T56/><D122/><U70/><E120/><V118/><F5/><W97/><G106/><T20/><D124/><N who="1" m="47659" /><E129/><V14/><F14/><W57/><G112/><N who="2" m="43049" /><F27/><W72/><G71/><T38/><D38/><U1/><E1/><V103/><F23/><W102/><G33/><T74/><D74/><U2/><E2/><V15/><F15/><W11/><G121/><T76/><D76/><N who="2" m="29226" /><F100/><W107/><G80/><T81/><D101/><U95/><E9/><V30/><F30/><W49/><G72/><T123/><D28/><U45/><E17/><V61/><F61/><W131/><G131/><T77/><D18/><U67/><E16/><V40/><F40/><W42/><G37/><T10/><D19/><U84/><E39/><N who="2" m="21951" /><F118/><W48/><G43/><T36/><D10/><U32/><E32/><V128/><F128/><W82/><G107/><AGARI ba="0,0" hai="96,103,107,110,111" m="21951,29226,43049" machi="107" ten="30,1000,0" yaku="15,1" doraHai="113" who="2" fromWho="3" sc="429,0,239,0,151,10,181,-10" />
</Scene>
<Scene>
<INIT seed="5,0,0,1,1,54" ten="429,239,161,171" oya="1" hai0="115,111,75,48,36,69,61,91,81,26,87,28,84" hai1="19,33,94,88,116,59,133,79,2,67,11,109,44" hai2="68,135,39,127,29,13,124,113,121,83,4,43,66" hai3="128,78,122,1,7,51,102,105,57,21,47,86,77"/><U20/><E116/><V65/><F121/><W106/><G122/><T38/><D111/><U42/><E109/><V63/><F135/><W0/><G128/><T55/><D75/><U56/><E133/><V129/><F129/><W131/><G131/><T5/><D115/><U99/><E33/><V97/><F113/><W41/><G78/><T95/><D5/><U74/><E74/><V71/><F29/><W60/><G21/><T46/><D61/><U6/><E79/><V10/><F83/><W117/><G117/><T93/><D69/><U119/><E67/><V120/><F120/><W9/><G0/><T62/><D62/><U50/><E119/><V108/><F108/><W80/><REACH who="3" step="1"/><G102/><REACH who="3" ten="429,239,161,161" step="2"/><T101/><D101/><U22/><REACH who="1" step="1"/><E22/><REACH who="1" ten="429,229,161,161" step="2"/><V34/><F34/><W100/><G100/><T103/><D103/><U18/><E18/><V37/><F71/><W23/><G23/><T64/><D64/><AGARI ba="0,2" hai="1,7,9,41,47,51,57,60,64,77,80,86,105,106" machi="64" ten="30,7700,0" yaku="1,1,7,1,52,1,53,1" doraHai="54" doraHaiUra="53" who="3" fromWho="0" sc="429,-77,229,0,161,0,161,97" />
</Scene>
<Scene>
<INIT seed="6,0,0,4,4,99" ten="352,229,161,258" oya="2" hai0="114,103,8,132,118,36,69,19,135,42,76,74,73" hai1="115,11,44,108,39,38,55,109,133,21,68,81,52" hai2="28,13,93,127,120,86,20,104,65,57,22,45,25" hai3="63,47,119,64,128,113,30,91,1,101,77,89,6"/><V41/><F104/><W10/><G119/><T0/><D118/><U17/><E11/><V53/><F65/><W4/><G4/><N who="0" m="1031" /><D69/><U35/><E35/><V131/><F120/><W70/><G128/><T12/><D114/><U29/><E29/><V16/><F131/><W126/><G126/><T34/><D103/><U88/><E68/><V54/><F127/><W37/><G30/><T49/><D49/><U31/><E31/><V66/><F66/><W129/><G129/><T83/><D34/><U5/><E115/><V43/><F45/><W79/><G113/><T72/><D72/><U50/><E5/><V110/><F110/><W2/><G101/><T61/><D61/><U112/><E112/><V82/><F93/><W67/><G67/><T48/><D48/><U46/><E108/><V106/><F106/><W100/><G100/><T58/><D58/><U26/><E109/><V71/><F71/><W94/><G1/><T14/><D73/><U107/><E107/><V27/><F27/><W51/><G37/><T60/><D60/><U92/><E38/><V24/><F24/><W124/><G124/><T84/><D84/><N who="1" m="52231" /><E39/><V9/><F22/><W98/><G91/><T32/><D32/><U87/><E133/><N who="0" m="51273" /><D19/><U78/><E46/><AGARI ba="0,0" hai="12,14,36,42,46,74,76,83" m="51273,1031" machi="46" ten="30,2000,0" yaku="25,1,20,1" doraHai="99" who="0" fromWho="1" sc="352,20,229,-20,161,0,258,0" />
</Scene>
<Scene>
<INIT seed="7,0,0,3,4,6" ten="372,209,161,258" oya="3" hai0="32,117,61,42,94,123,84,8,114,101,28,44,98" hai1="15,23,112,49,75,80,29,118,56,135,43,20,68" hai2="130,97,25,107,0,106,81,99,45,127,87,52,133" hai3="88,119,60,26,18,64,89,110,66,115,104,50,62"/><W113/><G119/><T9/><D117/><U35/><E118/><V41/><F130/><W121/><G121/><T103/><D123/><U4/><E112/><N who="3" m="43082" /><G110/><T58/><D114/><U83/><E68/><V134/><F0/><W39/><G39/><T38/><D103/><U129/><E129/><V102/><F25/><W125/><G104/><N who="2" m="39977" /><F41/><W120/><G120/><T91/><D28/><U1/><E1/><V34/><F34/><W40/><G125/><T109/><D32/><U74/><E35/><V67/><F67/><N who="3" m="25643" /><G18/><T55/><D109/><U86/><E43/><V85/><F52/><W132/><G132/><N who="2" m="50793" /><F45/><N who="3" m="25895" /><G26/><T105/><AGARI ba="0,0" hai="8,9,38,42,44,55,58,61,84,91,94,98,101,105" machi="105" ten="20,5200,0" yaku="0,1,7,1,52,2" doraHai="6" who="0" fromWho="0" sc="372,52,209,-13,161,-13,258,-26" owari="424,52.0,196,-20.0,148,-35.0,232,3.0" />
</Scene>
</mjloggm>