<mjloggm ver="2.3"><GO type="169" lobby="0"/><UN n0="%E2%84%83%2D%75%74%65" n1="%E4%B8%83%E3%83%84%E7%9B%AE%E7%8E%89" n2="%41%53%41%50%49%4E" n3="%E3%83%8F%E3%83%94%E3%83%8A%E5%90%8D%E6%8E%9B%E4%B8%81" dan="16,17,19,16" rate="2078,2180,2231,2080" sx="M,M,M,M"/><TAIKYOKU oya="0"/>

<Scene>
<INIT seed="0,0,0,5,4,52" ten="250,250,250,250" oya="0" hai0="31,129,119,92,118,77,46,23,5,62,29,82,70" hai1="89,54,1,34,76,80,87,128,6,120,49,53,37" hai2="12,22,94,95,41,42,60,109,24,4,43,21,112" hai3="33,88,27,111,132,81,96,8,47,115,35,124,122"/><T15/><D129/><U93/><E120/><V133/><F112/><W75/><G115/><T78/><D78/><U98/><E37/><V121/><F121/><W11/><G122/><T16/><D5/><U56/><E34/><V48/><F133/><W103/><G132/><T91/><D46/><U97/><E128/><V38/><F38/><W9/><G124/><T28/><D70/><U59/><E6/><V131/><F131/><W58/><G111/><T108/><D108/><U25/><E1/><V2/><F2/><W63/><G47/><T7/><D7/><U40/><E25/><V0/><F0/><W116/><G116/><T65/><D65/><U67/><E67/><V84/><F109/><W101/><G101/><T45/><D45/><N who="1" m="25767" /><E98/><V64/><F48/><W104/><G27/><T55/><D62/><U126/><E126/><V127/><F127/><W20/><G20/><T71/><D55/><AGARI ba="0,0" hai="53,54,55,56,59,76,80,87,89,93,97" m="25767" machi="55" ten="30,3900,0" yaku="8,1,52,2" doraHai="52" who="1" fromWho="0" sc="250,-39,250,39,250,0,250,0" />
</Scene>
<Scene>
<INIT seed="1,0,0,3,0,29" ten="211,289,250,250" oya="1" hai0="87,108,31,70,132,59,126,57,17,93,122,78,98" hai1="1,7,47,94,63,14,110,56,50,112,86,115,117" hai2="27,107,5,135,19,36,95,129,64,127,109,30,0" hai3="97,82,114,22,52,21,55,120,88,68,53,25,71"/><U23/><E1/><V77/><F107/><W96/><G114/><T73/><D70/><U46/><E117/><V15/><F36/><W6/><G120/><T128/><D73/><U18/><E7/><V9/><F64/><W62/><G6/><T20/><D122/><U26/><E110/><V54/><F109/><W103/><G71/><T106/><D108/><U2/><E2/><V131/><F77/><W113/><G113/><T69/><D69/><U60/><E115/><V79/><F79/><W43/><G43/><T61/><D106/><U90/><E112/><V49/><F95/><N who="3" m="58815" /><G68/><T34/><D132/><U134/><E134/><V67/><F67/><W91/><G62/><N who="1" m="23594" /><E26/><V105/><F127/><W119/><G119/><T116/><D116/><U32/><E32/><N who="2" m="20575" /><F105/><W16/><G96/><T74/><D126/><U3/><E3/><V37/><F37/><W39/><G39/><T33/><D74/><U80/><E80/><V28/><F28/><N who="3" m="17455" /><G82/><T12/><D31/><U89/><E90/><V40/><F40/><W99/><G99/><T100/><D78/><U65/><E65/><V11/><F135/><W35/><G35/><T118/><D118/><U92/><E92/><V84/><F84/><W81/><G81/><T111/><D87/><U38/><E38/><V76/><F76/><W101/><G101/><T75/><D111/><U66/><E66/><V10/><F0/><W125/><G125/><T58/><D75/><U85/><E85/><V45/><F5/><W133/><G133/><T83/><D83/><U121/><E121/><V48/><F48/><W44/><G44/><RYUUKYOKU ba="0,0" sc="211,-30,289,10,250,10,250,10" hai1="14,18,23,46,47,50,56,86,89,94" hai2="9,10,11,15,19,45,49,54,129,131" hai3="16,22,52,53,55,88,91" />
</Scene>
<Scene>
<INIT seed="1,1,0,3,4,6" ten="181,299,260,260" oya="1" hai0="128,35,102,31,42,66,34,122,54,89,95,45,87" hai1="27,4,135,73,119,36,70,110,103,83,67,47,10" hai2="112,3,61,132,22,85,114,99,88,13,21,49,63" hai3="108,38,77,11,62,23,40,129,15,94,24,59,131"/><U2/><E119/><V57/><F3/><W46/><G108/><T28/><D128/><U78/><E110/><V104/><F132/><W86/><G131/><T53/><D122/><U124/><E103/><N who="2" m="62591" /><F49/><W126/><G126/><T14/><D66/><U19/><E124/><V79/><F79/><W51/><G129/><T5/><D35/><U101/><E101/><V58/><F58/><W118/><G118/><T120/><D120/><U75/><E135/><V117/><F117/><W98/><G38/><T64/><D64/><U55/><E75/><V81/><F13/><W97/><G77/><T130/><D130/><U25/><E19/><V72/><F72/><W32/><G32/><T30/><D34/><U90/><E90/><V7/><F7/><W37/><G37/><T52/><D102/><U60/><E55/><N who="2" m="33983" /><F63/><W50/><G50/><T82/><D82/><U100/><E100/><V1/><F1/><W71/><G71/><T134/><D134/><U115/><E115/><AGARI ba="1,0" hai="21,22,81,85,88,112,114,115" m="33983,62591" machi="115" ten="30,2000,0" yaku="11,1,54,1" doraHai="6" who="2" fromWho="1" sc="181,0,299,-23,260,23,260,0" />
</Scene>
<Scene>
<INIT seed="2,0,0,5,2,116" ten="181,276,283,260" oya="2" hai0="25,23,41,31,14,49,80,29,16,127,48,45,36" hai1="119,98,97,33,24,71,83,100,113,87,30,101,81" hai2="43,107,123,125,92,96,85,66,7,115,102,0,46" hai3="73,26,1,121,57,118,89,35,55,56,95,20,39"/><V75/><F115/><W77/><G118/><T10/><D127/><U8/><E113/><V28/><F75/><W64/><G39/><T61/><D61/><U47/><E71/><V40/><F125/><W110/><G35/><T2/><D31/><U90/><E119/><V130/><F130/><W76/><G1/><T42/><D2/><U19/><E47/><V58/><F123/><W4/><G4/><T94/><D94/><U68/><E68/><V3/><F28/><W44/><G121/><T11/><D42/><U67/><E67/><V126/><F126/><W133/><G133/><T34/><REACH who="0" step="1"/><D80/><REACH who="0" ten="171,276,283,260" step="2"/><U38/><E83/><V52/><F43/><W129/><G95/><T13/><D13/><U6/><E81/><V59/><F40/><W74/><G129/><T53/><D53/><U32/><E30/><V93/><F93/><W135/><G55/><T22/><D22/><U82/><E82/><V70/><F0/><W128/><G20/><T62/><D62/><U69/><E33/><V12/><F3/><W103/><G128/><T54/><D54/><U18/><E32/><V134/><F52/><W27/><G135/><T117/><D117/><U124/><E124/><V65/><F134/><W84/><G64/><T108/><D108/><U21/><E21/><V51/><F66/><W106/><G110/><T122/><D122/><U112/><E112/><V86/><F65/><W91/><G26/><T109/><D109/><U88/><E24/><V131/><F70/><W5/><G27/><T17/><D17/><U111/><E69/><V132/><F132/><W114/><G114/><RYUUKYOKU ba="0,1" sc="171,30,276,-10,283,-10,260,-10" hai0="10,11,14,16,23,25,29,34,36,41,45,48,49" />
</Scene>
<Scene>
<INIT seed="3,1,1,4,4,61" ten="201,266,273,250" oya="3" hai0="4,17,103,14,84,86,15,130,93,13,69,87,111" hai1="108,47,8,85,57,53,54,128,16,75,127,0,11" hai2="29,117,124,60,74,7,80,6,19,43,116,112,100" hai3="131,105,102,123,58,56,12,132,110,120,73,125,92"/><W81/><G110/><T64/><D111/><U23/><E75/><V63/><F112/><W70/><G70/><T32/><D32/><U71/><E71/><V37/><F124/><W24/><G125/><T65/><D69/><U99/><E108/><V90/><F100/><W83/><G132/><T66/><D130/><U115/><E115/><V42/><F29/><W55/><G105/><T52/><D4/><U1/><E127/><V35/><F74/><W114/><G114/><T33/><D33/><U101/><E85/><V122/><F35/><W25/><G12/><T135/><D135/><U78/><E78/><V77/><F77/><W129/><G73/><T96/><D52/><U46/><E128/><V3/><F80/><W109/><G109/><T94/><D94/><U134/><E134/><V113/><F113/><W51/><G92/><T30/><D30/><U68/><E68/><V45/><F90/><W2/><G55/><T27/><D27/><U82/><E82/><V41/><F41/><W28/><G28/><T39/><D39/><U97/><E101/><V31/><F31/><W98/><G102/><T10/><AGARI ba="1,1" hai="10,13,14,15,17,64,65,66,84,86,87,93,96,103" machi="10" ten="30,8000,1" yaku="0,1,8,1,52,3" doraHai="61" who="0" fromWho="0" sc="201,93,266,-21,273,-21,250,-41" />
</Scene>
<Scene>
<INIT seed="4,0,0,5,3,12" ten="294,245,252,209" oya="0" hai0="96,50,56,36,63,41,99,123,87,112,104,24,102" hai1="18,69,9,31,48,29,82,95,133,125,42,92,14" hai2="88,90,93,113,34,21,64,72,43,37,70,124,33" hai3="30,23,84,8,53,2,3,52,62,109,126,115,86"/><T46/><D123/><U61/><E133/><V135/><F72/><W105/><G109/><T128/><D112/><U130/><E130/><V108/><F108/><W67/><G115/><T44/><D128/><U51/><E125/><V122/><F122/><W45/><G105/><T116/><D116/><U127/><E127/><V83/><F124/><W134/><G134/><T71/><D71/><U10/><E69/><V38/><F135/><W25/><G126/><T11/><D87/><U60/><E82/><V91/><F113/><W101/><G101/><T110/><D99/><U5/><E5/><V98/><F83/><W7/><G2/><T94/><D110/><U13/><REACH who="1" step="1"/><E42/><REACH who="1" ten="294,235,252,209" step="2"/><V76/><F43/><W26/><G45/><T129/><D46/><U118/><E118/><V20/><F70/><W120/><G120/><T74/><D129/><U27/><E27/><V54/><F34/><W22/><G86/><T75/><D24/><U6/><E6/><V85/><F33/><W28/><G84/><T77/><D75/><U49/><E49/><V0/><F85/><W114/><G114/><T4/><D50/><U32/><E32/><V81/><F81/><W103/><G103/><T73/><D73/><U89/><E89/><V79/><F90/><W68/><AGARI ba="0,1" hai="3,7,8,22,23,25,26,28,30,52,53,62,67,68" machi="68" ten="20,5200,0" yaku="0,1,7,1,9,1,54,1" doraHai="12" who="3" fromWho="3" sc="294,-26,235,-13,252,-13,209,62" />
</Scene>
<Scene>
<INIT seed="5,0,0,3,5,100" ten="268,222,239,271" oya="1" hai0="26,101,124,0,67,22,113,105,90,83,60,8,109" hai1="110,54,23,99,86,69,128,98,78,9,93,48,75" hai2="81,123,50,33,18,85,68,135,95,53,107,72,25" hai3="30,102,19,131,115,34,112,108,71,74,103,45,82"/><U39/><E39/><V80/><F123/><W134/><G108/><T57/><D109/><U55/><E69/><V119/><F119/><W36/><G71/><T106/><D101/><U76/><E110/><V126/><F68/><W73/><G134/><T40/><D40/><U63/><E75/><V10/><F135/><W129/><G19/><T28/><D113/><N who="3" m="43593" /><G30/><T47/><D47/><U38/><E38/><V70/><F70/><W31/><G31/><T15/><D0/><U13/><E23/><V122/><F122/><W79/><G34/><T58/><D58/><N who="1" m="35287" /><E128/><N who="3" m="49226" /><G73/><T118/><D118/><U96/><E93/><V59/><F95/><W11/><G11/><T62/><D62/><U1/><E86/><V111/><F85/><W64/><G64/><T52/><D67/><U43/><E43/><AGARI ba="0,0" hai="36,43,45,74,79,82,102,103" m="49226,43593" machi="43" ten="30,2000,0" yaku="15,1,19,1" doraHai="100" who="3" fromWho="1" sc="268,0,222,-20,239,0,271,20" />
</Scene>
<Scene>
<INIT seed="6,0,0,3,5,62" ten="268,202,239,291" oya="2" hai0="84,13,49,85,54,125,0,31,18,83,37,96,86" hai1="108,52,35,126,26,29,65,127,134,33,97,66,2" hai2="113,41,46,118,81,27,70,47,42,59,57,28,10" hai3="21,71,109,91,23,135,100,92,107,93,51,129,133"/><V80/><F118/><W32/><G109/><T68/><D37/><U45/><E108/><V8/><F70/><W74/><G71/><T4/><D31/><U90/><E2/><V3/><F28/><W5/><G32/><T48/><D0/><U131/><E35/><V124/><F3/><W114/><G74/><T20/><D4/><U38/><E131/><V105/><F27/><W67/><G5/><T132/><D132/><N who="3" m="50761" /><G114/><T101/><D68/><U99/><E134/><V7/><F7/><W104/><G67/><N who="1" m="25610" /><E90/><V22/><F22/><N who="3" m="8203" /><G129/><T75/><D75/><U98/><E98/><V61/><F61/><W88/><G51/><T6/><D49/><N who="1" m="28719" /><E38/><V53/><F53/><W55/><G55/><T103/><D96/><U63/><E63/><V58/><F58/><W17/><G107/><T82/><D48/><U78/><E78/><V43/><F43/><W14/><G104/><T19/><D54/><U15/><E15/><V9/><F105/><W110/><G110/><T128/><D128/><U73/><E73/><V39/><F113/><W25/><G91/><T56/><D13/><U112/><E112/><V122/><F57/><W115/><G88/><T16/><D56/><U89/><E89/><V106/><F59/><W121/><G115/><T79/><D79/><U87/><E87/><V95/><F106/><W102/><G14/><T40/><D85/><U76/><E76/><V94/><F39/><W117/><G100/><T34/><D86/><U36/><E36/><V119/><F46/><W72/><G72/><T69/><D84/><U44/><E44/><V24/><F47/><RYUUKYOKU ba="0,0" sc="268,-10,202,30,239,-10,291,-10" hai1="26,29,33,97,99,126,127" />
</Scene>
<Scene>
<INIT seed="7,1,0,2,2,99" ten="258,232,229,281" oya="3" hai0="10,126,46,84,59,72,50,102,120,43,61,134,9" hai1="132,71,68,79,103,28,18,7,93,42,81,105,91" hai2="128,8,67,69,86,34,101,25,111,30,21,75,87" hai3="13,32,3,15,104,108,97,57,95,129,39,131,123"/><W36/><G123/><T115/><D72/><U85/><E28/><V17/><F75/><W130/><G3/><T53/><D120/><U89/><E7/><V1/><F111/><W127/><G104/><T2/><D2/><U51/><E132/><V33/><F128/><W113/><G113/><T19/><D134/><U125/><E125/><V11/><F101/><N who="3" m="60607" /><G127/><T14/><D126/><U114/><E114/><V6/><F11/><W94/><G108/><T63/><D115/><U55/><E42/><V117/><F117/><W133/><G133/><T77/><D102/><U112/><E112/><V80/><F80/><W96/><G32/><T44/><D9/><U26/><E105/><V90/><F90/><N who="3" m="55383" /><G57/><T78/><D46/><U52/><E103/><V20/><F34/><W4/><G4/><T24/><D84/><N who="1" m="48191" /><E71/><V54/><F20/><W88/><G88/><T92/><D92/><U29/><E68/><V60/><F54/><W35/><G35/><T73/><D73/><U23/><E89/><V41/><F41/><W31/><G31/><T49/><D24/><AGARI ba="1,0" hai="1,6,8,17,21,24,25,30,33,60,67,69,86,87" machi="24" ten="30,1000,0" yaku="7,1" doraHai="99" who="2" fromWho="0" sc="258,-13,232,0,229,13,281,0" />
</Scene>
<Scene>
<INIT seed="8,0,0,2,0,20" ten="245,232,242,281" oya="0" hai0="84,112,133,69,45,88,43,44,115,80,83,113,79" hai1="109,32,3,94,28,102,11,92,50,15,56,36,35" hai2="10,22,52,48,111,93,23,4,78,103,14,54,2" hai3="26,81,39,117,60,51,62,77,9,1,13,105,100"/><T116/><D69/><U16/><E36/><V31/><F111/><W34/><G39/><T124/><D116/><U82/><E109/><V6/><F78/><W107/><G1/><T86/><D133/><U121/><E121/><V75/><F75/><W21/><G34/><T128/><D128/><U47/><E56/><V106/><F106/><W33/><G33/><T119/><D119/><U125/><E125/><V122/><F122/><W64/><G51/><T29/><D124/><U55/><E102/><V49/><F4/><W5/><G117/><T99/><D99/><U135/><E135/><V19/><F31/><W59/><G60/><T71/><D71/><U58/><E35/><V131/><F131/><W85/><G100/><T40/><REACH who="0" step="1"/><D29/><AGARI ba="0,0" hai="5,9,13,21,26,29,59,62,64,77,81,85,105,107" machi="29" ten="30,2000,0" yaku="7,1,52,1" doraHai="20" who="3" fromWho="0" sc="245,-20,232,0,242,0,281,20" owari="225,-27.0,232,-17.0,242,4.0,301,40.0" />
</Scene>
</mjloggm>