<mjloggm ver="2.3"><GO type="169" lobby="0"/><UN n0="%41%53%41%50%49%4E" n1="%E3%83%AD%E3%83%AA%E3%83%BC%E3%82%BF%E3%81%AA%E7%84%BC%E8%82%89" n2="%E5%A4%A9%E5%9F%8E%E5%B0%8F%E6%AC%A1%E9%83%8E" n3="%E3%83%80%E3%83%9E%E3%83%86%E3%83%B3" dan="19,17,16,16" rate="2219,2136,2057,2095" sx="M,M,M,M"/><TAIKYOKU oya="0"/>

<Scene>
<INIT seed="0,0,0,1,1,40" ten="250,250,250,250" oya="0" hai0="57,42,37,27,132,9,0,97,106,45,102,52,116" hai1="22,75,85,6,61,135,43,101,32,108,133,77,130" hai2="89,131,16,44,88,30,111,33,1,10,98,23,29" hai3="34,24,47,13,70,56,90,59,66,67,12,78,99"/><T54/><D116/><U129/><E32/><V125/><F111/><W15/><G78/><T53/><D132/><N who="1" m="50763" /><E6/><V83/><F131/><N who="1" m="50185" /><E61/><V50/><F125/><W126/><G126/><T127/><D127/><U18/><E43/><V123/><F123/><W26/><G70/><T71/><D71/><U115/><E115/><V112/><F112/><W64/><G34/><T84/><D27/><U105/><E108/><V62/><F62/><W36/><G36/><T76/><D0/><U87/><E18/><V117/><F117/><W113/><G113/><T48/><REACH who="0" step="1"/><D9/><REACH who="0" ten="240,250,250,250" step="2"/><U134/><E134/><V28/><F10/><W8/><G8/><T65/><D65/><U11/><E11/><V95/><F1/><W93/><G47/><T55/><D55/><U128/><E128/><V100/><F33/><W109/><G109/><T20/><D20/><U122/><E22/><V92/><F23/><W7/><G7/><T63/><D63/><U31/><E122/><V104/><F16/><W94/><G24/><T114/><D114/><U79/><E31/><V46/><F29/><W110/><G26/><T58/><D58/><U91/><E75/><V69/><F28/><W118/><G118/><T17/><D17/><U21/><E21/><V3/><F30/><W35/><G35/><T82/><AGARI ba="0,1" hai="37,42,45,48,52,53,54,57,76,82,84,97,102,106" machi="82" ten="30,12000,1" yaku="1,1,0,1,52,1,54,1,53,1" doraHai="40" doraHaiUra="74" who="0" fromWho="0" sc="240,130,250,-40,250,-40,250,-40" />
</Scene>
<Scene>
<INIT seed="0,1,0,0,5,66" ten="370,210,210,210" oya="0" hai0="131,112,51,82,4,91,32,2,33,98,39,90,129" hai1="119,61,23,31,121,50,12,73,77,132,130,15,25" hai2="59,55,62,67,80,135,111,27,114,105,13,57,69" hai3="37,48,6,85,63,127,7,11,49,54,75,40,81"/><T5/><D112/><U115/><E115/><V1/><F114/><W110/><G75/><T64/><D39/><U88/><E121/><V86/><F1/><W34/><G34/><N who="0" m="13419" /><D64/><U42/><E119/><V124/><F105/><W125/><G37/><T133/><D133/><U36/><E132/><V96/><F135/><W24/><G24/><T87/><D2/><U78/><E36/><V43/><F43/><W108/><G63/><T70/><D70/><U47/><E130/><N who="0" m="49673" /><D51/><U65/><E73/><V9/><F69/><W19/><G48/><T92/><AGARI ba="1,0" hai="4,5,82,87,90,91,92,98" m="49673,13419" machi="92" ten="40,2100,0" yaku="19,1" doraHai="66" who="0" fromWho="0" sc="370,24,210,-8,210,-8,210,-8" />
</Scene>
<Scene>
<INIT seed="0,2,0,5,3,96" ten="394,202,202,202" oya="0" hai0="117,18,133,103,49,105,79,55,78,5,120,77,102" hai1="58,69,126,123,76,66,65,24,87,53,32,26,9" hai2="94,86,121,135,63,56,89,72,37,131,114,48,127" hai3="36,99,23,39,41,111,73,109,8,101,124,60,12"/><T68/><D117/><U51/><E123/><V107/><F121/><W74/><G124/><T10/><D120/><U16/><E126/><V40/><F114/><W81/><G60/><T2/><D105/><U95/><E32/><V45/><F127/><W44/><G23/><T104/><D104/><U14/><E69/><V43/><F107/><N who="3" m="63935" /><G81/><T100/><D68/><U134/><E134/><V129/><F135/><W29/><G29/><T85/><D18/><U17/><E17/><V93/><F72/><N who="3" m="27755" /><G12/><T3/><D133/><U128/><E128/><N who="2" m="49227" /><F94/><W31/><G31/><T38/><D38/><U19/><E19/><V0/><F0/><W115/><G115/><T61/><D61/><U67/><REACH who="1" step="1"/><E95/><REACH who="1" ten="394,192,202,202" step="2"/><V1/><F93/><W46/><G8/><T82/><REACH who="0" step="1"/><D2/><REACH who="0" ten="384,192,202,202" step="2"/><U98/><E98/><V30/><F1/><W119/><G119/><T92/><D92/><U27/><E27/><V110/><F30/><W113/><G113/><T59/><AGARI ba="2,2" hai="3,5,10,49,55,59,77,78,79,82,85,100,102,103" machi="59" ten="30,18000,2" yaku="1,1,0,1,52,3,53,1" doraHai="96" doraHaiUra="83" who="0" fromWho="0" sc="384,206,192,-62,202,-62,202,-62" />
</Scene>
<Scene>
<INIT seed="0,3,0,0,5,24" ten="590,130,140,140" oya="0" hai0="18,102,29,85,15,6,99,5,114,124,25,89,12" hai1="73,103,96,65,134,87,94,84,129,42,130,33,9" hai2="80,106,83,131,35,36,23,0,49,11,123,46,7" hai3="10,41,75,37,27,69,105,45,74,50,76,19,77"/><T61/><D114/><U112/><E33/><V34/><F123/><W2/><G105/><T82/><D124/><U107/><E42/><V91/><F106/><W43/><G69/><T72/><D72/><U108/><E65/><V64/><F36/><W100/><G100/><T57/><D99/><N who="1" m="61951" /><E9/><V120/><F120/><W4/><G74/><T117/><D102/><N who="1" m="60695" /><E108/><V81/><F131/><N who="1" m="50185" /><E73/><V78/><F64/><W66/><G75/><T21/><D117/><U63/><E63/><V71/><F71/><W3/><G66/><N who="0" m="39215" /><D15/><U67/><E67/><V17/><F35/><W68/><G2/><T135/><D135/><U122/><E122/><V38/><F34/><W53/><G68/><T79/><D6/><U13/><E13/><V128/><F38/><W88/><G4/><T125/><D5/><U28/><E28/><V20/><F128/><W32/><G3/><T97/><D125/><U115/><E134/><V52/><F23/><W22/><G32/><T109/><D109/><U30/><E30/><V111/><F111/><W48/><G22/><N who="0" m="11591" /><D97/><U59/><E59/><V8/><F7/><W26/><G37/><T16/><D29/><U86/><AGARI ba="3,0" hai="84,86,87,112,115" m="50185,60695,61951" machi="86" ten="40,5200,0" yaku="19,1,34,2" doraHai="24" who="1" fromWho="1" sc="590,-29,130,61,140,-16,140,-16" />
</Scene>
<Scene>
<INIT seed="1,0,0,0,2,117" ten="561,191,124,124" oya="1" hai0="128,13,38,5,78,39,94,9,25,54,106,63,98" hai1="8,133,107,10,101,122,92,59,43,65,66,31,60" hai2="76,134,126,48,75,93,3,53,84,14,83,89,131" hai3="32,135,96,118,90,24,0,110,45,114,124,36,58"/><U109/><E133/><V52/><F3/><W18/><G18/><T50/><D128/><U95/><E107/><V62/><F131/><W129/><G24/><T71/><D106/><U12/><E109/><V49/><F134/><W46/><G46/><T11/><D78/><U80/><E122/><V29/><F126/><W2/><G45/><T51/><D51/><U79/><E43/><V4/><F29/><W16/><G16/><T97/><D25/><U26/><E66/><V115/><F115/><W125/><G58/><T19/><D63/><U81/><E101/><V73/><F62/><W104/><G90/><T82/><D82/><U87/><E80/><V22/><F73/><W123/><G96/><T67/><D67/><U68/><E68/><V72/><F72/><W20/><G20/><T88/><D71/><U127/><E127/><V47/><F22/><W74/><G125/><T130/><D130/><U23/><E8/><V121/><F121/><W102/><G102/><T86/><D39/><U70/><REACH who="1" step="1"/><E70/><AGARI ba="0,0" hai="0,2,32,36,70,74,104,110,114,118,123,124,129,135" machi="70" ten="0,32000,5" yakuman="47" doraHai="117" who="3" fromWho="1" sc="561,0,191,-320,124,0,124,320" owari="561,67.0,-129,-63.0,124,-28.0,444,24.0" />
</Scene>
</mjloggm>