<mjloggm ver="2.3"><GO type="169" lobby="0"/><UN n0="%E3%83%91%E3%83%94%E3%82%A3%E3%82%AA%52" n1="%EF%BC%A0%E6%A3%AE" n2="%73%61%77%6C%79" n3="%41%53%41%50%49%4E" dan="16,17,17,19" rate="2044,2164,2236,2253" sx="M,F,M,M"/><TAIKYOKU oya="0"/>

<Scene>
<INIT seed="0,0,0,0,0,50" ten="250,250,250,250" oya="0" hai0="75,46,31,54,130,99,129,105,81,87,131,79,100" hai1="113,17,62,134,30,25,52,20,5,44,0,41,40" hai2="92,68,53,10,112,26,135,102,106,72,67,115,70" hai3="36,132,23,111,101,94,60,39,122,58,32,19,91"/><T117/><D31/><U11/><E134/><V38/><F72/><W109/><G132/><T120/><D117/><U12/><E113/><V35/><F38/><W71/><G101/><T48/><REACH who="0" step="1"/><D120/><REACH who="0" ten="240,250,250,250" step="2"/><U89/><E89/><V93/><F135/><W76/><G122/><T13/><D13/><U121/><E121/><V2/><F112/><W133/><G133/><T28/><D28/><U73/><E73/><AGARI ba="0,1" hai="46,48,54,73,75,79,81,87,99,100,105,129,130,131" machi="73" ten="40,7700,0" yaku="1,1,19,1,52,1,53,0" doraHai="50" doraHaiUra="14" who="0" fromWho="1" sc="240,87,250,-77,250,0,250,0" />
</Scene>
<Scene>
<INIT seed="0,1,0,0,0,84" ten="327,173,250,250" oya="0" hai0="41,71,58,38,119,17,60,94,32,2,61,111,95" hai1="75,47,82,37,77,18,14,107,96,8,114,85,7" hai2="91,57,132,66,21,131,103,10,49,25,117,26,33" hai3="46,1,28,62,31,63,64,50,83,16,127,104,15"/><T124/><D119/><U36/><E114/><V73/><F131/><W20/><G104/><T74/><D32/><U97/><E107/><V13/><F132/><W134/><G134/><T55/><D74/><U51/><E75/><V90/><F73/><W86/><G1/><T126/><D2/><U108/><E108/><V115/><F115/><W100/><G100/><T44/><D17/><U35/><E35/><V122/><F122/><W6/><G6/><T76/><D76/><U98/><REACH who="1" step="1"/><E18/><REACH who="1" ten="327,163,250,250" step="2"/><V45/><F33/><W72/><G72/><T30/><D111/><U9/><E9/><V110/><F110/><W130/><G130/><T112/><D112/><U78/><E78/><V11/><F11/><W43/><G127/><N who="0" m="48683" /><D30/><N who="3" m="11305" /><G64/><AGARI ba="1,1" hai="38,41,44,55,58,60,61,64,71,94,95" m="48683" machi="64" ten="30,1500,0" yaku="18,1" doraHai="84" who="0" fromWho="3" sc="327,28,163,0,250,0,250,-18" />
</Scene>
<Scene>
<INIT seed="0,2,0,5,4,112" ten="355,163,250,232" oya="0" hai0="89,55,83,28,9,95,7,94,50,129,15,38,100" hai1="110,97,66,133,10,14,118,29,56,82,63,116,99" hai2="36,101,68,26,98,45,91,103,30,44,61,37,24" hai3="114,13,122,125,21,86,8,0,85,130,134,40,25"/><T72/><D38/><U90/><E133/><V92/><F36/><W20/><G114/><T52/><D129/><U35/><E110/><V107/><F101/><W120/><G0/><T113/><D113/><U75/><E29/><V135/><F135/><W69/><G69/><T32/><D100/><U70/><E35/><V34/><F37/><W62/><G134/><T108/><D108/><U84/><E75/><V3/><F3/><W79/><G130/><T53/><D72/><U128/><E128/><V67/><REACH who="2" step="1"/><F24/><REACH who="2" ten="355,163,240,232" step="2"/><W81/><G25/><T76/><D32/><U58/><E70/><V105/><F105/><W119/><G120/><T74/><D28/><U78/><E56/><V87/><AGARI ba="2,1" hai="26,30,34,44,45,61,67,68,87,91,92,98,103,107" machi="87" ten="20,12000,2" yaku="1,1,0,1,7,1,25,2,53,1" doraHai="112" doraHaiUra="23" who="2" fromWho="2" sc="355,-62,163,-32,240,136,232,-32" />
</Scene>
<Scene>
<INIT seed="1,0,0,3,3,95" ten="293,131,376,200" oya="1" hai0="132,107,37,59,6,82,125,31,79,7,112,38,29" hai1="43,116,134,75,105,65,25,27,45,15,41,52,117" hai2="10,51,103,48,122,78,19,1,92,13,35,97,3" hai3="127,73,5,36,131,111,126,34,30,58,11,94,26"/><U76/><E105/><V2/><F122/><W135/><G73/><T9/><D112/><U121/><E134/><V32/><REACH who="2" step="1"/><F78/><REACH who="2" ten="293,131,366,200" step="2"/><W119/><G135/><T98/><D79/><U28/><E121/><V33/><AGARI ba="0,1" hai="1,2,3,10,13,19,32,33,35,48,51,92,97,103" machi="33" ten="40,8000,1" yaku="1,1,2,1,0,1,52,1,53,0" doraHai="95" doraHaiUra="22" who="2" fromWho="2" sc="293,-20,131,-40,366,90,200,-20" />
</Scene>
<Scene>
<INIT seed="2,0,0,5,1,68" ten="273,91,456,180" oya="2" hai0="83,48,6,99,104,46,78,125,40,116,82,53,89" hai1="9,94,58,60,113,18,23,132,26,77,69,49,84" hai2="37,100,19,31,44,22,15,112,65,135,35,106,13" hai3="97,3,90,21,27,71,133,128,55,130,38,96,14"/><V56/><F135/><W124/><G3/><T103/><D116/><U74/><E132/><V75/><F112/><W24/><G133/><T115/><D115/><U70/><E113/><V95/><F75/><W73/><G71/><T86/><D125/><U102/><E74/><V45/><F106/><W7/><G73/><T105/><D105/><U81/><E49/><V93/><F31/><W33/><G124/><T127/><D127/><U72/><E9/><V123/><F35/><W59/><G33/><T54/><REACH who="0" step="1"/><D6/><REACH who="0" ten="263,91,456,180" step="2"/><U51/><E51/><V57/><F123/><W111/><G7/><T39/><D39/><U107/><E107/><V34/><F37/><W43/><G38/><T12/><D12/><U47/><E47/><V62/><F45/><W66/><G14/><T42/><D42/><U36/><E36/><V98/><F44/><W76/><G43/><T110/><D110/><U114/><E114/><V80/><F13/><W61/><G111/><T129/><D129/><U11/><E11/><V117/><F117/><W79/><G130/><T122/><D122/><U64/><REACH who="1" step="1"/><E84/><AGARI ba="0,1" hai="40,46,48,53,54,78,82,83,84,86,89,99,103,104" machi="84" ten="30,7700,0" yaku="1,1,7,1,53,2" doraHai="68" doraHaiUra="50" who="0" fromWho="1" sc="263,87,91,-77,456,0,180,0" />
</Scene>
<Scene>
<INIT seed="3,0,0,4,5,47" ten="350,14,456,180" oya="3" hai0="13,88,82,105,15,133,28,106,62,76,41,58,4" hai1="115,18,9,51,121,30,101,111,131,27,52,113,37" hai2="5,128,56,95,10,66,53,87,119,86,45,80,78" hai3="49,46,26,130,126,3,79,73,96,50,54,8,77"/><W110/><G73/><T32/><D41/><U94/><E121/><V92/><F128/><W70/><G70/><T29/><D133/><U35/><E111/><V43/><F66/><W81/><G130/><T16/><D4/><U125/><E131/><V25/><F25/><W109/><G126/><T104/><D32/><U2/><E125/><V89/><F119/><W20/><G96/><T57/><D57/><U123/><E37/><V38/><F95/><W19/><G81/><T129/><D129/><U14/><E123/><V48/><F10/><W31/><G3/><T116/><D15/><U74/><E74/><V84/><REACH who="2" step="1"/><F5/><REACH who="2" ten="350,14,446,180" step="2"/><W39/><G8/><T118/><D118/><U69/><E2/><V127/><F127/><W135/><G135/><T100/><D116/><U90/><E101/><V17/><F17/><W21/><G39/><T97/><D29/><U23/><E35/><V91/><F91/><W64/><G64/><T120/><D28/><U60/><E69/><V34/><F34/><W102/><G102/><T55/><D120/><U93/><E93/><V122/><F122/><W44/><G109/><T24/><D24/><U42/><E94/><V63/><F63/><W67/><G67/><T59/><D88/><U1/><E90/><V117/><F117/><W12/><REACH who="3" step="1"/><G110/><REACH who="3" ten="350,14,446,170" step="2"/><T71/><D71/><U7/><E1/><V103/><F103/><W124/><G124/><T22/><D82/><U132/><E132/><V65/><F65/><W134/><G134/><T99/><D99/><AGARI ba="0,2" hai="38,43,45,48,53,56,78,80,84,86,87,89,92,99" machi="99" ten="30,3900,0" yaku="1,1,7,1,52,1,53,0" doraHai="47" doraHaiUra="108" who="2" fromWho="0" sc="350,-39,14,0,446,59,170,0" />
</Scene>
<Scene>
<INIT seed="4,0,0,0,2,3" ten="311,14,505,170" oya="0" hai0="69,120,12,135,53,73,113,60,17,31,27,86,19" hai1="102,5,16,79,81,85,43,32,74,75,54,123,10" hai2="11,35,63,107,116,2,72,40,7,82,111,87,61" hai3="100,96,112,128,108,98,71,132,36,33,9,126,83"/><T13/><D120/><U46/><E32/><V18/><F111/><W22/><G22/><T105/><D73/><U38/><E123/><V110/><F72/><W114/><G9/><T8/><D105/><U47/><E102/><V90/><F110/><W101/><G83/><T14/><D135/><U41/><E54/><V131/><F35/><W80/><G80/><T34/><D113/><U58/><E58/><V124/><F107/><W25/><G25/><T4/><D86/><U44/><E44/><V76/><F40/><W20/><G20/><T56/><REACH who="0" step="1"/><D69/><REACH who="0" ten="301,14,505,170" step="2"/><U94/><E16/><AGARI ba="0,1" hai="4,8,12,13,14,16,17,19,27,31,34,53,56,60" machi="16" ten="40,12000,1" yaku="1,1,2,1,52,1,54,1,53,0" doraHai="3" doraHaiUra="119" who="0" fromWho="1" sc="301,130,14,-120,505,0,170,0" owari="431,23.0,-106,-61.0,505,61.0,170,-23.0" />
</Scene>
</mjloggm>