<mjloggm ver="2.3"><GO type="169" lobby="0"/><UN n0="%75%73%6B%31%31%31%35" n1="%E6%9C%AC%E6%97%A5%E5%AE%9A%E4%BC%91%E6%97%A5" n2="%E4%BF%BA%E3%81%A4%E3%81%88%E3%81%88%E3%81%88%EF%BD%9E" n3="%41%53%41%50%49%4E" dan="16,17,17,18" rate="2153.04,2190.04,2213.58,2261.97" sx="M,M,F,M"/><TAIKYOKU oya="0"/>

<Scene>
<INIT seed="0,0,0,1,3,115" ten="250,250,250,250" oya="0" hai0="32,88,49,66,2,72,67,27,37,22,79,51,17" hai1="50,54,122,86,13,132,98,58,104,61,106,99,14" hai2="73,75,80,93,101,3,35,62,76,120,77,69,60" hai3="57,102,21,43,6,97,126,129,123,116,8,42,7"/><T114/><D37/><U55/><E122/><V24/><F3/><W23/><G123/><T19/><D114/><U38/><E38/><V124/><F120/><W74/><G74/><T121/><D121/><U25/><E132/><V112/><F112/><W91/><G129/><T100/><D100/><U48/><E86/><V85/><F124/><W15/><G126/><T64/><D2/><U33/><E61/><V96/><F77/><W41/><G116/><T71/><D71/><U134/><E134/><V5/><F5/><W53/><G7/><T70/><D70/><U4/><E33/><V52/><F62/><W131/><G91/><T10/><D32/><U46/><E25/><V78/><F78/><W44/><G44/><T16/><D88/><U83/><E83/><V63/><F63/><N who="3" m="36271" /><G131/><T105/><D105/><U20/><E4/><V81/><F81/><W117/><G117/><T31/><REACH who="0" step="1"/><D10/><REACH who="0" ten="240,250,250,250" step="2"/><U0/><E0/><V82/><F69/><W108/><G102/><T39/><D39/><U12/><E20/><V59/><REACH who="2" step="1"/><F82/><AGARI ba="0,1" hai="16,17,19,22,27,31,49,51,64,66,67,72,79,82" machi="82" ten="40,7700,0" yaku="1,1,54,1,53,1" doraHai="115" doraHaiUra="26" who="0" fromWho="2" sc="240,87,250,0,250,-77,250,0" />
</Scene>
<Scene>
<INIT seed="0,1,0,3,0,84" ten="327,250,173,250" oya="0" hai0="27,96,124,24,107,130,32,28,110,3,95,66,19" hai1="56,52,133,115,111,118,106,61,103,94,80,13,21" hai2="131,35,12,8,5,83,15,25,89,122,91,34,121" hai3="123,81,125,7,47,70,120,90,51,105,113,78,22"/><T77/><D3/><U55/><E118/><V40/><F131/><W88/><G113/><T82/><D130/><U17/><E106/><V20/><F40/><W16/><G105/><T18/><D107/><U75/><E111/><V128/><F128/><W135/><G7/><T60/><D110/><U93/><E133/><V46/><F46/><W31/><G31/><T23/><D124/><U85/><E75/><V104/><F104/><W76/><G70/><T62/><D18/><U11/><E115/><V42/><F42/><N who="3" m="25079" /><G135/><T134/><D134/><U57/><E11/><V101/><F101/><W49/><G49/><T132/><D132/><U114/><E103/><V73/><F15/><N who="3" m="9503" /><G125/><T119/><D119/><U48/><REACH who="1" step="1"/><E114/><REACH who="1" ten="327,240,173,250" step="2"/><V0/><F122/><N who="3" m="46635" /><G76/><AGARI ba="1,1" hai="13,17,21,48,52,55,56,57,61,76,80,85,93,94" machi="76" ten="30,7700,0" yaku="1,1,7,1,8,1,54,1,53,0" doraHai="84" doraHaiUra="30" who="1" fromWho="3" sc="327,0,240,90,173,0,250,-80" />
</Scene>
<Scene>
<INIT seed="1,0,0,0,1,52" ten="327,330,173,170" oya="1" hai0="4,132,57,112,8,118,114,30,0,35,1,70,18" hai1="92,39,86,104,72,85,77,2,62,41,19,123,7" hai2="120,122,28,129,96,126,121,124,74,105,45,25,110" hai3="101,82,99,61,55,24,97,106,51,21,109,133,119"/><U46/><E123/><V12/><F74/><W20/><G119/><T131/><D70/><U135/><E104/><V76/><F76/><W128/><G109/><T69/><D69/><U44/><E135/><V134/><F110/><W91/><G133/><T89/><D132/><U14/><E46/><V59/><F134/><W31/><G128/><T11/><D118/><U111/><E111/><V60/><F45/><W80/><G61/><T130/><D89/><U48/><E62/><V37/><F37/><W90/><G20/><T53/><D30/><U29/><E29/><V50/><F50/><W71/><G71/><T40/><D35/><U73/><E48/><V22/><F12/><W65/><G65/><T100/><D100/><U23/><E73/><V93/><F105/><W47/><G91/><T13/><D40/><U107/><E92/><V81/><F81/><W27/><G27/><T6/><D53/><U75/><E75/><V116/><F116/><W117/><G117/><T66/><D66/><U98/><E98/><V10/><F10/><W26/><G26/><T17/><D57/><U63/><E107/><V113/><F113/><W108/><G108/><T78/><D78/><U42/><E42/><V16/><F28/><W9/><G9/><T102/><D102/><U34/><E34/><V15/><F25/><W95/><AGARI ba="0,0" hai="21,24,31,47,51,55,80,82,90,95,97,99,101,106" machi="95" ten="30,1100,0" yaku="0,1" doraHai="52" who="3" fromWho="3" sc="327,-3,330,-5,173,-3,170,11" />
</Scene>
<Scene>
<INIT seed="2,0,0,3,1,132" ten="324,325,170,181" oya="2" hai0="23,124,51,64,19,48,75,41,117,1,95,70,30" hai1="37,52,61,91,86,44,13,109,128,38,85,76,123" hai2="67,36,97,24,113,11,134,89,27,34,60,3,18" hai3="65,7,25,15,81,72,84,33,87,62,98,99,105"/><V6/><F36/><W35/><G72/><T55/><D1/><U39/><E109/><V107/><F113/><W59/><G87/><T20/><D75/><U32/><E32/><V92/><F134/><W96/><G105/><T4/><D4/><U103/><E103/><V131/><F131/><W53/><G25/><T83/><D83/><U112/><E112/><V46/><F46/><W90/><G7/><T82/><D82/><U126/><E76/><V133/><F133/><W47/><G15/><T110/><D64/><U45/><E128/><V88/><F27/><W29/><G29/><T119/><D70/><U14/><E123/><V57/><F107/><W0/><G0/><T69/><D69/><U116/><E116/><V102/><REACH who="2" step="1"/><F18/><REACH who="2" ten="324,325,160,181" step="2"/><W127/><G47/><N who="0" m="25711" /><D19/><U74/><E39/><V121/><F121/><W50/><G127/><T125/><D110/><U130/><E126/><N who="0" m="48745" /><D95/><U104/><E104/><V115/><F115/><W114/><G114/><T9/><D9/><U12/><E38/><V17/><F17/><W77/><G77/><T93/><D93/><U71/><E37/><V73/><F73/><W100/><G100/><T21/><D30/><AGARI ba="0,1" hai="3,6,11,24,30,34,57,60,67,88,89,92,97,102" machi="30" ten="40,3900,0" yaku="1,1,54,1,53,0" doraHai="132" doraHaiUra="10" who="2" fromWho="0" sc="324,-39,325,0,160,49,181,0" />
</Scene>
<Scene>
<INIT seed="2,1,0,1,4,25" ten="285,325,209,181" oya="2" hai0="119,111,97,84,80,123,132,47,48,26,87,99,58" hai1="86,36,106,121,21,8,77,71,91,19,117,103,54" hai2="55,116,115,27,120,29,62,131,43,112,82,41,127" hai3="38,68,133,0,7,85,73,33,20,60,51,9,35"/><V128/><F82/><W114/><G133/><T110/><D123/><U72/><E117/><V53/><F120/><W37/><G114/><N who="2" m="43561" /><F116/><W4/><G73/><T98/><D132/><U6/><E121/><V61/><F127/><W63/><G7/><T75/><D119/><U11/><E71/><V109/><F109/><N who="0" m="41482" /><D58/><U42/><E6/><V67/><F27/><W18/><G51/><T95/><D26/><U125/><E125/><V52/><F29/><W57/><G68/><T96/><D48/><U22/><E36/><V100/><F100/><W78/><G60/><N who="2" m="23145" /><F67/><W108/><G38/><T34/><D47/><U30/><E30/><V118/><F118/><W92/><G37/><T104/><D34/><U70/><E103/><V14/><F14/><W130/><G108/><T16/><D16/><U88/><E72/><V28/><F28/><W113/><G113/><T32/><D32/><U24/><E19/><V129/><AGARI ba="1,0" hai="41,43,52,53,55,128,129,131" m="23145,43561" machi="129" ten="40,18000,2" yaku="28,2,19,1,34,2,54,1" doraHai="25" who="2" fromWho="2" sc="285,-61,325,-61,209,183,181,-61" />
</Scene>
<Scene>
<INIT seed="2,2,0,1,2,57" ten="224,264,392,120" oya="2" hai0="18,14,83,64,62,115,38,20,29,58,55,37,24" hai1="107,75,118,9,95,87,109,48,44,12,40,2,93" hai2="72,8,117,69,15,130,122,60,4,43,13,74,94" hai3="61,96,11,84,49,39,99,106,6,33,112,26,63"/><V97/><F122/><W101/><G39/><T3/><D115/><U81/><E2/><V135/><F117/><W54/><G112/><T113/><D113/><U88/><E118/><V128/><F43/><W68/><G68/><T131/><D131/><N who="2" m="50218" /><F15/><W17/><G96/><T76/><D3/><U21/><E109/><V77/><F77/><W92/><G106/><T10/><REACH who="0" step="1"/><D64/><REACH who="0" ten="214,264,392,120" step="2"/><U108/><E108/><V73/><F135/><W36/><G36/><T126/><D126/><U125/><E125/><V45/><F73/><AGARI ba="2,1" hai="10,14,18,20,24,29,37,38,55,58,62,73,76,83" machi="73" ten="30,7700,0" yaku="1,1,7,1,52,1,53,1" doraHai="57" doraHaiUra="19" who="0" fromWho="2" sc="214,93,264,0,392,-83,120,0" />
</Scene>
<Scene>
<INIT seed="3,0,0,5,5,112" ten="307,264,309,120" oya="3" hai0="81,135,75,47,134,52,96,58,56,99,27,46,16" hai1="44,17,10,79,78,87,21,124,128,32,104,84,59" hai2="120,127,91,100,57,110,19,61,116,115,90,109,67" hai3="23,0,43,82,122,3,24,9,39,36,34,15,65"/><W102/><G122/><T92/><D75/><U103/><E32/><V131/><F115/><W88/><G34/><T68/><D68/><U48/><E128/><V8/><F120/><W133/><G133/><N who="0" m="50699" /><D81/><U74/><E10/><V119/><F100/><W98/><G65/><T97/><D92/><U49/><E124/><V77/><F77/><N who="1" m="29193" /><E104/><V129/><F127/><W2/><G43/><T107/><D107/><U1/><E1/><V121/><F121/><W51/><G51/><N who="0" m="30751" /><D58/><U125/><E103/><V31/><F31/><W42/><G42/><T40/><D40/><N who="1" m="24583" /><E74/><V69/><F69/><W35/><G35/><T30/><D30/><U132/><E125/><V62/><F62/><W54/><G102/><T64/><D64/><U12/><E132/><V94/><F8/><W66/><G66/><T106/><D106/><U22/><E22/><AGARI ba="0,0" hai="16,22,27,46,47,96,97,99" m="30751,50699" machi="22" ten="30,3900,0" yaku="20,1,54,2" doraHai="112" who="0" fromWho="1" sc="307,39,264,-39,309,0,120,0" />
</Scene>
<Scene>
<INIT seed="4,0,0,5,1,47" ten="346,225,309,120" oya="0" hai0="105,74,97,52,58,7,49,50,16,25,104,69,96" hai1="37,101,65,33,62,98,54,39,89,90,77,114,28" hai2="1,57,79,92,113,53,38,85,11,20,82,48,73" hai3="68,120,124,112,81,100,71,83,76,115,88,107,40"/><T46/><D69/><U131/><E131/><V70/><F70/><W29/><G29/><T87/><D74/><U0/><E0/><V78/><F38/><W51/><G124/><T102/><D7/><U24/><E77/><V66/><F66/><W103/><G120/><T72/><D72/><U31/><E114/><N who="3" m="43562" /><G103/><T121/><D121/><U43/><E31/><V129/><F113/><W10/><G10/><T64/><D87/><U34/><E34/><V95/><F129/><W6/><G6/><T4/><D4/><U133/><E54/><V44/><F1/><W135/><G135/><T86/><D86/><U106/><E133/><V3/><F3/><W17/><G17/><T99/><D64/><U132/><E132/><V22/><F11/><W14/><G14/><T94/><D104/><U80/><E43/><V91/><F79/><W30/><G30/><T23/><D105/><U59/><E80/><N who="3" m="30794" /><G88/><T55/><AGARI ba="0,0" hai="16,23,25,46,49,50,52,55,58,94,96,97,99,102" machi="55" ten="20,18000,2" yaku="0,1,7,1,8,1,52,2,54,2" doraHai="47" who="0" fromWho="0" sc="346,180,225,-60,309,-60,120,-60" />
</Scene>
<Scene>
<INIT seed="4,1,0,2,5,75" ten="526,165,249,60" oya="0" hai0="125,110,78,93,131,135,8,4,77,46,124,95,43" hai1="6,26,69,47,33,5,107,40,38,9,27,68,48" hai2="119,42,23,108,109,105,83,130,35,10,101,79,18" hai3="15,72,66,16,132,14,115,45,51,2,134,67,59"/><T61/><D110/><U80/><E107/><V127/><F35/><W49/><G2/><N who="0" m="23" /><D61/><U129/><E129/><V1/><F130/><W41/><G115/><T89/><D131/><U57/><E6/><V102/><F127/><N who="0" m="48714" /><D135/><N who="3" m="51753" /><G72/><T94/><D89/><U123/><E123/><V19/><F42/><W37/><G14/><T17/><D17/><U117/><E117/><V121/><F121/><W118/><G118/><T74/><D74/><U113/><E113/><V96/><F102/><W34/><G34/><T76/><D95/><U112/><E33/><V21/><F119/><W29/><G29/><T126/><D126/><U50/><E112/><V103/><F103/><W82/><G82/><T104/><D104/><U12/><E80/><V31/><F1/><W3/><G3/><T99/><D99/><U54/><REACH who="1" step="1"/><E50/><AGARI ba="1,0" hai="43,46,50,76,77,78,93,94" m="48714,23" machi="50" ten="30,11600,0" yaku="18,1,52,3" doraHai="75" who="0" fromWho="1" sc="526,119,165,-119,249,0,60,0" />
</Scene>
<Scene>
<INIT seed="4,2,0,1,5,79" ten="645,46,249,60" oya="0" hai0="85,8,77,64,43,127,5,100,90,86,4,134,68" hai1="112,70,105,119,34,102,124,32,60,44,83,47,38" hai2="113,21,14,62,114,131,128,123,89,92,1,0,12" hai3="69,48,30,117,110,96,132,78,40,31,80,93,109"/><T19/><D134/><U99/><E119/><V73/><F73/><W50/><G117/><T71/><D127/><U135/><E124/><V88/><F123/><W58/><G69/><T35/><D35/><U28/><E135/><V63/><F21/><W37/><G132/><T107/><D43/><U49/><E112/><V66/><F92/><W24/><G31/><T53/><D53/><U39/><E47/><V115/><F115/><W56/><G37/><T87/><D77/><U59/><E34/><V108/><REACH who="2" step="1"/><F66/><REACH who="2" ten="645,46,239,60" step="2"/><W52/><G93/><N who="0" m="54479" /><D64/><U122/><E122/><V33/><F33/><W17/><G109/><AGARI ba="2,1" hai="0,1,12,14,62,63,88,89,108,109,113,114,128,131" machi="109" ten="25,6400,0" yaku="1,1,22,2,54,1,53,0" doraHai="79" doraHaiUra="98" who="2" fromWho="3" sc="645,0,46,0,239,80,60,-70" owari="645,74.0,46,-35.0,319,12.0,-10,-51.0" />
</Scene>
</mjloggm>