<mjloggm ver="2.3"><GO type="169"/><UN n0="%41%53%41%50%49%4E" n1="%E3%83%88%E3%83%9E%E3%82%BD%E3%83%B3" n2="%E3%80%93%E6%9D%BE%E4%BA%95%EF%BC%A3%EF%BC%B3%E3%80%93" n3="%E3%81%99%E3%81%9A%E3%82%81%E3%82%AF%E3%83%AC%E3%82%A4%E3%82%B8%E3%83%BC" dan="18,16,17,17" rate="2261,2070,2163,2161" sx="M,M,M,M"/><TAIKYOKU oya="0"/>

<Scene>
<INIT seed="0,0,0,2,0,118" ten="250,250,250,250" oya="0" hai0="76,37,101,100,113,84,63,61,98,131,125,73,5" hai1="64,83,57,2,86,109,20,1,88,24,21,91,68" hai2="103,115,112,97,29,52,22,15,117,116,65,119,12" hai3="39,19,17,82,99,6,120,0,105,7,47,10,59"/><T123/><D113/><U53/><E109/><V60/><F12/><W128/><G128/><T107/><D37/><U79/><E68/><V134/><F134/><W3/><G59/><T80/><D131/><U96/><E64/><V70/><F52/><W72/><G120/><T78/><D125/><U33/><E33/><V77/><F77/><W54/><G54/><T129/><D129/><U108/><E21/><V92/><F15/><W111/><G111/><T55/><D123/><U127/><E127/><V122/><F122/><W9/><G99/><T23/><D101/><U130/><E130/><V124/><F124/><W102/><G105/><T13/><D78/><U66/><E66/><V14/><F14/><W94/><G94/><T44/><D73/><U51/><E108/><V87/><F87/><W132/><G102/><T16/><REACH who="0" step="1"/><D5/><REACH who="0" ten="240,250,250,250" step="2"/><U95/><REACH who="1" step="1"/><E79/><REACH who="1" ten="240,240,250,250" step="2"/><V18/><F115/><W81/><G132/><T25/><D25/><U36/><E36/><V40/><F112/><W71/><G39/><T93/><D93/><U114/><E114/><V58/><F119/><W135/><G135/><T30/><D30/><AGARI ba="0,2" hai="1,2,20,24,30,51,53,57,83,86,88,91,95,96" machi="30" ten="30,3900,0" yaku="1,1,7,1,54,1,53,0" doraHai="118" doraHaiUra="41" who="1" fromWho="0" sc="240,-39,240,59,250,0,250,0" />
</Scene>
<Scene>
<INIT seed="1,0,0,5,4,44" ten="201,299,250,250" oya="1" hai0="119,34,48,111,35,79,67,57,45,5,56,77,15" hai1="134,0,116,96,73,58,118,31,129,132,50,81,135" hai2="120,121,87,108,1,19,83,30,80,17,54,27,122" hai3="8,18,103,92,43,11,42,37,126,7,84,9,101"/><U86/><E0/><V98/><F108/><W109/><G109/><T94/><D111/><U104/><E31/><V130/><F130/><W51/><G37/><T40/><D119/><U93/><E58/><V110/><F1/><W88/><G126/><T113/><D113/><U39/><E39/><V16/><F110/><W47/><G43/><T66/><D35/><U10/><E10/><V3/><F3/><W91/><G7/><T82/><D34/><U6/><E6/><V52/><F98/><W13/><G91/><T49/><D94/><U62/><E62/><V72/><F72/><W14/><REACH who="3" step="1"/><G13/><REACH who="3" ten="201,299,250,240" step="2"/><T36/><D36/><U32/><E129/><V105/><F105/><W127/><G127/><T115/><D115/><U106/><E118/><V125/><F125/><W20/><AGARI ba="0,1" hai="8,9,11,14,18,20,42,47,51,84,88,92,101,103" machi="20" ten="30,8000,1" yaku="1,1,0,1,8,1,52,1,54,1,53,0" doraHai="44" doraHaiUra="123" who="3" fromWho="3" sc="201,-20,299,-40,250,-20,240,90" />
</Scene>
<Scene>
<INIT seed="2,0,0,5,0,88" ten="181,259,230,330" oya="2" hai0="37,64,46,122,8,51,111,69,95,126,25,30,23" hai1="5,70,34,112,35,49,14,18,130,123,43,54,36" hai2="50,16,38,83,94,45,74,125,44,29,68,110,124" hai3="91,17,86,7,129,2,63,107,65,52,28,114,121"/><V9/><F68/><W119/><G121/><T134/><D122/><U133/><E123/><V135/><F135/><W39/><G39/><T66/><D37/><U132/><E70/><V97/><F29/><W56/><G107/><T90/><D134/><N who="1" m="51819" /><E112/><V48/><F110/><W47/><G119/><T101/><D111/><U113/><E113/><V73/><F38/><W59/><G28/><T67/><D126/><N who="2" m="48746" /><F50/><W1/><G47/><N who="2" m="17993" /><F48/><W78/><G129/><T61/><D101/><U72/><E43/><V77/><F73/><W92/><G7/><T40/><REACH who="0" step="1"/><D8/><REACH who="0" ten="171,259,230,330" step="2"/><N who="1" m="6471" /><E36/><V26/><F9/><W15/><G114/><T81/><D81/><U117/><E117/><V82/><F82/><W53/><G78/><T106/><D106/><U27/><E72/><V89/><F83/><W84/><G1/><T105/><D105/><U41/><E41/><V76/><F74/><W71/><G2/><T79/><D79/><U80/><E80/><V75/><F75/><W98/><G71/><T87/><AGARI ba="0,1" hai="23,25,30,40,46,51,61,64,66,67,69,87,90,95" machi="87" ten="20,8000,1" yaku="1,1,0,1,7,1,52,1,53,1" doraHai="88" doraHaiUra="20" who="0" fromWho="0" sc="171,90,259,-20,230,-40,330,-20" />
</Scene>
<Scene>
<INIT seed="3,0,0,5,2,38" ten="261,239,190,310" oya="3" hai0="85,66,20,9,95,79,19,113,105,55,123,83,128" hai1="107,132,37,108,43,84,97,86,111,16,135,134,42" hai2="117,39,10,89,30,61,103,15,131,47,44,29,106" hai3="122,45,1,130,93,101,82,118,65,59,35,115,69"/><W56/><G1/><T98/><D123/><U24/><E37/><V99/><F131/><W129/><G35/><T28/><D128/><N who="3" m="49257" /><G122/><T80/><D113/><U78/><E107/><V3/><F117/><W64/><G118/><T17/><D105/><U71/><E71/><V12/><F3/><W52/><G82/><N who="0" m="47327" /><D66/><N who="3" m="25705" /><G69/><T87/><D55/><U53/><E97/><V63/><F63/><W126/><G126/><T96/><D96/><U6/><E6/><V119/><F61/><W112/><G93/><T13/><D28/><U76/><E53/><V31/><F119/><W77/><G77/><N who="1" m="29802" /><E86/><V114/><F114/><N who="3" m="43563" /><G101/><N who="0" m="60639" /><D87/><U68/><E84/><V48/><F89/><W51/><AGARI ba="0,0" hai="45,51,52,56,59" m="43563,25705,49257" machi="51" ten="40,12000,1" yaku="19,1,34,2,54,1" doraHai="38" who="3" fromWho="3" sc="261,-40,239,-40,190,-40,310,120" />
</Scene>
<Scene>
<INIT seed="3,1,0,5,3,49" ten="221,199,150,430" oya="3" hai0="132,102,54,124,86,127,40,99,91,46,106,65,51" hai1="100,110,9,3,77,66,28,5,72,133,8,4,20" hai2="112,71,48,109,45,68,24,34,22,56,25,69,19" hai3="23,116,33,94,80,130,75,87,85,90,92,57,115"/><W14/><G33/><T89/><D132/><U47/><E110/><V29/><F109/><W41/><G116/><T78/><D65/><U59/><E133/><V134/><F134/><W123/><G123/><T2/><D2/><U118/><E118/><V111/><F111/><W18/><G130/><T104/><D104/><U39/><E100/><V103/><F112/><W108/><G75/><T84/><D78/><U31/><E20/><V98/><F56/><W38/><G115/><T42/><D86/><U17/><E17/><V122/><F122/><W93/><G38/><T12/><D12/><U114/><E114/><V95/><REACH who="2" step="1"/><F71/><REACH who="2" ten="221,199,140,430" step="2"/><W32/><G108/><T0/><D127/><U76/><E59/><V129/><F129/><W6/><G32/><T16/><D124/><U113/><E113/><V131/><F131/><W82/><G57/><T1/><D1/><N who="1" m="15" /><E66/><V58/><F58/><W83/><G6/><T135/><D0/><U62/><E62/><V96/><F96/><W107/><G87/><T119/><D135/><U52/><E72/><V10/><F10/><W67/><G67/><T117/><D119/><U125/><E125/><V128/><F128/><W37/><G85/><T11/><D117/><U55/><E76/><V35/><F35/><W30/><G23/><T43/><D84/><U50/><E77/><V21/><F21/><W121/><G121/><T7/><D7/><U26/><E5/><V74/><F74/><W88/><G82/><T36/><D36/><U60/><E39/><V15/><F15/><W79/><G83/><T27/><D11/><U44/><E9/><RYUUKYOKU ba="1,1" sc="221,15,199,-15,140,15,430,-15" hai0="16,27,40,42,43,46,51,54,89,91,99,102,106" hai2="19,22,24,25,29,34,45,48,68,69,95,98,103" />
</Scene>
<Scene>
<INIT seed="4,2,1,2,0,103" ten="236,184,155,415" oya="0" hai0="51,73,78,27,14,57,96,104,36,99,122,44,113" hai1="128,123,49,97,22,34,68,126,88,133,93,15,105" hai2="13,40,65,66,83,30,125,101,130,87,76,9,54" hai3="19,84,53,37,120,75,132,90,39,4,16,85,121"/><T24/><D122/><N who="3" m="47209" /><G75/><T89/><D113/><U112/><E112/><V50/><F130/><W0/><G132/><T131/><D131/><U18/><E133/><V80/><F125/><W129/><G129/><T82/><D36/><N who="3" m="13897" /><G53/><T11/><D57/><U29/><E68/><V77/><F40/><W109/><G109/><T124/><D124/><U17/><E126/><V111/><F30/><W3/><G85/><T117/><D117/><U42/><E123/><V58/><F101/><W86/><G84/><T41/><D96/><U98/><E128/><V95/><F95/><W67/><G67/><N who="2" m="25609" /><F111/><W107/><G107/><T115/><D115/><U33/><E29/><V52/><F54/><W102/><G102/><T71/><D71/><U20/><E105/><V7/><F83/><W63/><G63/><T48/><D48/><U92/><E49/><V46/><F77/><W135/><G4/><T70/><D70/><U100/><REACH who="1" step="1"/><E42/><REACH who="1" ten="236,174,155,415" step="2"/><V60/><F60/><W6/><G135/><T32/><D104/><U114/><E114/><V23/><F23/><W74/><G74/><T108/><D108/><U10/><E10/><V35/><F35/><W127/><G127/><T8/><D32/><U116/><E116/><V119/><F119/><W25/><G0/><T56/><D8/><U69/><E69/><V31/><F31/><W81/><G3/><T79/><D11/><U94/><E94/><V62/><F62/><W118/><G81/><T61/><D82/><U5/><E5/><V12/><F58/><W26/><G118/><T47/><D56/><U28/><E28/><V134/><F134/><RYUUKYOKU ba="2,2" sc="236,-15,174,15,155,15,415,-15" hai1="15,17,18,20,22,33,34,88,92,93,97,98,100" hai2="7,9,12,13,46,50,52,76,80,87" />
</Scene>
<Scene>
<INIT seed="5,3,2,0,5,51" ten="221,189,170,400" oya="1" hai0="16,83,42,96,46,97,84,127,41,22,85,19,8" hai1="122,74,0,66,132,92,35,116,82,88,103,126,70" hai2="109,111,114,79,90,56,112,3,20,87,4,106,27" hai3="120,113,67,23,10,34,131,107,123,13,62,128,59"/><U104/><RYUUKYOKU type="yao9" ba="3,2" sc="221,0,189,0,170,0,400,0" hai1="0,35,66,70,74,82,88,92,103,104,116,122,126,132" />
</Scene>
<Scene>
<INIT seed="5,4,2,0,1,1" ten="221,189,170,400" oya="1" hai0="123,46,13,67,130,22,64,50,3,77,113,72,59" hai1="122,89,25,36,87,85,41,62,108,5,131,111,56" hai2="44,70,79,104,107,118,121,84,103,48,21,27,26" hai3="126,99,38,8,14,39,17,109,83,101,11,57,98"/><U90/><E122/><V116/><F121/><W120/><G109/><N who="1" m="42058" /><E131/><V80/><F70/><W133/><G133/><T66/><D3/><U4/><E25/><V128/><F128/><W76/><G126/><T20/><D123/><U71/><E71/><V60/><F60/><W82/><G82/><T9/><D130/><U51/><E36/><V73/><F27/><W32/><G99/><T124/><D124/><U0/><E0/><V12/><F12/><W30/><G30/><T100/><D113/><U91/><E51/><V119/><F73/><W45/><G32/><T75/><D100/><U35/><E41/><V97/><F107/><W134/><G38/><T81/><D59/><U96/><E96/><V93/><F104/><W53/><G45/><T43/><REACH who="0" step="1"/><D75/><REACH who="0" ten="211,189,170,400" step="2"/><U61/><E35/><V55/><REACH who="2" step="1"/><F119/><REACH who="2" ten="211,189,160,400" step="2"/><W10/><G120/><T86/><D86/><N who="1" m="32779" /><E62/><V19/><AGARI ba="4,4" hai="19,21,26,44,48,55,79,80,84,93,97,103,116,118" machi="19" ten="20,8000,1" yaku="1,1,0,1,7,1,53,2" doraHai="1" doraHaiUra="115" who="2" fromWho="2" sc="211,-24,189,-44,160,132,400,-24" />
</Scene>
<Scene>
<INIT seed="6,0,0,3,3,24" ten="187,145,292,376" oya="2" hai0="40,55,2,94,130,106,88,17,96,18,105,12,82" hai1="63,98,27,85,64,49,57,33,59,14,29,75,81" hai2="129,83,104,11,60,20,115,61,107,73,66,128,78" hai3="118,47,97,95,77,91,54,134,13,102,26,65,110"/><V67/><F115/><W62/><G134/><T16/><D2/><U109/><E109/><V31/><F11/><W99/><G118/><T3/><D3/><U79/><E14/><V126/><F126/><W121/><G77/><T28/><D130/><N who="2" m="50282" /><F20/><W58/><G121/><T32/><D40/><U133/><E133/><V122/><F122/><W125/><G110/><T35/><D12/><U117/><E117/><V22/><F22/><W1/><G1/><T9/><D9/><U4/><E4/><V43/><F43/><W8/><G26/><T19/><D19/><U7/><E7/><V34/><F31/><W116/><G125/><T23/><D55/><U72/><E98/><V0/><F34/><W123/><G123/><T131/><D131/><U100/><E100/><V25/><F25/><W89/><G99/><T74/><D32/><U71/><E71/><N who="2" m="42439" /><F0/><W5/><G116/><T124/><D35/><U38/><E38/><V41/><F41/><W45/><G65/><T39/><D39/><U132/><REACH who="1" step="1"/><E132/><REACH who="1" ten="187,135,292,376" step="2"/><V120/><F120/><W80/><G102/><N who="0" m="60695" /><D124/><U76/><E76/><V30/><F30/><W56/><G5/><T93/><D28/><U42/><E42/><V87/><F73/><W69/><G69/><AGARI ba="0,1" hai="61,67,69,78,83,87,104,107" m="42439,50282" machi="69" ten="30,1500,0" yaku="19,1" doraHai="24" who="2" fromWho="3" sc="187,0,135,0,292,25,376,-15" />
</Scene>
<Scene>
<INIT seed="6,1,0,4,2,58" ten="187,135,317,361" oya="2" hai0="52,111,107,106,84,32,128,98,18,33,85,126,116" hai1="46,7,90,55,131,67,14,80,88,103,3,21,25" hai2="91,122,26,31,47,12,37,60,2,117,133,113,74" hai3="8,28,104,75,101,94,105,87,36,13,41,70,40"/><V17/><F2/><W73/><G70/><T20/><D111/><U0/><E131/><V64/><F117/><W65/><G65/><T44/><D128/><U72/><E103/><V77/><F122/><W61/><G28/><T6/><D116/><U4/><E67/><V76/><F113/><W132/><G132/><T42/><D126/><U78/><E3/><V109/><F133/><W108/><G36/><T124/><D124/><U119/><E119/><V22/><F109/><W59/><G75/><T39/><D6/><U54/><E0/><V19/><F19/><W16/><G73/><T48/><D85/><U114/><E114/><V56/><F74/><W10/><G105/><T130/><D130/><U97/><E7/><V68/><F91/><W57/><G104/><T43/><D43/><U102/><E54/><V115/><F115/><W118/><G59/><T1/><D1/><U95/><E14/><V89/><F68/><W50/><G108/><T9/><D9/><U121/><E4/><V45/><F37/><W30/><G30/><T127/><D127/><U66/><E66/><V38/><F38/><W5/><G10/><T15/><D106/><U53/><E53/><V81/><F45/><W99/><G5/><T51/><D39/><U34/><E34/><V35/><REACH who="2" step="1"/><F47/><REACH who="2" ten="187,135,307,361" step="2"/><N who="3" m="25959" /><G118/><T93/><D44/><U110/><E110/><V29/><F29/><W135/><G135/><T112/><D112/><U129/><E121/><V23/><F23/><W11/><G11/><T49/><D20/><U69/><E69/><V82/><F82/><W62/><G8/><T96/><D42/><RYUUKYOKU ba="1,1" sc="187,-10,135,-10,307,30,361,-10" hai2="12,17,22,26,31,35,56,60,64,76,77,81,89" />
</Scene>
<Scene>
<INIT seed="6,2,1,2,1,76" ten="177,125,337,351" oya="2" hai0="120,73,42,96,49,91,109,26,62,13,115,88,101" hai1="33,3,123,41,126,2,44,108,110,28,61,117,51" hai2="25,48,17,45,14,27,77,37,70,135,64,52,116" hai3="16,56,95,79,21,32,20,102,58,89,31,71,39"/><V0/><F0/><W90/><G71/><T23/><D109/><U63/><E28/><V38/><F116/><W98/><G39/><T81/><D120/><U119/><E51/><V5/><F5/><W6/><G32/><T66/><D115/><U75/><E41/><V67/><F135/><W74/><G74/><T87/><D73/><U84/><E75/><V86/><F38/><W112/><G79/><T9/><D49/><U83/><E84/><V47/><F70/><W121/><G6/><N who="0" m="3255" /><D42/><U69/><E69/><V128/><F128/><W4/><G4/><T12/><D12/><U85/><E85/><V55/><F55/><W106/><G106/><T92/><D62/><U29/><E29/><V80/><F45/><W1/><G112/><T11/><D66/><N who="2" m="25130" /><F37/><W124/><G1/><T113/><D11/><AGARI ba="2,1" hai="11,14,17,25,27,47,48,52,77,80,86" m="25130" machi="11" ten="30,5800,0" yaku="8,1,52,1,54,1" doraHai="76" who="2" fromWho="0" sc="177,-64,125,0,337,74,351,0" />
</Scene>
<Scene>
<INIT seed="6,3,0,0,4,13" ten="113,125,411,351" oya="2" hai0="92,106,115,18,9,73,33,46,97,22,127,62,2" hai1="47,116,17,21,23,78,98,124,5,42,51,6,74" hai2="79,80,91,133,43,90,39,0,41,31,95,101,76" hai3="11,58,118,105,57,60,24,77,123,83,61,63,93"/><V14/><F0/><W16/><G105/><T26/><D73/><U12/><E116/><V36/><F101/><W104/><G104/><T1/><D106/><U96/><E124/><V53/><F31/><W40/><G123/><T81/><D127/><U54/><E78/><V125/><F125/><W130/><G40/><T108/><D108/><U15/><E74/><V128/><F128/><W64/><G130/><T38/><D115/><U3/><E3/><V99/><F133/><W20/><G118/><T132/><D132/><U71/><E71/><V100/><F100/><W75/><G58/><T113/><D113/><U10/><E6/><V48/><F39/><W126/><G126/><T87/><D33/><U59/><E23/><V88/><F36/><AGARI ba="3,0" hai="5,10,12,15,17,21,36,42,47,51,54,59,96,98" machi="36" ten="30,2000,0" yaku="7,1,52,1" doraHai="13" who="1" fromWho="2" sc="113,0,125,29,411,-29,351,0" />
</Scene>
<Scene>
<INIT seed="7,0,0,3,1,87" ten="113,154,382,351" oya="3" hai0="18,30,25,80,31,89,94,109,85,75,100,27,3" hai1="40,7,95,125,79,12,13,29,67,1,127,56,60" hai2="38,132,35,69,101,134,116,0,122,15,123,115,104" hai3="4,106,91,131,72,5,105,14,76,21,111,62,47"/><W98/><G72/><T22/><D109/><U108/><E108/><V55/><F0/><W61/><G111/><T78/><D3/><U119/><E119/><V102/><F116/><W110/><G110/><T135/><D135/><U70/><E79/><V44/><F115/><W129/><G76/><T33/><D100/><N who="2" m="38506" /><F104/><N who="3" m="40043" /><G47/><T49/><D49/><U121/><E121/><N who="2" m="46091" /><F69/><W107/><N who="3" m="40051" /><W86/><DORA hai="73" /><G98/><T74/><REACH who="0" step="1"/><D30/><REACH who="0" ten="103,154,382,351" step="2"/><U133/><E29/><V77/><F134/><W46/><G46/><T28/><D28/><U97/><E133/><V10/><F132/><W48/><G48/><T65/><D65/><U17/><E127/><V50/><F44/><W2/><G2/><T124/><D124/><U54/><E125/><V128/><F50/><W96/><G96/><AGARI ba="0,1" hai="18,22,25,27,31,33,74,75,78,80,85,89,94,96" machi="96" ten="30,7700,0" yaku="1,1,7,1,52,2,53,0" doraHai="87,73" doraHaiUra="37,57" who="0" fromWho="3" sc="103,87,154,0,382,0,351,-77" owari="190,-21.0,154,-35.0,382,49.0,274,7.0" />
</Scene>
</mjloggm>