<mjloggm ver="2.3"><GO type="169"/><UN n0="%E6%9C%88%E9%95%B7%E7%9F%B3" n1="%E2%84%83%2D%75%74%65" n2="%41%53%41%50%49%4E" n3="%E3%81%84%E3%81%97%E3%81%97%E3%82%93%49%44%E7%B4%9B%E5%A4%B1" dan="16,17,18,16" rate="2097,2175,2213,2064" sx="M,M,M,M"/><TAIKYOKU oya="0"/>

<Scene>
<INIT seed="0,0,0,4,0,51" ten="250,250,250,250" oya="0" hai0="78,96,75,124,33,5,49,42,47,135,106,48,132" hai1="66,52,80,16,17,90,13,98,121,50,100,4,105" hai2="40,128,88,101,11,112,85,34,26,60,102,134,24" hai3="129,120,3,21,117,118,113,104,14,12,32,29,44"/><T126/><D33/><U82/><E121/><V72/><F112/><W108/><G104/><T7/><D78/><U79/><E66/><V63/><F72/><W56/><G3/><T67/><D67/><U6/><E90/><V97/><F128/><W83/><G32/><T71/><D71/><U123/><E123/><V91/><F134/><N who="0" m="51242" /><D75/><U114/><E114/><V9/><F40/><W127/><G113/><T64/><D64/><U36/><E36/><V18/><F34/><W76/><G120/><T19/><D19/><U37/><E37/><V39/><F39/><W110/><G129/><T35/><D35/><U125/><E125/><N who="0" m="48233" /><D48/><U68/><E68/><V93/><F18/><W1/><G127/><T89/><D89/><U31/><E31/><V95/><F85/><W84/><G84/><T58/><D58/><U30/><E30/><V41/><F97/><W15/><G56/><T62/><D62/><U77/><E77/><V45/><F45/><W115/><G44/><T43/><D43/><U119/><E17/><V81/><F41/><W87/><G115/><T20/><D20/><U10/><E119/><N who="3" m="45578" /><G29/><T28/><D28/><U103/><E103/><AGARI ba="0,0" hai="5,7,42,47,49,96,103,106" m="48233,51242" machi="103" ten="30,2900,0" yaku="20,1,18,1" doraHai="51" who="0" fromWho="1" sc="250,29,250,-29,250,0,250,0" />
</Scene>
<Scene>
<INIT seed="0,1,0,1,0,67" ten="279,221,250,250" oya="0" hai0="57,10,90,43,22,109,96,102,104,41,56,123,80" hai1="70,125,82,59,60,26,14,40,95,81,39,48,20" hai2="5,3,76,4,28,84,61,134,49,7,78,31,100" hai3="17,113,97,101,62,126,52,92,79,54,19,65,77"/><T38/><D123/><U9/><E125/><V35/><F134/><W114/><G126/><T29/><D109/><U94/><E39/><V120/><F120/><W53/><G114/><T18/><D10/><U88/><E40/><V112/><F112/><W8/><G113/><T87/><D29/><U133/><E48/><V93/><F3/><W135/><G135/><T1/><D1/><U74/><E74/><V124/><F124/><W2/><G2/><T34/><D34/><U108/><E108/><V107/><F107/><W12/><REACH who="3" step="1"/><G19/><REACH who="3" ten="279,221,250,240" step="2"/><T16/><D18/><N who="1" m="12567" /><E133/><V110/><F4/><W11/><G11/><T25/><D38/><U21/><E9/><V115/><F5/><W128/><G128/><T105/><D105/><U130/><E130/><V116/><F7/><W86/><G86/><T58/><AGARI ba="1,1" hai="16,22,25,41,43,56,57,58,80,87,90,96,102,104" machi="58" ten="30,3000,0" yaku="0,1,54,1" doraHai="67" who="0" fromWho="0" sc="279,43,221,-11,250,-11,240,-11" />
</Scene>
<Scene>
<INIT seed="0,2,0,4,5,14" ten="322,210,239,229" oya="0" hai0="90,89,0,40,93,23,106,55,68,4,5,80,58" hai1="26,30,56,99,10,120,11,47,126,60,21,105,17" hai2="48,13,1,52,62,51,64,6,96,95,114,81,123" hai3="124,36,85,100,69,87,94,15,125,12,110,132,31"/><T18/><D68/><U78/><E120/><V39/><F114/><W37/><G69/><T77/><D106/><U135/><E135/><V79/><F123/><W121/><G121/><T118/><D118/><U108/><E108/><V9/><F39/><N who="3" m="14923" /><G31/><T116/><D40/><U27/><E126/><N who="3" m="48746" /><G110/><T133/><D133/><U24/><E78/><V2/><F64/><W63/><G63/><T35/><D35/><U46/><E105/><V112/><F112/><W109/><G109/><T97/><D116/><U103/><E103/><V19/><F6/><N who="0" m="2666" /><D0/><U32/><E99/><V88/><F51/><W7/><G132/><T129/><D129/><U67/><REACH who="1" step="1"/><E27/><REACH who="1" ten="322,200,239,229" step="2"/><V16/><F2/><W44/><G100/><N who="0" m="60463" /><D77/><U131/><E131/><V83/><F1/><W20/><G87/><T54/><D80/><U74/><E74/><V22/><F79/><W3/><G3/><T28/><D90/><U70/><E70/><V75/><F75/><W53/><G94/><T134/><D89/><U107/><E107/><V66/><F66/><W119/><G119/><T92/><D134/><U38/><E38/><V59/><F48/><N who="3" m="28807" /><G85/><T45/><D92/><U86/><E86/><V98/><F96/><W122/><G122/><T71/><D71/><U101/><E101/><V127/><F127/><W34/><G34/><T102/><D102/><U61/><E61/><V128/><F128/><W76/><G76/><T49/><D28/><U111/><E111/><V130/><F130/><W65/><G65/><T82/><D82/><U73/><E73/><V33/><F33/><W117/><G117/><T115/><D49/><RYUUKYOKU ba="2,1" sc="322,-15,200,15,239,15,229,-15" hai1="10,11,17,21,24,26,30,32,46,47,56,60,67" hai2="9,13,16,19,22,52,59,62,81,83,88,95,98" />
</Scene>
<Scene>
<INIT seed="1,3,1,4,2,39" ten="307,215,254,214" oya="1" hai0="130,65,100,45,118,117,24,78,3,128,8,99,95" hai1="108,92,20,1,90,131,46,19,123,127,27,2,69" hai2="80,51,13,135,4,94,106,87,33,97,119,56,17" hai3="132,129,84,58,122,98,93,0,36,89,54,104,74"/><U116/><E123/><V125/><F119/><W62/><G122/><T43/><D78/><U79/><E116/><V31/><F135/><W32/><G0/><T75/><D75/><U66/><E79/><V18/><F125/><W5/><G5/><N who="0" m="1087" /><D65/><U73/><E73/><V67/><F106/><W76/><G32/><T85/><D85/><U42/><E127/><V77/><F31/><W25/><G132/><T68/><D24/><U22/><E131/><N who="0" m="50217" /><D68/><U53/><E108/><V102/><F33/><W83/><G129/><T6/><D6/><U60/><E22/><V88/><F77/><W48/><G25/><T29/><D29/><U114/><E53/><N who="2" m="31807" /><F67/><W113/><G113/><T41/><D41/><U82/><E82/><V124/><F124/><W133/><G133/><T86/><D86/><U44/><E114/><V71/><F71/><W121/><G121/><T47/><D47/><U26/><E46/><V101/><F4/><W72/><G36/><AGARI ba="3,1" hai="36,43,45,95,99,100,117,118" m="50217,1087" machi="36" ten="30,2000,0" yaku="19,1,52,1" doraHai="39" who="0" fromWho="3" sc="307,39,215,0,254,0,214,-29" />
</Scene>
<Scene>
<INIT seed="2,0,0,4,5,67" ten="346,215,254,185" oya="2" hai0="35,102,73,111,10,51,57,18,82,93,48,112,106" hai1="103,62,77,45,20,26,1,68,96,89,81,128,49" hai2="34,84,23,41,71,28,117,13,116,107,33,53,100" hai3="64,83,61,123,50,47,132,0,94,32,43,29,115"/><V98/><F41/><W74/><G0/><T104/><D35/><U87/><E1/><V42/><F42/><W55/><G123/><T85/><D112/><U76/><E128/><V46/><F71/><W105/><G105/><T79/><D111/><U38/><E38/><V44/><F34/><W9/><G115/><T52/><D48/><U72/><E72/><V86/><F33/><W24/><G132/><T88/><D102/><U122/><E122/><V113/><F113/><W58/><G9/><T97/><D97/><U54/><E62/><V126/><F126/><W135/><G135/><T27/><D10/><U114/><E68/><V19/><F28/><W17/><G17/><T6/><D6/><U121/><E114/><V63/><F46/><W7/><G7/><T65/><D65/><U78/><E121/><V15/><F15/><W37/><G94/><T95/><REACH who="0" step="1"/><D93/><REACH who="0" ten="336,215,254,185" step="2"/><N who="1" m="56367" /><E103/><V69/><F98/><W40/><G37/><T3/><D3/><U125/><E125/><V124/><F124/><W8/><G8/><T90/><D90/><U110/><E110/><V60/><F100/><W36/><G36/><T31/><D31/><AGARI ba="0,1" hai="20,26,31,45,49,54,76,77,78,81,87" m="56367" machi="31" ten="30,1000,0" yaku="8,1" doraHai="67" who="1" fromWho="0" sc="336,-10,215,20,254,0,185,0" />
</Scene>
<Scene>
<INIT seed="3,0,0,2,3,88" ten="326,235,254,185" oya="3" hai0="15,23,49,43,29,30,95,25,120,40,124,56,68" hai1="119,58,92,65,1,12,130,75,28,80,45,121,78" hai2="133,27,103,108,41,96,87,73,10,60,19,115,76" hai3="125,31,104,89,94,3,35,93,132,112,14,54,39"/><W71/><G3/><T82/><D68/><U106/><E106/><V81/><F115/><W100/><G112/><T110/><D120/><U26/><E1/><V97/><F108/><W77/><G39/><T37/><D110/><U86/><E121/><V70/><F133/><W85/><G71/><T126/><D37/><U98/><E45/><V91/><F41/><W17/><G104/><T127/><D30/><U134/><E134/><V34/><F103/><W117/><G117/><T61/><D82/><U4/><E130/><V18/><F18/><W47/><G77/><T69/><D95/><U105/><E105/><V24/><F24/><W51/><G132/><T64/><D15/><U16/><E4/><V84/><F73/><W20/><G125/><T122/><D122/><U123/><E123/><V11/><F34/><W48/><G35/><T44/><D69/><U7/><E7/><V74/><F74/><W67/><G67/><T63/><D63/><N who="1" m="38135" /><E75/><V116/><F60/><W90/><G31/><T55/><AGARI ba="0,0" hai="23,25,29,40,43,44,49,55,56,61,64,124,126,127" machi="55" ten="30,2000,0" yaku="0,1,18,1" doraHai="88" who="0" fromWho="0" sc="326,20,235,-5,254,-5,185,-10" />
</Scene>
<Scene>
<INIT seed="4,0,0,5,3,88" ten="346,230,249,175" oya="0" hai0="101,41,7,54,109,94,27,125,121,18,48,39,58" hai1="128,28,33,96,36,62,45,89,68,112,56,80,131" hai2="6,20,57,87,22,19,84,118,76,66,65,75,108" hai3="34,67,85,2,32,52,35,38,127,24,99,1,17"/><T105/><D121/><U129/><E68/><V81/><F108/><W117/><G117/><T103/><D109/><U98/><E112/><V114/><F114/><W133/><G38/><T46/><D105/><U111/><E111/><V115/><F115/><W86/><G67/><T13/><D125/><U26/><E36/><V130/><F118/><W63/><G127/><T73/><D73/><U40/><E40/><V10/><F130/><W14/><G24/><T61/><D7/><U31/><E45/><V135/><F135/><W74/><G74/><T77/><D77/><U124/><E124/><V69/><F69/><W97/><G1/><T47/><D27/><U70/><E70/><V102/><F102/><W78/><G2/><T100/><D47/><U21/><E31/><V116/><F116/><W120/><G120/><T37/><D94/><N who="1" m="56399" /><E80/><V51/><F87/><W9/><G86/><T83/><D83/><U23/><E98/><V79/><F79/><W43/><G43/><T25/><D25/><U95/><E95/><V134/><F75/><W11/><G133/><T4/><D4/><U49/><E49/><V119/><F6/><W42/><G42/><T123/><D123/><U82/><E82/><V126/><F126/><W122/><G122/><T113/><D113/><U92/><E92/><V132/><F119/><W5/><G85/><T8/><AGARI ba="0,0" hai="8,13,18,37,39,41,46,48,54,58,61,100,101,103" machi="8" ten="30,1500,0" yaku="0,1" doraHai="88" who="0" fromWho="0" sc="346,15,230,-5,249,-5,175,-5" />
</Scene>
<Scene>
<INIT seed="4,1,0,2,2,30" ten="361,225,244,170" oya="0" hai0="45,85,99,3,58,105,48,135,7,27,82,108,131" hai1="33,63,4,87,24,72,125,26,21,47,10,66,55" hai2="69,62,25,110,18,106,9,19,129,127,103,61,8" hai3="65,132,109,115,38,42,16,60,117,134,49,2,23"/><T107/><D108/><U101/><E72/><V81/><F110/><W113/><G109/><T36/><D131/><U104/><E125/><V122/><F122/><W43/><G2/><T13/><D135/><N who="3" m="51753" /><G38/><T128/><D128/><U67/><E67/><V39/><F39/><W70/><G117/><T97/><D3/><U111/><E111/><V114/><F129/><W20/><G20/><T96/><D36/><U6/><E6/><V121/><F121/><W133/><N who="3" m="51761" /><W123/><DORA hai="11" /><G123/><T78/><D27/><U102/><E104/><V14/><F114/><N who="3" m="43531" /><G49/><T79/><D79/><U126/><E126/><V77/><F127/><W80/><G80/><T41/><D58/><U91/><E21/><V1/><F1/><W52/><G52/><T71/><D71/><U120/><E55/><V95/><F69/><W64/><G65/><T86/><D85/><U116/><E116/><V74/><F74/><W0/><G0/><T50/><D50/><U40/><E120/><V59/><F81/><W15/><AGARI ba="1,0" hai="15,16,23,42,43,60,64,70" m="43531,51761" machi="15" ten="50,8000,1" yaku="20,1,15,1,52,1,54,1" doraHai="30,11" who="3" fromWho="3" sc="361,-41,225,-21,244,-21,170,83" />
</Scene>
<Scene>
<INIT seed="5,0,0,0,5,79" ten="320,204,223,253" oya="1" hai0="19,123,8,132,11,61,78,115,53,111,40,130,27" hai1="37,81,82,93,45,46,41,102,68,117,51,52,100" hai2="74,66,120,13,90,116,59,94,22,20,101,4,124" hai3="105,99,97,38,121,86,88,17,73,131,29,21,92"/><U62/><E117/><V112/><F116/><W134/><G121/><T127/><D111/><U80/><REACH who="1" step="1"/><E93/><REACH who="1" ten="320,194,223,253" step="2"/><V128/><F94/><W126/><G105/><T14/><D123/><U7/><E7/><V87/><F4/><W96/><G92/><T3/><D115/><U76/><E76/><V119/><F112/><W35/><G97/><T44/><D127/><U31/><E31/><V49/><F124/><W122/><G99/><T39/><D132/><U48/><E48/><V36/><F49/><W58/><G96/><T16/><D130/><U47/><E47/><V30/><F119/><W2/><G126/><T24/><D78/><U69/><E69/><V114/><F30/><W23/><G29/><T43/><D43/><U64/><AGARI ba="0,1" hai="37,41,45,46,51,52,62,64,68,80,81,82,100,102" machi="64" ten="30,24000,3" yaku="1,1,0,1,52,3,54,1,53,2" doraHai="79" doraHaiUra="42" who="1" fromWho="1" sc="320,-80,194,250,223,-80,253,-80" />
</Scene>
<Scene>
<INIT seed="5,1,0,0,4,115" ten="240,444,143,173" oya="1" hai0="134,61,31,25,49,72,57,21,129,103,45,17,50" hai1="4,101,78,104,79,87,2,113,135,11,30,85,109" hai2="36,7,35,56,106,94,5,126,10,124,123,125,24" hai3="74,6,77,32,128,55,92,12,132,112,40,88,22"/><U130/><E113/><V33/><F123/><W89/><G32/><T0/><D129/><U73/><E73/><V44/><F106/><W14/><G112/><T122/><D134/><U69/><E69/><V84/><F7/><W37/><G128/><T9/><D72/><U95/><E130/><V58/><F36/><W47/><G132/><T38/><D122/><U127/><E135/><V96/><F84/><W16/><G55/><T29/><D38/><U90/><E127/><V119/><F44/><W120/><G120/><T86/><D103/><U19/><E30/><N who="2" m="19655" /><F35/><W64/><G64/><T8/><D50/><U70/><E70/><V97/><F119/><W42/><G42/><T15/><D0/><U60/><E60/><V27/><F27/><W93/><G77/><T114/><D86/><U100/><E104/><V91/><F96/><W53/><G74/><T75/><D75/><U63/><E85/><V68/><F68/><W18/><G6/><N who="0" m="3479" /><D9/><U108/><E79/><V48/><F48/><W133/><G133/><T43/><D114/><U54/><E78/><V62/><F62/><W110/><G53/><AGARI ba="1,0" hai="17,21,25,29,31,43,45,49,53,57,61" m="3479" machi="53" ten="30,1000,0" yaku="8,1" doraHai="115" who="0" fromWho="3" sc="240,13,444,0,143,0,173,-13" />
</Scene>
<Scene>
<INIT seed="6,0,0,1,2,134" ten="253,444,143,160" oya="2" hai0="49,26,109,52,53,76,80,35,127,129,122,99,10" hai1="132,94,130,9,116,61,105,4,90,107,17,63,73" hai2="74,117,24,88,22,67,29,11,93,15,69,39,18" hai3="86,126,48,13,92,34,100,104,8,113,110,14,44"/><V0/><F117/><W102/><G110/><T119/><D122/><U64/><E116/><V62/><F39/><W77/><G34/><T66/><D109/><U96/><E73/><V98/><F74/><W114/><G104/><T124/><D119/><U78/><E78/><V7/><REACH who="2" step="1"/><F29/><REACH who="2" ten="253,444,133,160" step="2"/><W12/><G126/><N who="0" m="48171" /><D129/><U87/><E130/><V47/><F47/><W46/><G46/><N who="0" m="27703" /><D66/><U95/><E64/><V32/><F32/><W3/><G114/><T60/><D99/><U128/><E96/><V108/><F108/><W41/><G113/><T56/><D10/><U112/><E9/><V115/><F115/><W79/><G8/><T19/><D35/><U54/><E112/><V21/><F21/><W20/><G20/><N who="0" m="13599" /><D80/><U101/><E128/><V45/><F45/><W23/><G23/><T81/><D81/><U131/><E131/><V58/><F58/><W135/><G135/><T75/><D75/><U6/><E132/><V38/><F38/><W57/><G57/><T59/><D59/><U28/><E28/><V1/><AGARI ba="0,1" hai="0,1,7,11,15,18,22,24,62,67,69,88,93,98" machi="1" ten="30,6000,0" yaku="1,1,0,1,54,1,53,0" doraHai="134" doraHaiUra="82" who="2" fromWho="2" sc="253,-20,444,-20,133,70,160,-20" />
</Scene>
<Scene>
<INIT seed="6,1,0,0,0,111" ten="233,424,203,140" oya="2" hai0="106,20,96,79,12,7,128,131,41,93,32,31,58" hai1="24,65,3,4,70,53,101,66,68,69,1,28,46" hai2="104,63,107,129,83,60,126,11,29,132,113,13,22" hai3="103,74,48,61,105,73,23,45,116,90,35,130,86"/><V43/><F129/><N who="0" m="49738" /><D106/><U81/><E101/><V19/><F132/><W95/><G35/><T33/><D79/><U57/><E46/><V97/><F126/><W102/><G116/><T127/><D127/><U125/><E81/><V100/><F113/><W0/><G130/><T121/><D121/><U99/><E99/><V30/><F107/><W26/><G0/><T123/><D123/><U71/><E71/><V115/><F115/><W117/><G117/><T98/><D41/><U124/><E124/><V119/><F119/><W82/><G61/><T78/><D78/><U8/><E1/><V47/><F83/><W36/><G36/><T17/><D58/><U85/><E85/><V110/><F110/><W42/><G105/><T34/><D7/><U67/><E125/><V114/><F114/><W52/><G42/><T87/><D31/><U9/><E9/><V135/><F135/><W75/><REACH who="3" step="1"/><G82/><REACH who="3" ten="233,424,203,130" step="2"/><T108/><D108/><U76/><E3/><V54/><F60/><W77/><G77/><T50/><D50/><U120/><E76/><V14/><F63/><W40/><G40/><T55/><D33/><U49/><E120/><V92/><F104/><W112/><G112/><T72/><D34/><U64/><E70/><V21/><F54/><W80/><G80/><T39/><D32/><U38/><E38/><V84/><F43/><W16/><AGARI ba="1,1" hai="16,23,26,45,48,52,73,74,75,86,90,95,102,103" machi="16" ten="30,8000,1" yaku="1,1,0,1,54,2,53,1" doraHai="111" doraHaiUra="89" who="3" fromWho="3" sc="233,-21,424,-21,203,-41,130,93" />
</Scene>
<Scene>
<INIT seed="7,0,0,5,2,48" ten="212,403,162,223" oya="3" hai0="50,21,120,129,24,132,20,67,103,126,26,134,90" hai1="116,35,47,23,42,53,83,80,34,68,95,81,49" hai2="118,62,115,65,85,92,82,57,0,91,114,105,64" hai3="18,101,76,100,61,32,89,96,104,73,86,44,75"/><W112/><G32/><T109/><D120/><U38/><E68/><V79/><F118/><W8/><G101/><T43/><D109/><U107/><E107/><V84/><F0/><W29/><G29/><T31/><D67/><U56/><E116/><V25/><F105/><W39/><G76/><T51/><D103/><U128/><E128/><V37/><F37/><W19/><G112/><T4/><D4/><U36/><E36/><V14/><F25/><W102/><G102/><T16/><D129/><U87/><REACH who="1" step="1"/><E23/><REACH who="1" ten="212,393,162,223" step="2"/><V9/><F115/><W135/><G39/><T127/><D21/><U125/><E125/><V99/><F114/><W12/><G104/><T110/><D20/><U106/><E106/><V122/><F122/><W63/><G135/><T117/><D117/><U27/><E27/><V59/><F59/><W45/><G45/><T131/><D131/><U119/><E119/><V3/><F3/><W108/><G44/><T2/><D2/><U10/><E10/><V74/><F74/><W113/><G8/><T17/><D110/><U98/><E98/><V94/><F94/><W88/><G96/><T5/><D127/><U97/><E97/><V52/><F99/><W54/><G108/><T55/><D126/><U124/><E124/><V30/><F30/><W41/><G113/><T1/><D31/><U123/><E123/><V6/><AGARI ba="0,1" hai="6,9,14,52,57,62,64,65,79,82,84,85,91,92" machi="6" ten="20,8000,1" yaku="0,1,7,1,8,1,52,1,54,1" doraHai="48" who="2" fromWho="2" sc="212,-20,393,-20,162,90,223,-40" owari="192,-21.0,373,48.0,252,5.0,183,-32.0" />
</Scene>
</mjloggm>