<mjloggm ver="2.3"><GO type="169" lobby="0"/><UN n0="%E3%81%B3%E3%82%8A%E3%81%B3%E3%82%8A%E2%98%86%E3%83%93%E3%83%AA%E3%83%BC" n1="%41%53%41%50%49%4E" n2="%E3%81%98%E3%81%9A%E3%83%BC" n3="%E3%82%82%E3%81%A3%E3%81%97%E3%83%BC" dan="17,19,16,16" rate="2167,2233,2120,2107" sx="M,M,M,M"/><TAIKYOKU oya="0"/>

<Scene>
<INIT seed="0,0,0,1,5,18" ten="250,250,250,250" oya="0" hai0="22,135,42,8,38,81,127,62,40,93,106,48,87" hai1="107,39,54,118,67,27,4,33,95,112,117,36,90" hai2="116,29,2,51,9,63,82,26,97,105,121,110,73" hai3="114,86,0,10,125,3,100,76,31,122,129,53,43"/><T126/><D106/><U77/><E107/><V32/><F121/><W133/><G114/><T101/><D38/><U13/><E112/><V78/><F110/><W11/><G122/><T89/><D135/><U92/><E77/><V52/><F116/><W91/><G133/><T28/><D8/><U104/><E104/><V66/><F2/><W23/><G43/><T20/><D62/><U109/><E109/><V57/><F9/><W5/><G129/><T46/><D42/><U35/><E67/><V65/><REACH who="2" step="1"/><F63/><REACH who="2" ten="250,250,240,250" step="2"/><W7/><G125/><N who="0" m="47627" /><D28/><U68/><E118/><V12/><F12/><W96/><G31/><T25/><D25/><U64/><E13/><V115/><F115/><W71/><G10/><T131/><D131/><U49/><E27/><V120/><F120/><W83/><G11/><T61/><D61/><U16/><E117/><V111/><F111/><W84/><G3/><T15/><D15/><U55/><E4/><V19/><F19/><W56/><G7/><T88/><D101/><AGARI ba="0,1" hai="26,29,32,51,52,57,65,66,73,78,82,97,101,105" machi="101" ten="40,5200,0" yaku="1,1,54,1,53,1" doraHai="18" doraHaiUra="98" who="2" fromWho="0" sc="250,-52,250,0,240,62,250,0" />
</Scene>
<Scene>
<INIT seed="1,0,0,2,2,32" ten="198,250,302,250" oya="1" hai0="47,121,13,22,50,11,79,0,17,108,26,131,105" hai1="77,56,117,41,103,87,82,48,90,42,75,21,84" hai2="45,113,85,63,55,12,96,100,44,122,76,111,78" hai3="37,73,133,98,104,33,51,93,7,109,2,65,3"/><U31/><E117/><V8/><F122/><W58/><G37/><T134/><D105/><U4/><E4/><V25/><F111/><W10/><G33/><T112/><D112/><U5/><E5/><V16/><F113/><W40/><G73/><T49/><D121/><U18/><E31/><V129/><F129/><W92/><G109/><T35/><D108/><U53/><E103/><V91/><F25/><W119/><G119/><T94/><D131/><U54/><E54/><V29/><F29/><W116/><G116/><T20/><D35/><U67/><E67/><V43/><F63/><W69/><G69/><T60/><D0/><U99/><E99/><V34/><F34/><W61/><G133/><T52/><D134/><U88/><E75/><V14/><F14/><W125/><G125/><T126/><D126/><U27/><E77/><V6/><F6/><W80/><G80/><AGARI ba="0,0" hai="18,21,27,41,42,48,53,56,80,82,84,87,88,90" machi="80" ten="30,11600,0" yaku="7,1,9,1,8,1,54,1" doraHai="32" who="1" fromWho="3" sc="198,0,250,116,302,0,250,-116" />
</Scene>
<Scene>
<INIT seed="1,1,0,4,1,26" ten="198,366,302,134" oya="1" hai0="109,35,46,32,36,89,75,27,44,11,135,1,40" hai1="15,122,86,113,92,9,0,106,8,13,55,76,132" hai2="131,97,99,78,107,2,62,103,57,130,52,114,90" hai3="19,70,117,58,112,22,64,43,30,98,17,34,65"/><U79/><E113/><V49/><F114/><W29/><G112/><T121/><D109/><U67/><E106/><V110/><F110/><W94/><G70/><T42/><D135/><U14/><E122/><V95/><F2/><W127/><G127/><T119/><D119/><U5/><E132/><V54/><REACH who="2" step="1"/><F78/><REACH who="2" ten="198,366,292,134" step="2"/><W48/><G117/><T81/><D1/><U25/><E76/><V20/><F20/><W37/><G34/><T63/><D35/><U71/><E79/><V10/><F10/><W111/><G111/><T77/><D11/><U7/><E0/><V108/><F108/><W39/><G22/><T96/><D121/><U41/><E9/><V12/><F12/><W118/><G118/><T105/><D32/><U133/><E133/><V47/><AGARI ba="1,1" hai="47,49,52,54,57,62,90,95,97,99,103,107,130,131" machi="47" ten="30,4000,0" yaku="1,1,0,1,54,1,53,0" doraHai="26" doraHaiUra="66" who="2" fromWho="2" sc="198,-11,366,-21,292,53,134,-11" />
</Scene>
<Scene>
<INIT seed="2,0,0,5,1,50" ten="187,345,345,123" oya="2" hai0="4,101,78,123,39,107,47,105,86,92,106,85,23" hai1="13,130,82,90,21,110,80,112,52,63,3,121,88" hai2="117,2,40,22,129,113,93,18,8,32,25,111,17" hai3="64,102,104,10,119,57,16,109,135,48,27,81,33"/><V20/><F40/><W41/><G119/><T7/><D123/><U0/><E112/><V115/><F117/><W6/><G109/><T58/><D86/><U61/><E110/><V100/><F111/><W108/><G108/><T5/><D23/><U87/><E121/><V125/><F32/><W11/><G135/><T15/><D15/><U134/><E134/><V83/><F83/><W54/><G81/><T84/><D78/><U98/><E130/><V67/><F67/><W76/><G76/><T128/><D128/><U103/><E13/><V132/><F132/><W30/><G41/><T62/><D47/><U77/><E21/><V31/><F129/><W37/><G37/><T74/><D74/><U55/><E77/><V26/><F125/><W120/><G120/><T49/><D49/><U118/><E118/><V91/><F100/><W46/><G46/><T122/><D39/><U19/><E19/><V1/><F31/><W133/><G133/><T95/><D122/><U68/><E87/><V127/><F127/><W116/><G116/><T45/><D45/><U66/><E98/><V75/><F75/><W53/><G64/><N who="0" m="38999" /><D101/><U9/><E103/><V70/><F70/><W97/><G6/><T89/><D89/><U99/><E99/><N who="2" m="57791" /><F1/><W28/><G28/><T124/><D124/><U59/><E66/><V65/><F65/><W71/><G71/><T44/><D85/><U29/><E29/><V42/><F42/><W131/><G131/><T51/><D84/><U96/><E68/><V60/><F60/><N who="3" m="35887" /><G16/><T14/><D14/><U34/><E3/><V94/><F94/><RYUUKYOKU ba="0,0" sc="187,10,345,-30,345,10,123,10" hai0="4,5,7,44,51,92,95,105,106,107" hai2="2,8,17,18,20,22,25,26,113,115" hai3="10,11,27,30,33,48,54,97,102,104" />
</Scene>
<Scene>
<INIT seed="2,1,0,4,3,120" ten="197,315,355,133" oya="2" hai0="45,47,118,46,121,13,131,132,91,114,65,89,109" hai1="83,34,18,50,40,31,74,16,127,76,17,104,86" hai2="107,112,116,35,58,125,113,96,20,124,122,12,0" hai3="87,37,92,53,69,30,71,67,56,93,129,7,84"/><V98/><F35/><W90/><G37/><T52/><D121/><U68/><E104/><V8/><F122/><W6/><G129/><T73/><D114/><U111/><E68/><V119/><F0/><W27/><G67/><T62/><D73/><U133/><E133/><V135/><F20/><W4/><G87/><T14/><D132/><U32/><E127/><N who="2" m="48715" /><F135/><W54/><G93/><T42/><D131/><U80/><E111/><V43/><F43/><W106/><G106/><T95/><D109/><U10/><E31/><V99/><F58/><W51/><REACH who="3" step="1"/><G54/><REACH who="3" ten="197,315,355,123" step="2"/><T19/><D65/><U126/><E126/><V85/><F85/><W57/><G57/><N who="0" m="35111" /><D95/><U66/><E66/><V102/><F113/><W60/><G60/><T81/><D42/><U11/><E40/><V39/><F39/><W29/><G29/><T22/><D81/><U59/><E59/><V64/><F64/><W44/><G44/><T75/><D75/><U28/><E50/><V5/><F112/><W26/><G26/><N who="0" m="14687" /><D118/><AGARI ba="1,1" hai="5,8,12,96,98,99,102,107,116,118,119" m="48715" machi="118" ten="30,1500,0" yaku="18,1" doraHai="120" who="2" fromWho="0" sc="197,-18,315,0,355,28,123,0" />
</Scene>
<Scene>
<INIT seed="2,2,0,0,2,106" ten="179,315,383,123" oya="2" hai0="84,104,93,113,132,86,28,97,85,133,120,64,67" hai1="68,124,55,31,27,20,57,3,87,122,61,18,60" hai2="41,130,25,131,107,40,58,117,78,88,54,111,46" hai3="102,105,72,47,112,11,94,38,29,0,115,39,128"/><V69/><F117/><W80/><G128/><T1/><D120/><U103/><E3/><V12/><F107/><W98/><G29/><T89/><D113/><N who="3" m="43593" /><G94/><T70/><D1/><U48/><E122/><V114/><F114/><W66/><G66/><N who="0" m="25131" /><D70/><U123/><E124/><V96/><F69/><W19/><G19/><T14/><D28/><U127/><E127/><V45/><F25/><W33/><G33/><T71/><D71/><U32/><E68/><V129/><F111/><W26/><G26/><T75/><D14/><U65/><E65/><V10/><F78/><N who="3" m="44103" /><G47/><T100/><D75/><U16/><E123/><V59/><F46/><W6/><AGARI ba="2,0" hai="0,6,11,38,39,98,102,105" m="44103,43593" machi="6" ten="30,4000,0" yaku="11,1,23,1,52,1" doraHai="106" who="3" fromWho="3" sc="179,-12,315,-12,383,-22,123,46" />
</Scene>
<Scene>
<INIT seed="3,0,0,0,0,107" ten="167,303,361,169" oya="3" hai0="24,52,27,2,34,39,59,116,26,40,53,15,114" hai1="77,60,104,88,112,83,6,32,30,120,4,99,20" hai2="42,109,100,97,121,62,115,64,130,131,25,78,28" hai3="65,43,9,67,72,81,89,54,70,22,110,123,23"/><W50/><G123/><T0/><D116/><U103/><E120/><V94/><F121/><W85/><G43/><T90/><D34/><U128/><E112/><V13/><F115/><W134/><G134/><T55/><D114/><U79/><E128/><N who="2" m="49195" /><F109/><W48/><G110/><T75/><D75/><U12/><E32/><N who="2" m="20495" /><F42/><W63/><G67/><T105/><D105/><U16/><E30/><V118/><F13/><W96/><G48/><T135/><D135/><U21/><E21/><V33/><F33/><W95/><G9/><T35/><D35/><U74/><E79/><V101/><F78/><W108/><G72/><T82/><D15/><U93/><E60/><V36/><F36/><W125/><G125/><T73/><D59/><U91/><E91/><N who="2" m="55519" /><F118/><W124/><G124/><T14/><D14/><U69/><E69/><AGARI ba="0,0" hai="62,64,69,100,101" m="55519,20495,49195" machi="69" ten="30,1000,0" yaku="19,1" doraHai="107" who="2" fromWho="1" sc="167,0,303,-10,361,10,169,0" />
</Scene>
<Scene>
<INIT seed="4,0,0,1,1,23" ten="167,293,371,169" oya="0" hai0="122,4,69,38,3,88,107,115,103,30,8,67,109" hai1="79,71,54,16,5,94,81,43,15,118,37,128,35" hai2="92,132,55,11,21,110,2,10,31,126,73,0,116" hai3="129,77,96,65,42,123,64,119,85,18,95,45,117"/><T99/><D122/><U22/><E118/><V39/><F73/><W53/><G123/><T17/><D38/><U44/><E128/><V125/><F110/><W121/><G121/><T131/><D131/><U114/><E114/><V108/><F108/><W20/><G129/><T72/><D109/><U98/><E35/><V97/><F39/><W24/><G53/><T78/><D115/><U101/><E71/><V74/><F74/><W57/><G77/><T80/><D17/><U12/><E54/><V6/><F132/><W40/><G85/><T91/><REACH who="0" step="1"/><D30/><REACH who="0" ten="157,293,371,169" step="2"/><U84/><E5/><N who="2" m="1335" /><F31/><W9/><G119/><T32/><D32/><U49/><E37/><V113/><F6/><W25/><G117/><T100/><D100/><U93/><E93/><V106/><F92/><W105/><G95/><T59/><D59/><U120/><E120/><V82/><F116/><W60/><G18/><T46/><D46/><U111/><E111/><V76/><F113/><W7/><G7/><T86/><D86/><U127/><E127/><V134/><F126/><W63/><G57/><T50/><D50/><U56/><E56/><V68/><F125/><W62/><G45/><T13/><D13/><AGARI ba="0,1" hai="12,13,15,16,22,43,44,49,79,81,84,94,98,101" machi="13" ten="30,3900,0" yaku="7,1,8,1,54,1" doraHai="23" who="1" fromWho="0" sc="157,-39,293,49,371,0,169,0" />
</Scene>
<Scene>
<INIT seed="5,0,0,5,2,131" ten="118,342,371,169" oya="1" hai0="111,16,48,54,28,56,121,84,42,31,112,126,41" hai1="7,47,99,30,33,1,102,15,26,103,130,18,53" hai2="24,82,85,118,36,38,27,83,11,101,97,95,77" hai3="114,23,14,113,81,19,90,52,92,66,122,68,63"/><U37/><E130/><V3/><F118/><W64/><G122/><T4/><D111/><U119/><E119/><V117/><F117/><W75/><G75/><T13/><D121/><U49/><E37/><V17/><F27/><W106/><G106/><T65/><D112/><N who="3" m="43113" /><G81/><T100/><D126/><U79/><E79/><V108/><F108/><W21/><G21/><T116/><D116/><U107/><E107/><V74/><F24/><W10/><G10/><T61/><D4/><U88/><E7/><V72/><F72/><W109/><G109/><T73/><D73/><U91/><E1/><V59/><F59/><N who="3" m="35303" /><G68/><T135/><D135/><U51/><E51/><V110/><F17/><W93/><G93/><T69/><D100/><U120/><E120/><V55/><F83/><W44/><G44/><T105/><D105/><U34/><E34/><V9/><F9/><W128/><G128/><T62/><D62/><U20/><REACH who="1" step="1"/><E91/><REACH who="1" ten="118,332,371,169" step="2"/><V32/><F77/><W40/><G40/><T86/><D42/><U124/><E124/><V80/><F32/><W50/><G50/><T78/><D41/><U129/><E129/><V89/><F38/><W98/><AGARI ba="0,1" hai="14,19,23,64,66,90,92,98" m="35303,43113" machi="98" ten="30,2000,0" yaku="15,1,54,1" doraHai="131" who="3" fromWho="3" sc="118,-5,332,-10,371,-5,169,30" />
</Scene>
<Scene>
<INIT seed="6,0,0,4,5,7" ten="113,322,366,199" oya="2" hai0="68,110,3,114,134,74,11,12,20,124,116,10,52" hai1="41,120,126,57,79,76,30,99,16,59,88,77,64" hai2="89,32,9,71,36,66,29,97,87,96,78,24,83" hai3="104,5,38,51,128,125,135,19,112,2,37,100,94"/><V131/><F36/><W21/><G104/><T85/><D74/><U22/><E126/><V69/><F131/><W4/><G125/><T108/><D68/><U49/><E120/><V81/><F71/><W75/><G75/><T14/><D124/><U105/><E30/><V65/><F69/><W113/><G135/><T106/><D106/><U122/><E122/><V118/><F118/><W93/><G128/><T15/><D134/><U50/><E105/><V56/><F56/><N who="1" m="21577" /><E64/><V133/><F133/><W117/><G117/><T103/><D116/><U47/><E49/><V121/><F121/><W39/><G51/><T72/><D72/><U42/><E42/><V119/><F119/><W46/><G46/><T102/><D3/><U34/><E34/><V123/><F123/><W40/><G40/><T127/><D127/><U67/><E67/><V1/><F66/><W58/><G58/><T70/><D70/><U115/><E115/><N who="3" m="44106" /><G100/><N who="0" m="38443" /><D114/><U73/><E73/><V95/><F65/><W107/><G107/><T25/><D110/><U82/><E99/><V109/><F109/><W54/><G54/><T129/><D129/><U61/><E61/><V60/><F60/><W35/><G35/><T101/><N who="0" m="38451" /><T45/><DORA hai="86" /><D108/><U53/><E53/><V98/><REACH who="2" step="1"/><F78/><REACH who="2" ten="113,322,356,199" step="2"/><W43/><G39/><T44/><D85/><N who="1" m="50231" /><E79/><V63/><F63/><W90/><G38/><T92/><D92/><U33/><E33/><V13/><F13/><AGARI ba="0,1" hai="13,16,22,41,47,50,76,77" m="50231,21577" machi="13" ten="30,7700,0" yaku="8,1,52,1,54,2" doraHai="7,86" who="1" fromWho="2" sc="113,0,322,87,356,-77,199,0" />
</Scene>
<Scene>
<INIT seed="7,0,0,4,3,50" ten="113,409,279,199" oya="3" hai0="131,130,89,24,134,74,36,41,112,91,108,109,113" hai1="0,110,72,11,126,133,14,86,31,62,1,75,6" hai2="4,33,68,28,101,129,107,18,100,56,35,69,29" hai3="83,65,45,67,12,132,114,125,119,85,10,128,52"/><W39/><G119/><T127/><D24/><U116/><E110/><N who="0" m="42601" /><D41/><U118/><E133/><V80/><F129/><N who="0" m="49162" /><D36/><U92/><E126/><V26/><F80/><W40/><G132/><T102/><D134/><U84/><E31/><V90/><F90/><N who="0" m="34314" /><D127/><U93/><E92/><V13/><F4/><W25/><G114/><N who="0" m="44139" /><D102/><U19/><E62/><V82/><F101/><W27/><G125/><T81/><D81/><U94/><E0/><V32/><F82/><W77/><G128/><T3/><D3/><U103/><E1/><V23/><F100/><W66/><REACH who="3" step="1"/><G52/><REACH who="3" ten="113,409,279,189" step="2"/><T88/><N who="0" m="34322" /><T57/><DORA hai="49" /><D57/><U5/><E103/><V55/><F56/><W73/><G73/><AGARI ba="0,1" hai="73,74" m="44139,34322,49162,42601" machi="73" ten="50,16000,3" yaku="28,2,19,1,15,1,11,1,34,2,54,1" doraHai="50,49" who="0" fromWho="3" sc="113,170,409,0,279,0,189,-160" owari="283,8.0,409,51.0,279,-12.0,29,-47.0" />
</Scene>
</mjloggm>