<mjloggm ver="2.3"><GO type="169" lobby="0"/><UN n0="%E3%81%BE%E3%82%86%E3%81%BE%E3%82%86%37%37" n1="%E3%81%91%E3%82%93%31%39%37%30" n2="%41%53%41%50%49%4E" n3="%EF%BC%A0%E6%A3%AE" dan="16,16,19,17" rate="2086,2131,2214,2172" sx="F,M,M,F"/><TAIKYOKU oya="0"/>

<Scene>
<INIT seed="0,0,0,4,5,83" ten="250,250,250,250" oya="0" hai0="10,53,99,19,75,114,1,84,26,32,68,4,107" hai1="100,110,8,127,80,17,89,71,59,62,122,88,67" hai2="27,21,7,9,47,81,125,3,135,34,46,56,120" hai3="72,82,106,78,60,33,70,128,74,40,35,48,13"/><T101/><D75/><U57/><E122/><V98/><F120/><W49/><G128/><T55/><D114/><U131/><E100/><V28/><F135/><W77/><G106/><T0/><D68/><U111/><E131/><V44/><F125/><W38/><G38/><T24/><D0/><U104/><E104/><V94/><F56/><W91/><G91/><T63/><D63/><U11/><E127/><V41/><F81/><W103/><G103/><T117/><D117/><U76/><E71/><V124/><F124/><W112/><G112/><T108/><D108/><U129/><E129/><V51/><F34/><W92/><G92/><T113/><D113/><U37/><E37/><V12/><REACH who="2" step="1"/><F3/><REACH who="2" ten="250,250,240,250" step="2"/><W109/><G82/><T116/><D32/><U96/><E111/><V16/><F16/><W58/><G109/><T93/><D19/><U132/><E110/><V61/><F61/><W119/><G35/><T97/><D1/><U102/><E132/><V20/><F20/><W15/><G33/><T95/><D93/><U42/><E59/><V31/><F31/><W14/><G58/><T90/><D95/><U133/><E133/><V52/><F52/><W118/><G60/><T123/><D55/><U64/><E57/><V126/><F126/><W50/><G70/><T130/><D53/><U29/><E62/><V5/><F5/><W25/><G40/><T105/><D123/><U30/><E42/><V18/><F18/><W85/><G118/><T23/><D116/><U79/><E17/><V36/><F36/><W73/><G119/><T6/><D130/><U65/><E80/><RYUUKYOKU ba="0,1" sc="250,-10,250,-10,240,30,250,-10" hai2="7,9,12,21,27,28,41,44,46,47,51,94,98" />
</Scene>
<Scene>
<INIT seed="1,1,1,2,2,13" ten="240,240,270,240" oya="1" hai0="72,30,112,41,120,61,94,85,114,43,70,62,109" hai1="32,105,39,44,83,1,132,111,14,86,128,133,82" hai2="124,77,4,93,125,47,123,45,127,56,134,104,95" hai3="57,87,110,58,67,29,117,6,107,54,66,53,38"/><U135/><E1/><V25/><F123/><W99/><G117/><T78/><D72/><U52/><E32/><V28/><F104/><W51/><G38/><T48/><D120/><U15/><E105/><V101/><F134/><W33/><G110/><T27/><D109/><U98/><E111/><V76/><F4/><W49/><G6/><T84/><D70/><U108/><E108/><V75/><F56/><W121/><G121/><T103/><D94/><N who="2" m="35850" /><F101/><W0/><G0/><T92/><D92/><U131/><E98/><V81/><F76/><W64/><G87/><T97/><D48/><N who="1" m="28679" /><E39/><V129/><F129/><N who="1" m="49737" /><E83/><V21/><AGARI ba="1,1" hai="21,25,28,45,47,75,77,81,124,125,127" m="35850" machi="21" ten="40,1500,0" yaku="18,1" doraHai="13" who="2" fromWho="2" sc="240,-5,240,-8,270,28,240,-5" />
</Scene>
<Scene>
<INIT seed="2,0,0,0,1,24" ten="235,232,298,235" oya="2" hai0="97,100,125,113,124,105,73,123,87,51,76,60,107" hai1="53,19,37,62,1,118,126,88,57,41,14,122,114" hai2="7,96,13,15,72,27,33,35,131,4,43,3,106" hai3="47,102,50,134,93,48,110,20,63,30,69,80,84"/><V90/><F72/><W111/><G134/><T92/><D60/><U2/><E118/><V79/><F79/><W82/><G69/><T0/><D0/><U32/><E114/><V38/><F131/><W18/><G63/><T28/><D51/><N who="3" m="19497" /><G47/><T29/><D113/><U108/><E122/><V59/><F59/><W86/><G18/><T104/><D123/><U109/><E32/><V91/><F96/><N who="3" m="59663" /><G111/><N who="1" m="42570" /><E126/><N who="0" m="48745" /><D73/><U68/><E68/><V117/><F3/><W45/><G45/><T121/><D121/><U58/><E58/><V64/><F106/><W85/><G110/><T98/><D98/><U26/><E26/><AGARI ba="0,0" hai="20,26,30,80,82,84,85,86" m="59663,19497" machi="26" ten="30,2000,0" yaku="8,1,52,1" doraHai="24" who="3" fromWho="1" sc="235,0,232,-20,298,0,235,20" />
</Scene>
<Scene>
<INIT seed="3,0,0,0,4,132" ten="235,212,298,255" oya="3" hai0="79,106,64,51,72,16,96,6,95,43,76,124,67" hai1="34,134,121,22,12,7,53,59,75,60,48,65,78" hai2="8,13,30,44,70,94,3,91,38,93,97,98,81" hai3="112,35,54,1,71,82,46,42,5,9,104,2,109"/><W32/><G104/><T45/><D106/><U89/><E34/><V126/><F70/><W77/><G112/><T133/><D133/><U61/><E121/><V118/><F118/><W57/><G71/><T90/><D6/><U26/><E134/><V29/><F3/><W100/><G100/><T119/><D119/><U23/><E75/><V36/><F81/><W102/><G102/><T114/><D114/><U127/><E78/><N who="0" m="29737" /><D72/><U86/><E7/><V113/><F113/><W28/><G28/><T130/><D130/><U15/><E61/><V116/><F44/><W56/><G2/><T14/><D124/><U10/><E127/><V66/><F66/><W103/><G103/><T122/><D122/><U128/><E128/><V101/><F116/><W83/><G83/><T123/><D123/><U84/><E84/><V111/><F111/><W105/><G105/><T63/><D63/><U88/><E89/><V19/><F126/><W25/><G25/><T99/><D99/><U18/><E26/><V4/><F4/><W85/><G109/><T74/><D74/><U33/><E33/><V120/><F120/><W80/><G80/><T68/><D68/><U0/><E0/><V58/><F36/><W11/><G11/><AGARI ba="0,0" hai="11,14,16,43,45,51,64,67,90,95,96" m="29737" machi="11" ten="30,2000,0" yaku="8,1,54,1" doraHai="132" who="0" fromWho="3" sc="235,20,212,0,298,0,255,-20" />
</Scene>
<Scene>
<INIT seed="4,0,0,5,5,105" ten="255,212,298,235" oya="0" hai0="4,80,76,104,87,74,118,27,14,96,122,45,9" hai1="121,84,52,107,127,40,106,99,34,119,90,94,125" hai2="29,19,46,75,1,58,116,129,30,31,126,133,36" hai3="10,82,53,81,28,41,101,97,83,51,100,44,8"/><T134/><D118/><U93/><E34/><V39/><F1/><W6/><G28/><T15/><D134/><U72/><E40/><V132/><F116/><W33/><G33/><T114/><D114/><U95/><E119/><V37/><F126/><W110/><G110/><T71/><D122/><U128/><E52/><V65/><F129/><W57/><G10/><T79/><D71/><U70/><E70/><V20/><F46/><W48/><REACH who="3" step="1"/><G97/><REACH who="3" ten="255,212,298,225" step="2"/><T38/><D96/><U49/><E121/><V131/><F29/><W42/><G42/><T130/><D9/><U113/><E128/><V22/><F31/><W47/><G47/><T109/><D45/><U124/><E113/><V13/><F30/><W86/><G86/><T59/><D87/><U103/><E49/><V5/><F39/><W24/><G24/><T120/><D27/><U78/><E107/><V64/><F37/><W68/><G68/><T102/><D104/><U66/><REACH who="1" step="1"/><E66/><REACH who="1" ten="255,202,298,225" step="2"/><V26/><F65/><W60/><G60/><T85/><D120/><U2/><E2/><AGARI ba="0,2" hai="2,6,8,41,44,48,51,53,57,81,82,83,100,101" machi="2" ten="40,1300,0" yaku="1,1,53,0" doraHai="105" doraHaiUra="67" who="3" fromWho="1" sc="255,0,202,-13,298,0,225,33" />
</Scene>
<Scene>
<INIT seed="5,0,0,4,1,117" ten="255,189,298,258" oya="1" hai0="63,96,15,45,126,7,24,50,129,33,116,78,20" hai1="113,85,105,128,17,29,14,44,134,111,72,100,13" hai2="107,118,4,95,82,60,46,47,125,9,89,119,35" hai3="53,52,25,132,34,1,121,66,120,73,86,39,37"/><U23/><E72/><V97/><F35/><W67/><G1/><T93/><D116/><U41/><E111/><V10/><F125/><W127/><G73/><T133/><D33/><U115/><E29/><V98/><F10/><W103/><G103/><T18/><D133/><U31/><E134/><V12/><F82/><W90/><G90/><T102/><D129/><U42/><E128/><V68/><F68/><W0/><G86/><T87/><D126/><U56/><E56/><V38/><F60/><W80/><G80/><N who="0" m="47511" /><D63/><U124/><E31/><V71/><F71/><W57/><G0/><T26/><D7/><U32/><E32/><V11/><F38/><W70/><G34/><T30/><D30/><U6/><E124/><V2/><F46/><W101/><G25/><T58/><D58/><U122/><E85/><V74/><F47/><W84/><G84/><T8/><D20/><U62/><E62/><V16/><REACH who="2" step="1"/><F74/><REACH who="2" ten="255,189,288,258" step="2"/><W104/><G127/><T59/><D59/><U77/><E44/><V65/><F65/><W48/><G132/><T106/><D45/><U108/><E42/><V40/><F40/><W64/><G70/><T49/><D8/><U112/><E41/><V79/><F79/><W54/><G37/><T76/><D76/><U114/><E77/><V99/><F99/><W88/><G39/><T61/><D61/><U36/><E36/><V81/><F81/><W130/><G130/><T94/><D96/><N who="1" m="61575" /><E115/><V123/><F123/><W27/><G120/><T3/><D50/><U110/><E122/><V21/><F21/><W51/><G121/><T55/><D49/><RYUUKYOKU ba="0,1" sc="255,-15,189,15,288,15,258,-15" hai1="6,13,14,17,23,108,110,112,113,114" hai2="2,4,9,11,12,16,89,95,97,98,107,118,119" />
</Scene>
<Scene>
<INIT seed="5,1,1,0,5,110" ten="240,204,303,243" oya="1" hai0="37,63,88,70,68,72,103,107,3,64,109,41,15" hai1="9,22,134,73,71,2,86,13,116,133,118,24,52" hai2="113,20,67,1,12,36,18,123,125,98,4,93,57" hai3="117,60,21,87,122,59,0,54,132,42,77,131,80"/><U81/><E73/><V39/><F123/><W97/><G122/><T7/><D109/><U124/><E71/><V19/><F125/><W30/><G0/><T78/><D15/><U130/><E2/><V84/><F84/><W53/><G131/><T25/><D88/><N who="1" m="51279" /><E130/><V26/><F4/><W111/><G111/><T92/><D92/><U27/><E124/><V102/><F1/><W43/><G132/><N who="1" m="50794" /><E52/><N who="3" m="20074" /><G97/><T101/><D70/><U119/><E22/><V33/><F98/><W112/><G117/><T47/><D68/><U35/><E35/><V120/><F20/><W126/><G126/><T16/><D3/><U17/><AGARI ba="1,1" hai="9,13,17,24,27,116,118,119" m="50794,51279" machi="17" ten="40,3900,0" yaku="20,1,54,1" doraHai="110" who="1" fromWho="1" sc="240,-14,204,52,303,-14,243,-14" />
</Scene>
<Scene>
<INIT seed="5,2,0,0,5,118" ten="226,256,289,229" oya="1" hai0="69,62,100,28,55,120,4,39,63,131,59,77,45" hai1="22,3,34,108,92,127,46,91,60,26,81,122,107" hai2="50,98,76,125,65,103,64,78,104,105,134,75,53" hai3="106,57,51,121,15,80,5,33,117,20,74,97,70"/><U114/><E107/><V29/><F134/><W42/><G70/><T93/><D4/><U30/><E3/><V110/><F110/><W128/><G121/><T27/><D131/><U1/><E1/><V37/><F37/><W94/><G106/><T68/><D77/><U31/><E108/><V12/><F105/><W84/><G74/><T124/><D100/><U87/><E127/><V71/><F125/><W8/><G33/><T67/><D124/><U83/><E114/><V40/><F40/><W52/><G117/><T95/><D69/><U132/><E132/><V36/><F36/><W101/><G128/><T102/><D102/><U85/><E122/><V2/><F2/><W54/><G20/><T0/><D0/><U109/><E109/><V41/><F41/><W7/><G42/><T66/><D120/><U119/><E46/><V86/><F75/><W32/><G54/><T58/><D39/><U133/><E133/><V48/><F48/><W79/><G32/><T24/><D45/><U88/><E119/><V135/><F135/><W21/><G21/><T116/><D116/><U113/><E113/><V44/><F29/><W17/><AGARI ba="2,0" hai="5,7,8,15,17,51,52,57,79,80,84,94,97,101" machi="17" ten="20,5200,0" yaku="0,1,7,1,8,1,54,1" doraHai="118" who="3" fromWho="3" sc="226,-15,256,-28,289,-15,229,58" />
</Scene>
<Scene>
<INIT seed="6,0,0,2,1,12" ten="211,228,274,287" oya="2" hai0="130,94,70,58,85,113,75,19,124,34,84,57,108" hai1="30,63,80,95,40,109,76,71,59,104,9,127,98" hai2="87,24,117,135,69,28,21,6,13,48,3,7,14" hai3="99,83,133,23,20,68,4,56,119,29,105,0,33"/><V123/><F69/><W22/><G68/><T18/><D70/><U107/><E109/><V131/><F117/><W81/><G119/><T67/><D75/><U91/><E71/><V126/><F123/><W110/><G110/><T62/><D108/><U125/><E40/><V93/><F131/><W121/><G121/><T116/><D116/><U111/><E111/><V1/><F48/><W74/><G74/><T2/><D2/><N who="2" m="522" /><F93/><W11/><G56/><T42/><D34/><U88/><E91/><V55/><F55/><W86/><G86/><N who="0" m="33387" /><D124/><N who="1" m="47691" /><E30/><V46/><F87/><W77/><G77/><T122/><D113/><U115/><E115/><V89/><F89/><W52/><G52/><N who="0" m="34087" /><D130/><U25/><E9/><N who="2" m="4279" /><F46/><W129/><G129/><T43/><D122/><U41/><E41/><N who="0" m="15369" /><D94/><U53/><E25/><V26/><F26/><W100/><G81/><T17/><D58/><U61/><E61/><V132/><F126/><W78/><G83/><T15/><D67/><U97/><E97/><V51/><F51/><W32/><G78/><T60/><D60/><U5/><E5/><V8/><AGARI ba="0,0" hai="7,8,14,21,24,28,132,135" m="4279,522" machi="8" ten="30,3000,0" yaku="34,2" doraHai="12" who="2" fromWho="2" sc="211,-10,228,-10,274,30,287,-10" />
</Scene>
<Scene>
<INIT seed="6,1,0,2,5,114" ten="201,218,304,277" oya="2" hai0="49,127,37,62,29,41,0,17,106,94,76,135,121" hai1="82,3,21,115,27,26,25,88,9,58,78,48,104" hai2="118,36,122,52,35,57,134,112,110,28,91,89,123" hai3="97,125,100,53,45,87,12,59,101,16,18,85,54"/><V68/><F118/><W99/><G125/><T93/><D106/><U55/><E104/><V113/><F68/><W132/><G45/><T2/><D121/><N who="2" m="46090" /><F36/><W119/><G59/><T109/><D109/><U95/><E115/><N who="2" m="44107" /><F110/><W42/><G12/><T111/><D135/><U56/><E56/><V80/><F134/><W46/><G46/><T86/><D2/><U43/><E43/><V23/><F35/><W10/><G132/><T120/><D0/><U126/><E126/><V51/><F80/><W6/><G42/><T13/><D37/><U33/><E33/><V40/><F40/><W8/><REACH who="3" step="1"/><G6/><REACH who="3" ten="201,218,304,267" step="2"/><T38/><D41/><U107/><E3/><V90/><F57/><W65/><G65/><T30/><D120/><U11/><E27/><N who="2" m="16511" /><F51/><W103/><G103/><T50/><D49/><U69/><E69/><V63/><F63/><W32/><G32/><T71/><D50/><U73/><E26/><V83/><F83/><W81/><G81/><T66/><D62/><U72/><E72/><V131/><F52/><W14/><G14/><T116/><D13/><U75/><E73/><V47/><F47/><W102/><G102/><T133/><D38/><U92/><E58/><V31/><F131/><W108/><G108/><T67/><D71/><U61/><E55/><V20/><F91/><W4/><G4/><T44/><D111/><U77/><E61/><V19/><F90/><W22/><G22/><T7/><D44/><U79/><E88/><V34/><F89/><W5/><G5/><T117/><D7/><U39/><E39/><V105/><F34/><W84/><G84/><RYUUKYOKU ba="1,1" sc="201,-10,218,-10,304,-10,267,30" hai3="8,10,16,18,53,54,85,87,97,99,100,101,119" />
</Scene>
<Scene>
<INIT seed="7,2,1,0,5,26" ten="191,208,294,297" oya="3" hai0="101,108,8,59,6,110,114,135,102,115,129,10,38" hai1="48,77,98,22,17,96,49,82,36,21,97,65,125" hai2="74,92,64,28,14,106,66,113,109,18,54,131,23" hai3="83,104,56,94,20,80,105,41,45,16,29,78,11"/><W132/><G132/><T39/><D59/><U19/><E36/><N who="0" m="13865" /><D135/><U55/><E65/><N who="2" m="25195" /><F113/><N who="0" m="43018" /><D129/><U117/><E117/><V52/><F106/><W72/><G83/><T40/><D40/><U47/><E125/><V86/><F74/><W88/><G56/><T35/><D35/><U24/><E49/><V122/><F109/><N who="0" m="42090" /><D8/><U46/><E46/><V71/><F131/><W62/><G11/><T116/><D116/><U76/><REACH who="1" step="1"/><E82/><REACH who="1" ten="191,198,294,297" step="2"/><V128/><F128/><W61/><G45/><T57/><D57/><U75/><E75/><V42/><F42/><W89/><G41/><T4/><D4/><U58/><E58/><V69/><F54/><W130/><G130/><T0/><AGARI ba="2,2" hai="0,6,10,101,102" m="42090,43018,13865" machi="0" ten="40,2700,0" yaku="15,1,11,1" doraHai="26" who="0" fromWho="0" sc="191,53,198,-9,294,-9,297,-15" />
</Scene>
<Scene>
<INIT seed="8,0,0,5,3,108" ten="244,189,285,282" oya="0" hai0="112,93,73,28,113,101,69,114,38,130,14,86,134" hai1="66,33,81,20,68,39,17,92,65,77,3,89,61" hai2="59,0,6,125,19,26,56,40,84,31,15,35,37" hai3="70,100,25,45,53,87,64,54,49,46,8,111,83"/><T34/><D73/><U36/><E33/><V115/><F125/><W82/><G111/><T120/><D120/><U94/><E3/><V32/><F32/><W85/><G100/><T102/><D38/><U109/><E66/><V58/><F84/><W27/><G70/><T18/><D134/><U78/><E109/><V75/><F75/><W79/><G64/><T23/><D69/><U43/><E92/><V131/><F131/><W96/><G96/><T126/><D126/><U47/><E81/><V72/><F72/><W10/><G49/><T90/><D130/><U13/><REACH who="1" step="1"/><E39/><REACH who="1" ten="244,179,285,282" step="2"/><V2/><F2/><W122/><G122/><T52/><D52/><U118/><E118/><V76/><F0/><W5/><G79/><T107/><D107/><U121/><E121/><V97/><F76/><W123/><G123/><T104/><D104/><U98/><AGARI ba="0,1" hai="13,17,20,36,43,47,61,65,68,77,78,89,94,98" machi="98" ten="20,2700,0" yaku="1,1,0,1,7,1,53,0" doraHai="108" doraHaiUra="24" who="1" fromWho="1" sc="244,-13,179,37,285,-7,282,-7" />
</Scene>
<Scene>
<INIT seed="9,0,0,4,1,38" ten="231,216,278,275" oya="1" hai0="68,64,34,49,134,41,12,0,51,42,7,101,20" hai1="128,22,66,45,91,27,86,53,32,126,25,107,54" hai2="35,98,122,125,37,40,11,78,121,96,115,127,43" hai3="71,84,52,117,21,77,69,97,131,59,72,13,61"/><U109/><E107/><V65/><F35/><W85/><G72/><T60/><D0/><U118/><E66/><V102/><F115/><W100/><G131/><T76/><D34/><U103/><E103/><V58/><F78/><W4/><G117/><T31/><D134/><U47/><E128/><V129/><F129/><W50/><G71/><T19/><D31/><U119/><E109/><V88/><F37/><W1/><G1/><T16/><D7/><U111/><E111/><V28/><F28/><W83/><G69/><T94/><D76/><U106/><E106/><N who="2" m="63815" /><F11/><N who="3" m="4327" /><G85/><T93/><D19/><U104/><E104/><V114/><F114/><W5/><G5/><T135/><D135/><U90/><E32/><V112/><F112/><W132/><G132/><T17/><D17/><U123/><E86/><V108/><F108/><W29/><G100/><T14/><D101/><U67/><E67/><V56/><F98/><W133/><G97/><T89/><D12/><U79/><E22/><V95/><F65/><W8/><G8/><T110/><D110/><U113/><E113/><V92/><F92/><W15/><G133/><T74/><D94/><U73/><E79/><V130/><F130/><W120/><G120/><T105/><D74/><U99/><E99/><N who="2" m="57831" /><F122/><W116/><G116/><T80/><D105/><U62/><E73/><V82/><F82/><W10/><G10/><T2/><D80/><U23/><E123/><V48/><F121/><W55/><G29/><T30/><D30/><U6/><E6/><V33/><F33/><W9/><G9/><T63/><D2/><U57/><E119/><RYUUKYOKU ba="0,0" sc="231,0,216,0,278,0,275,0" />
</Scene>
<Scene>
<INIT seed="10,1,0,2,2,41" ten="231,216,278,275" oya="2" hai0="16,117,23,47,60,71,66,124,1,48,129,80,102" hai1="92,46,86,14,38,6,112,33,36,127,85,131,83" hai2="96,97,107,13,130,79,51,119,65,84,17,20,32" hai3="111,81,8,42,18,52,15,49,50,28,123,89,30"/><V99/><F32/><W35/><G123/><T29/><D1/><U3/><E112/><V132/><F130/><W76/><G35/><T113/><D113/><U59/><E33/><V39/><F39/><W27/><G111/><T88/><D29/><U7/><E131/><V44/><F119/><W9/><G27/><T69/><D69/><U87/><E3/><V120/><F120/><W135/><G135/><T70/><D70/><U122/><E122/><V10/><F132/><W77/><G8/><T100/><D124/><U78/><E127/><V40/><F65/><W126/><G42/><T110/><D110/><U0/><E0/><V105/><F79/><N who="3" m="30283" /><G49/><T101/><D117/><U95/><E59/><V63/><F63/><W26/><G26/><T103/><N who="0" m="25600" /><DORA hai="61" /><T2/><D2/><U37/><E14/><V68/><F68/><W90/><G126/><T55/><D129/><U67/><E78/><V22/><REACH who="2" step="1"/><F84/><REACH who="2" ten="231,216,268,275" step="2"/><N who="3" m="50319" /><G90/><T4/><D88/><U73/><E83/><V5/><F5/><N who="1" m="1545" /><E67/><V74/><F74/><W19/><G19/><T133/><D4/><U116/><E73/><V72/><F72/><W82/><G82/><T94/><D80/><U31/><E116/><V34/><F34/><W106/><G106/><AGARI ba="1,1" hai="10,13,17,20,22,40,44,51,96,97,99,105,106,107" machi="106" ten="40,3900,0" yaku="1,1,52,1,53,0" doraHai="41,61" doraHaiUra="54,98" who="2" fromWho="3" sc="231,0,216,0,268,52,275,-42" owari="231,-17.0,216,-28.0,320,42.0,233,3.0" />
</Scene>
</mjloggm>