<mjloggm ver="2.3"><GO type="169"/><UN n0="%52%4F%54%54%45%4E" n1="%E3%83%88%E3%83%9E%E3%82%BD%E3%83%B3" n2="%67%69%6A%79%75%74%75" n3="%41%53%41%50%49%4E" dan="16,16,16,19" rate="2077,2067,2079,2281" sx="M,M,M,M"/><TAIKYOKU oya="0"/>

<Scene>
<INIT seed="0,0,0,4,2,64" ten="250,250,250,250" oya="0" hai0="79,133,84,54,131,14,29,98,96,31,114,80,128" hai1="34,47,99,1,42,27,49,105,72,56,22,2,121" hai2="68,59,94,74,15,11,102,0,20,103,122,92,117" hai3="52,111,120,65,63,60,45,119,19,129,110,38,13"/><T87/><D114/><U44/><E121/><V116/><F122/><W50/><G120/><T67/><D133/><U113/><E72/><V70/><F74/><W104/><G104/><T30/><D87/><U37/><E113/><V3/><F20/><W7/><G119/><T33/><D33/><U51/><E34/><V18/><F59/><W48/><G129/><T53/><D67/><U78/><E78/><V69/><F94/><W97/><G7/><T135/><D135/><U124/><E56/><V10/><F92/><W39/><G97/><T118/><D118/><N who="2" m="45674" /><F10/><W26/><G26/><T12/><D131/><U43/><E37/><N who="3" m="13834" /><G19/><T16/><D128/><U76/><E124/><V46/><F46/><N who="3" m="27671" /><G13/><T62/><D12/><U89/><E76/><V71/><F71/><N who="3" m="42407" /><G63/><T41/><D62/><U25/><E89/><V112/><F112/><W73/><G73/><T17/><D17/><U23/><E99/><V107/><F107/><AGARI ba="0,0" hai="1,2,22,23,25,27,42,43,44,47,49,51,105,107" machi="107" ten="25,1600,0" yaku="22,2" doraHai="64" who="1" fromWho="2" sc="250,0,250,16,250,-16,250,0" />
</Scene>
<Scene>
<INIT seed="1,0,0,1,5,107" ten="250,266,234,250" oya="1" hai0="49,33,47,55,29,88,86,40,35,77,90,45,99" hai1="83,23,14,71,3,0,34,131,41,108,72,92,8" hai2="16,117,97,84,65,94,73,67,109,43,125,100,9" hai3="87,85,98,120,118,17,123,60,101,11,104,6,26"/><U18/><E71/><V121/><F117/><W132/><G118/><T135/><D135/><U28/><E41/><V93/><F121/><W78/><G132/><T112/><D112/><U69/><E69/><V75/><F43/><W5/><G5/><T82/><D29/><U13/><E131/><V128/><F128/><W134/><G134/><T57/><D45/><U133/><E133/><V129/><F129/><W19/><G60/><T116/><D116/><U15/><E92/><V12/><F125/><W68/><G68/><T1/><D1/><N who="1" m="587" /><E72/><V21/><F109/><W27/><G6/><T105/><D105/><U64/><E83/><V126/><F126/><W52/><G78/><T22/><D22/><U7/><E64/><V61/><F67/><W24/><G11/><T102/><D102/><U30/><E108/><V66/><F66/><W130/><G130/><T56/><D56/><U50/><E50/><V80/><F21/><W122/><REACH who="3" step="1"/><G52/><REACH who="3" ten="250,266,234,240" step="2"/><T81/><D77/><U89/><E89/><V79/><F93/><W38/><G38/><T127/><D127/><U63/><E63/><V10/><F10/><W51/><G51/><N who="0" m="27111" /><D90/><U119/><E119/><V62/><F62/><W59/><G59/><AGARI ba="0,1" hai="9,12,16,59,61,65,73,75,79,80,84,94,97,100" machi="59" ten="30,7700,0" yaku="7,1,52,2,54,1" doraHai="107" who="2" fromWho="3" sc="250,0,266,0,234,87,240,-77" />
</Scene>
<Scene>
<INIT seed="2,0,0,3,1,68" ten="250,266,321,163" oya="2" hai0="35,47,58,2,133,3,53,57,8,20,104,15,48" hai1="76,131,9,28,18,59,30,61,66,126,87,63,109" hai2="51,105,74,43,72,86,26,1,67,77,36,113,88" hai3="49,135,83,107,110,65,64,90,94,44,114,39,0"/><V62/><F113/><W60/><G107/><T54/><D35/><U27/><E131/><V45/><F105/><W119/><G119/><T121/><D121/><U112/><E112/><V117/><F117/><W7/><G114/><T38/><D104/><U134/><E134/><V29/><F1/><W99/><G135/><T85/><D133/><U71/><E126/><V95/><F51/><W92/><G110/><T13/><D85/><U122/><E109/><V11/><F11/><W21/><G83/><T22/><D3/><U79/><E28/><V80/><F62/><W100/><G7/><T75/><D75/><U93/><E122/><V24/><F67/><W34/><G34/><T73/><D73/><U32/><E18/><V125/><F125/><W40/><G0/><T78/><D78/><U98/><E87/><V101/><F101/><W97/><G21/><N who="0" m="8299" /><D38/><U42/><E42/><V31/><REACH who="2" step="1"/><F74/><REACH who="2" ten="250,266,311,163" step="2"/><W55/><REACH who="3" step="1"/><G60/><REACH who="3" ten="250,266,311,153" step="2"/><T17/><D2/><U14/><E63/><V115/><F115/><W130/><G130/><T10/><D10/><U12/><E9/><V25/><AGARI ba="0,2" hai="24,25,26,29,31,36,43,45,72,77,80,86,88,95" machi="25" ten="30,12000,1" yaku="1,1,0,1,52,1,54,1,53,1" doraHai="68" doraHaiUra="106" who="2" fromWho="2" sc="250,-40,266,-40,311,140,153,-40" />
</Scene>
<Scene>
<INIT seed="2,1,0,1,4,129" ten="210,226,451,113" oya="2" hai0="20,94,109,47,135,45,38,16,0,49,96,124,128" hai1="103,106,13,101,107,25,121,12,89,81,28,87,66" hai2="125,104,67,118,72,65,59,63,132,76,11,62,22" hai3="112,51,41,1,43,18,56,21,105,133,91,70,52"/><V26/><F118/><W7/><G105/><T74/><D74/><U111/><E121/><V127/><F104/><W110/><G70/><T9/><D128/><U69/><E107/><V71/><F11/><W17/><G110/><T98/><D109/><U46/><E46/><V60/><F60/><W61/><G112/><T4/><D124/><N who="2" m="47690" /><F76/><W88/><G133/><T64/><D64/><U50/><E50/><V8/><F72/><W19/><G7/><T79/><D79/><U85/><E106/><V40/><F8/><W14/><G1/><T31/><D31/><U80/><E111/><V119/><F119/><W78/><G78/><T97/><D135/><U5/><E69/><V84/><F84/><W117/><G117/><T15/><D38/><U93/><E85/><V130/><F130/><W123/><G123/><T100/><REACH who="0" step="1"/><D47/><REACH who="0" ten="200,226,451,113" step="2"/><U102/><E66/><V10/><F132/><W116/><G116/><T29/><D29/><U90/><E28/><V33/><F67/><W36/><G36/><T114/><D114/><U42/><E5/><V92/><F65/><N who="3" m="39079" /><G17/><T131/><D131/><U34/><E34/><V24/><F33/><W3/><G19/><T44/><D44/><U82/><E87/><V58/><F71/><W115/><G115/><T53/><AGARI ba="1,1" hai="0,4,9,15,16,20,45,49,53,94,96,97,98,100" machi="53" ten="20,5200,0" yaku="1,1,0,1,7,1,54,1,53,0" doraHai="129" doraHaiUra="108" who="0" fromWho="0" sc="200,65,226,-14,451,-27,113,-14" />
</Scene>
<Scene>
<INIT seed="3,0,0,2,4,50" ten="265,212,424,99" oya="3" hai0="76,106,40,58,71,125,120,99,107,14,118,57,63" hai1="129,75,88,74,133,25,44,29,77,116,104,18,3" hai2="36,17,127,98,27,41,47,119,70,122,42,109,108" hai3="126,34,72,13,52,19,16,68,51,53,85,11,15"/><W91/><G126/><T33/><D33/><U60/><E3/><V101/><F119/><W112/><G34/><T100/><D120/><U23/><E104/><V32/><F127/><W115/><G72/><T7/><D125/><U90/><E116/><V4/><F122/><W10/><G68/><T103/><D118/><U6/><E6/><V87/><F4/><W31/><G31/><T81/><D40/><U113/><E113/><V123/><F42/><W37/><G37/><T39/><D39/><U73/><E77/><V46/><F46/><W12/><G12/><T69/><D103/><U1/><E1/><V30/><F123/><W121/><G121/><T132/><D107/><U43/><E133/><V64/><F87/><W97/><G97/><T83/><D58/><U131/><E60/><N who="2" m="40199" /><F17/><W82/><REACH who="3" step="1"/><G52/><REACH who="3" ten="265,212,424,89" step="2"/><T0/><D71/><U45/><E29/><V54/><F54/><W117/><G117/><T66/><D69/><U78/><E45/><AGARI ba="0,1" hai="10,11,13,15,16,19,45,51,53,82,85,91,112,115" machi="45" ten="30,18000,2" yaku="1,1,7,1,9,1,25,2,52,1,54,1,53,0" doraHai="50" doraHaiUra="24" who="3" fromWho="1" sc="265,0,212,-180,424,0,89,190" />
</Scene>
<Scene>
<INIT seed="3,1,0,0,3,1" ten="265,32,424,279" oya="3" hai0="94,37,23,60,61,36,56,96,4,42,113,38,13" hai1="27,16,130,79,127,78,51,95,47,40,3,41,63" hai2="117,11,134,103,123,57,102,31,84,10,0,88,39" hai3="71,22,25,82,67,43,46,108,19,75,69,59,131"/><W116/><G116/><T107/><D107/><U7/><E127/><V68/><F68/><W129/><G108/><T64/><D113/><U54/><E130/><N who="3" m="49674" /><G59/><T133/><D133/><U18/><E63/><V29/><F39/><N who="3" m="21887" /><G67/><T118/><D118/><U73/><E73/><V99/><F117/><W77/><AGARI ba="1,0" hai="19,22,25,69,71,75,77,82" m="21887,49674" machi="77" ten="30,1500,0" yaku="19,1" doraHai="1" who="3" fromWho="3" sc="265,-6,32,-6,424,-6,279,18" />
</Scene>
<Scene>
<INIT seed="3,2,0,1,1,46" ten="259,26,418,297" oya="3" hai0="19,90,117,41,14,54,97,85,61,100,13,62,82" hai1="70,101,72,96,87,105,112,103,38,79,34,69,18" hai2="116,98,75,59,132,49,74,26,89,33,65,109,84" hai3="123,126,88,119,106,71,121,99,8,81,1,67,51"/><W4/><G119/><T76/><D117/><U9/><E34/><V7/><F116/><W135/><G135/><T129/><D129/><U56/><E38/><V104/><F132/><W102/><G126/><T44/><D76/><U73/><E112/><V64/><F7/><W83/><G83/><T86/><D86/><U23/><E103/><V78/><F78/><W37/><G37/><T0/><D0/><U29/><E87/><V115/><F115/><W40/><G67/><T92/><D54/><U47/><E47/><V120/><F120/><W77/><G71/><T94/><D82/><U113/><E113/><V93/><F65/><W22/><G22/><T43/><D13/><U3/><E29/><V127/><F127/><W31/><G31/><T66/><D66/><U107/><E107/><V134/><F104/><W91/><G51/><N who="0" m="27023" /><D43/><U128/><E128/><V30/><F84/><W6/><G40/><T53/><D53/><U16/><E79/><V95/><F64/><W32/><G32/><T24/><D24/><N who="1" m="14439" /><E73/><V131/><F75/><W60/><G121/><T10/><AGARI ba="2,0" hai="10,14,19,61,62,85,90,92,94,97,100" m="27023" machi="10" ten="30,2000,0" yaku="8,1,52,1" doraHai="46" who="0" fromWho="0" sc="259,26,26,-7,418,-7,297,-12" />
</Scene>
<Scene>
<INIT seed="4,0,0,4,4,54" ten="285,19,411,285" oya="0" hai0="78,120,84,126,105,23,123,44,36,15,115,103,107" hai1="116,1,64,70,134,22,95,97,118,125,32,71,3" hai2="42,58,50,5,48,130,111,46,31,129,110,52,10" hai3="60,57,77,92,62,41,21,94,6,131,27,98,102"/><T133/><D126/><U56/><E32/><V28/><F28/><W68/><G131/><N who="2" m="50185" /><F31/><W39/><G68/><T117/><D117/><U37/><E37/><V0/><AGARI ba="0,0" hai="0,5,10,42,46,48,50,52,58,110,111" m="50185" machi="0" ten="30,4000,0" yaku="19,1,52,1,54,1" doraHai="54" who="2" fromWho="2" sc="285,-20,19,-10,411,40,285,-10" />
</Scene>
<Scene>
<INIT seed="5,0,0,5,3,39" ten="265,9,451,275" oya="1" hai0="2,101,56,92,80,91,7,90,54,33,42,87,79" hai1="85,109,66,88,68,31,99,67,74,127,18,37,122" hai2="29,75,5,62,89,11,110,32,9,71,23,69,77" hai3="125,105,10,24,19,95,22,133,129,118,20,51,76"/><U86/><E122/><V4/><F110/><W55/><G105/><T84/><D33/><U12/><E109/><V64/><F32/><W50/><G129/><T81/><D101/><U6/><E74/><V128/><F128/><W103/><G133/><T100/><D100/><U34/><E37/><V47/><F71/><W98/><G125/><T65/><D65/><N who="1" m="24587" /><E68/><V48/><F89/><W73/><G118/><T108/><D108/><U93/><E127/><V17/><F29/><W53/><G76/><T83/><D2/><U124/><E124/><V49/><F77/><W121/><G73/><T15/><D91/><U25/><E6/><V14/><F75/><W107/><G121/><T27/><D27/><U104/><E104/><V3/><F47/><N who="3" m="27871" /><G107/><T96/><D7/><U78/><E78/><V8/><F8/><W26/><G10/><T44/><D15/><AGARI ba="0,0" hai="3,4,5,9,11,14,15,17,23,48,49,62,64,69" machi="15" ten="30,1000,0" yaku="7,1" doraHai="39" who="2" fromWho="0" sc="265,-10,9,0,451,10,275,0" />
</Scene>
<Scene>
<INIT seed="6,0,0,1,4,132" ten="255,9,461,275" oya="2" hai0="43,6,20,109,50,119,10,105,79,33,34,114,126" hai1="41,128,27,77,129,103,100,61,108,54,76,36,80" hai2="63,13,89,115,1,121,117,127,38,70,87,2,102" hai3="18,110,72,30,96,60,66,86,0,8,134,17,22"/><V113/><F38/><W59/><G110/><T75/><D109/><U85/><E27/><V23/><F102/><N who="1" m="38953" /><E54/><V112/><F121/><W125/><G134/><T15/><D105/><U106/><E61/><V78/><F78/><W5/><G125/><T28/><D119/><U26/><E41/><V123/><F127/><W88/><G72/><T44/><D126/><U39/><E36/><V3/><F123/><W65/><G96/><T74/><D114/><U31/><E39/><V56/><F70/><W49/><G65/><T35/><D79/><N who="1" m="46239" /><E106/><V99/><F117/><W51/><G30/><T82/><D28/><U73/><E73/><V120/><F120/><W25/><G18/><T52/><D20/><U69/><E69/><V118/><F118/><W83/><AGARI ba="0,0" hai="0,5,8,17,22,25,49,51,59,60,66,83,86,88" machi="83" ten="20,2700,0" yaku="0,1,7,1,54,1" doraHai="132" who="3" fromWho="3" sc="255,-7,9,-7,461,-13,275,27" />
</Scene>
<Scene>
<INIT seed="7,0,0,0,0,15" ten="248,2,448,302" oya="3" hai0="43,72,1,23,110,112,87,0,105,80,47,102,117" hai1="91,51,6,98,69,63,26,39,54,24,67,132,20" hai2="28,134,133,82,25,52,21,66,85,7,79,96,131" hai3="3,135,5,99,35,120,73,118,33,44,59,61,78"/><W122/><G118/><T58/><D110/><U124/><E98/><V56/><F66/><W109/><G135/><N who="2" m="51721" /><F7/><W103/><G109/><T84/><D117/><U116/><E91/><V68/><F68/><W123/><G44/><T83/><D112/><U10/><E6/><V119/><F119/><W45/><G59/><T77/><D58/><U101/><E10/><V111/><F111/><W90/><G90/><T18/><D102/><U36/><E101/><V104/><F131/><W50/><G50/><T70/><D105/><U62/><E26/><V107/><F96/><W86/><G86/><T65/><D72/><U89/><E132/><V42/><F42/><W126/><G61/><AGARI ba="0,0" hai="21,25,28,52,56,61,79,82,85,104,107" m="51721" machi="61" ten="30,2000,0" yaku="20,1,54,1" doraHai="15" who="2" fromWho="3" sc="248,0,2,0,448,20,302,-20" owari="248,-15.0,2,-50.0,468,57.0,282,8.0" />
</Scene>
</mjloggm>