<mjloggm ver="2.3"><GO type="169" lobby="0"/><UN n0="%E7%8B%AC%E6%AD%A9" n1="%E5%9F%BA%E7%A4%8E%E8%AB%96" n2="%76%73%E8%B6%85%E5%BA%97%E9%95%B7" n3="%41%53%41%50%49%4E" dan="17,17,16,18" rate="2204.35,2145.04,2103.54,2272.06" sx="M,M,M,M"/><TAIKYOKU oya="0"/>

<Scene>
<INIT seed="0,0,0,4,4,17" ten="250,250,250,250" oya="0" hai0="129,133,26,85,3,35,120,42,8,16,104,22,77" hai1="117,65,101,6,47,10,113,107,53,20,21,126,56" hai2="38,64,106,76,93,81,110,121,73,40,82,11,66" hai3="102,87,116,67,36,33,71,72,112,19,108,130,41"/><T111/><D120/><U122/><E117/><V134/><F106/><W88/><G112/><T70/><D70/><U0/><E122/><V62/><F121/><W29/><G116/><T83/><D104/><U95/><E107/><V28/><F28/><W123/><G123/><T80/><D129/><U58/><E113/><V2/><F110/><W61/><G72/><T90/><D111/><U46/><E126/><V79/><F134/><W74/><G74/><T39/><D133/><U30/><E30/><V24/><F93/><W128/><G102/><T51/><D35/><U78/><E78/><V9/><F24/><W103/><G103/><T119/><D39/><U125/><E125/><V25/><F25/><W37/><G108/><T1/><D119/><U91/><E101/><V49/><F38/><W54/><G29/><T94/><D8/><N who="2" m="3146" /><F73/><W48/><G33/><T114/><D114/><U45/><E65/><N who="2" m="25195" /><F62/><W34/><G34/><T100/><D100/><U68/><E68/><V15/><F15/><W75/><G75/><T59/><D80/><N who="2" m="30826" /><F2/><W50/><G37/><T32/><D32/><U31/><E31/><V84/><F84/><W69/><G69/><T4/><D4/><U99/><REACH who="1" step="1"/><E58/><REACH who="1" ten="250,240,250,250" step="2"/><V97/><F79/><W60/><G71/><T27/><D59/><U124/><E124/><V96/><F76/><W89/><G128/><T92/><D77/><U105/><E105/><V23/><F23/><W44/><G130/><T127/><D127/><U57/><E57/><V55/><F55/><W86/><G54/><T5/><D85/><U63/><AGARI ba="0,1" hai="0,6,10,20,21,45,46,47,53,56,63,91,95,99" machi="63" ten="30,7900,0" yaku="1,1,0,1,52,2,53,0" doraHai="17" doraHaiUra="132" who="1" fromWho="1" sc="250,-39,240,89,250,-20,250,-20" />
</Scene>
<Scene>
<INIT seed="1,0,0,4,3,78" ten="211,329,230,230" oya="1" hai0="111,30,134,47,65,48,0,36,60,67,41,39,8" hai1="102,49,123,13,85,120,126,5,52,7,45,20,72" hai2="127,88,2,125,42,89,132,44,64,31,81,97,58" hai3="101,9,87,34,104,18,50,105,69,131,11,51,28"/><U37/><E72/><V27/><F2/><W99/><G69/><T106/><D106/><U6/><E126/><N who="2" m="48139" /><F132/><W115/><G115/><T109/><D30/><U55/><E37/><N who="0" m="14409" /><D8/><U76/><E102/><V129/><F129/><W25/><G131/><T98/><D98/><U82/><REACH who="1" step="1"/><E55/><REACH who="1" ten="211,319,230,230" step="2"/><V95/><F64/><W108/><G101/><T77/><D67/><U122/><E122/><V61/><F61/><W21/><G105/><T117/><D134/><U118/><E118/><V29/><F58/><W112/><G104/><T66/><D65/><U107/><E107/><V113/><F113/><W1/><G112/><T22/><D60/><U12/><E12/><V93/><F42/><W75/><G75/><T130/><D41/><U33/><E33/><V32/><F44/><W71/><G34/><T116/><D47/><U119/><E119/><V94/><F32/><W35/><G35/><T57/><D66/><U73/><E73/><V56/><F56/><W83/><G1/><T86/><D57/><U135/><E135/><V24/><F24/><W16/><G25/><T96/><D117/><U59/><E59/><V26/><F26/><W54/><G54/><T53/><D53/><U17/><AGARI ba="0,1" hai="5,6,7,13,17,20,45,49,52,76,82,85,120,123" machi="17" ten="30,11700,0" yaku="1,1,0,1,52,1,54,1,53,0" doraHai="78" doraHaiUra="128" who="1" fromWho="1" sc="211,-39,319,127,230,-39,230,-39" />
</Scene>
<Scene>
<INIT seed="1,1,0,1,2,20" ten="172,446,191,191" oya="1" hai0="51,95,43,76,122,82,63,78,132,83,35,113,135" hai1="104,91,34,40,121,71,7,49,68,128,86,99,33" hai2="70,75,6,127,72,109,114,54,98,134,87,62,18" hai3="57,77,80,66,23,69,73,74,47,19,39,4,2"/><U125/><E121/><V22/><F109/><W58/><G73/><T85/><D35/><U101/><E125/><V110/><F127/><W53/><G69/><T56/><D113/><U21/><E128/><V107/><F110/><W45/><G66/><T29/><D29/><U115/><E115/><V67/><F114/><W26/><G45/><T30/><D30/><U60/><E7/><V50/><F134/><W55/><G55/><T116/><D116/><U64/><E71/><V100/><F6/><W108/><G53/><T112/><D112/><U126/><E126/><V120/><F87/><W89/><G89/><T27/><D95/><U94/><E21/><V118/><F118/><W106/><G106/><T28/><D122/><U44/><AGARI ba="1,0" hai="33,34,40,44,49,60,64,68,86,91,94,99,101,104" machi="44" ten="30,1500,0" yaku="0,1" doraHai="20" who="1" fromWho="1" sc="172,-6,446,18,191,-6,191,-6" />
</Scene>
<Scene>
<INIT seed="1,2,0,4,1,28" ten="166,464,185,185" oya="1" hai0="52,129,101,2,44,26,81,93,19,60,77,103,110" hai1="69,40,56,118,65,85,102,63,30,126,0,120,22" hai2="82,6,25,12,57,92,90,116,125,128,45,88,112" hai3="54,123,97,76,29,20,91,113,43,27,48,66,135"/><U4/><E118/><V114/><F116/><W36/><G113/><T32/><D2/><U10/><E120/><V68/><F68/><W16/><G123/><T55/><D129/><U79/><E126/><V73/><F45/><W35/><G135/><T115/><D115/><N who="2" m="44074" /><F25/><W109/><G109/><T9/><D110/><U70/><E102/><V80/><F57/><W42/><G36/><T119/><D119/><U72/><E72/><V64/><F64/><W131/><G131/><T124/><D124/><U46/><E30/><V71/><F71/><W62/><G76/><T98/><D101/><U38/><E22/><V84/><F12/><W94/><G48/><T67/><D44/><U23/><E23/><V41/><F41/><W33/><G54/><T122/><D122/><U99/><E99/><N who="2" m="57735" /><F6/><W53/><G53/><T130/><D130/><U74/><E85/><N who="2" m="50471" /><F128/><W58/><G33/><T21/><D32/><U8/><E8/><V59/><F59/><W121/><G121/><T78/><D9/><U31/><E31/><V14/><F14/><AGARI ba="2,0" hai="14,16,20,27,29,35,42,43,58,62,66,91,94,97" machi="14" ten="30,3900,0" yaku="7,1,52,1,54,1" doraHai="28" who="3" fromWho="2" sc="166,0,464,0,185,-45,185,45" />
</Scene>
<Scene>
<INIT seed="2,0,0,0,5,94" ten="166,464,140,230" oya="2" hai0="60,28,27,47,70,21,73,66,132,43,44,17,14" hai1="32,113,19,118,54,15,125,99,75,79,45,95,6" hai2="88,30,84,77,126,12,90,123,133,38,49,104,10" hai3="52,2,29,112,76,98,3,35,102,120,50,11,13"/><V122/><F38/><W86/><G120/><T40/><D73/><U103/><E118/><V97/><F126/><W63/><G112/><T106/><D132/><U89/><E113/><V83/><F30/><W131/><G131/><T25/><D106/><U121/><E32/><V100/><F133/><W62/><G3/><T105/><D105/><U55/><E121/><V18/><F90/><W72/><G2/><T26/><D44/><U8/><E125/><V41/><F41/><W22/><G35/><T51/><REACH who="0" step="1"/><D43/><REACH who="0" ten="156,464,140,230" step="2"/><U59/><E75/><V96/><REACH who="2" step="1"/><F49/><REACH who="2" ten="156,464,130,230" step="2"/><W91/><G50/><T127/><D127/><U87/><E79/><V42/><F42/><W134/><G76/><T33/><AGARI ba="0,2" hai="14,17,21,25,26,27,28,33,40,47,51,60,66,70" machi="33" ten="20,2700,0" yaku="1,1,0,1,7,1,53,0" doraHai="94" doraHaiUra="116" who="0" fromWho="0" sc="156,47,464,-7,130,-13,230,-7" />
</Scene>
<Scene>
<INIT seed="3,0,0,2,1,7" ten="203,457,117,223" oya="3" hai0="36,116,90,52,4,124,73,47,114,129,95,86,76" hai1="48,112,26,84,16,6,127,128,24,78,25,107,135" hai2="72,64,85,109,68,118,28,45,31,91,89,75,20" hai3="54,46,92,99,125,126,103,33,121,42,23,102,49"/><W66/><G121/><T60/><D116/><U83/><E107/><V22/><F118/><W32/><G66/><T27/><D114/><U105/><E105/><V96/><F64/><W50/><G23/><T97/><D129/><U38/><E38/><V29/><F68/><W30/><G102/><T8/><D124/><N who="3" m="47721" /><G30/><T15/><D27/><U41/><E112/><V34/><F109/><W123/><G123/><T11/><D73/><U53/><E128/><V94/><F34/><W14/><G14/><N who="0" m="5383" /><D36/><U119/><E119/><V77/><F77/><W35/><G35/><T3/><D3/><U10/><E127/><V2/><F2/><W67/><G67/><T93/><D76/><U19/><E41/><V80/><F75/><W82/><G82/><N who="0" m="49495" /><D97/><U43/><E43/><V1/><F1/><W56/><AGARI ba="0,0" hai="32,33,42,46,49,50,54,56,92,99,103" m="47721" machi="56" ten="30,1500,0" yaku="18,1" doraHai="7" who="3" fromWho="3" sc="203,-5,457,-5,117,-5,223,15" />
</Scene>
<Scene>
<INIT seed="3,1,0,1,3,69" ten="198,452,112,238" oya="3" hai0="27,91,97,43,98,61,80,71,7,63,116,86,10" hai1="84,134,40,65,35,132,111,76,51,44,123,12,60" hai2="103,73,46,34,67,9,70,17,30,108,106,21,38" hai3="11,93,13,75,42,68,85,1,99,31,50,64,36"/><W19/><G75/><T126/><D116/><U125/><E123/><V3/><F73/><W29/><G1/><T121/><D121/><U124/><E35/><V0/><F108/><W119/><G119/><T57/><D126/><N who="1" m="48747" /><E111/><V49/><F38/><W79/><G50/><T120/><D120/><U82/><E12/><V6/><F0/><W92/><G64/><T26/><D43/><U133/><E133/><V32/><F30/><W88/><G68/><AGARI ba="1,0" hai="40,44,51,60,65,68,76,82,84,132,134" m="48747" machi="68" ten="30,1000,0" yaku="18,1" doraHai="69" who="1" fromWho="3" sc="198,0,452,13,112,0,238,-13" />
</Scene>
<Scene>
<INIT seed="4,0,0,1,4,104" ten="198,465,112,225" oya="0" hai0="88,70,120,93,11,37,81,134,67,63,124,13,66" hai1="72,33,30,112,94,105,1,103,0,39,73,117,82" hai2="45,29,64,95,24,89,75,77,22,35,50,41,102" hai3="6,36,3,42,15,71,79,130,97,34,121,113,69"/><T2/><D120/><U53/><E53/><V25/><F102/><W119/><G119/><T80/><D37/><U132/><E94/><V108/><F108/><W123/><G34/><T20/><D134/><U28/><E117/><V9/><F9/><N who="3" m="4535" /><G3/><T85/><D124/><U46/><E30/><V17/><F64/><W10/><G10/><T16/><REACH who="0" step="1"/><D66/><REACH who="0" ten="188,465,112,225" step="2"/><U27/><E132/><V47/><F47/><W21/><G123/><T115/><D115/><U74/><E112/><V52/><F41/><W116/><G36/><T101/><D101/><U62/><E103/><V84/><REACH who="2" step="1"/><F77/><REACH who="2" ten="188,465,102,225" step="2"/><W48/><G79/><T14/><D14/><U40/><E40/><V4/><F4/><AGARI ba="0,2" hai="2,4,11,13,16,20,63,67,70,80,81,85,88,93" machi="4" ten="40,12000,1" yaku="1,1,54,2,53,1" doraHai="104" doraHaiUra="86" who="0" fromWho="2" sc="188,140,465,0,102,-120,225,0" owari="328,13.0,465,56.0,-18,-52.0,225,-17.0" />
</Scene>
</mjloggm>