<mjloggm ver="2.3"><GO type="169" lobby="0"/><UN n0="%E7%AB%8B%E8%8F%AF%E5%A5%8F" n1="%E5%86%92%E9%99%BA%E7%8E%8B%E3%83%8B%E3%82%A3%E3%83%88" n2="%4D%49%40%34%32%38" n3="%41%53%41%50%49%4E" dan="16,16,16,18" rate="2074,2100,2172,2200" sx="F,M,M,M"/><TAIKYOKU oya="0"/>

<Scene>
<INIT seed="0,0,0,2,4,40" ten="250,250,250,250" oya="0" hai0="67,127,26,62,34,91,25,39,80,120,96,92,9" hai1="114,107,68,123,1,30,119,82,46,27,3,125,113" hai2="101,112,134,93,11,90,106,117,56,88,100,33,69" hai3="71,89,31,128,74,76,126,81,98,108,16,118,84"/><T83/><D120/><U122/><E68/><V7/><F69/><W54/><G118/><T129/><D129/><U66/><E66/><V20/><F112/><N who="1" m="43113" /><E107/><V57/><F33/><W37/><G128/><T70/><D127/><U13/><E119/><V73/><F73/><W102/><G71/><T132/><D132/><U32/><E125/><V51/><F106/><W87/><G126/><T6/><D39/><U42/><E82/><V29/><F134/><W58/><G108/><T86/><D34/><U63/><E63/><V115/><F117/><W133/><G31/><T49/><D49/><N who="1" m="26839" /><E13/><N who="2" m="5375" /><F115/><W44/><G133/><T59/><D70/><U17/><E17/><V35/><F35/><W36/><G74/><T85/><D85/><U116/><E116/><V110/><F110/><W99/><G84/><T109/><D109/><U121/><AGARI ba="0,0" hai="1,3,27,30,32,121,122,123" m="26839,43113" machi="121" ten="40,2700,0" yaku="11,1,52,1" doraHai="40" who="1" fromWho="1" sc="250,-13,250,27,250,-7,250,-7" />
</Scene>
<Scene>
<INIT seed="1,0,0,0,5,123" ten="237,277,243,243" oya="1" hai0="64,50,61,118,80,100,96,133,3,66,99,39,117" hai1="93,49,34,62,70,115,75,16,127,73,60,5,10" hai2="4,84,65,32,44,28,48,25,124,41,74,121,120" hai3="134,15,131,7,114,52,23,87,119,132,110,1,130"/><U82/><E34/><V89/><F74/><W33/><G33/><T98/><D39/><U59/><E115/><V101/><F124/><W19/><G114/><T107/><D3/><U57/><E70/><V88/><F101/><W40/><G40/><T29/><D133/><N who="3" m="51305" /><G87/><T27/><D80/><U63/><E127/><V20/><F65/><W83/><G83/><T17/><D17/><U55/><E93/><V116/><F116/><W126/><G126/><T128/><D128/><N who="3" m="49193" /><G119/><T13/><D13/><U11/><E11/><V54/><F121/><W108/><G52/><T72/><D66/><U79/><E75/><V129/><F120/><W97/><G97/><T56/><D72/><U85/><E73/><V37/><F129/><W125/><G125/><T71/><D99/><U8/><E8/><AGARI ba="0,0" hai="1,7,8,15,19,23,108,110" m="49193,51305" machi="8" ten="40,12000,2" yaku="20,1,19,1,34,2,52,2" doraHai="123" who="3" fromWho="1" sc="237,0,277,-120,243,0,243,120" />
</Scene>
<Scene>
<INIT seed="2,0,0,0,5,90" ten="237,157,243,363" oya="2" hai0="27,121,91,28,39,61,37,72,133,12,104,132,42" hai1="9,109,65,98,88,80,25,17,38,114,15,110,23" hai2="84,97,55,134,113,13,69,40,67,10,0,16,4" hai3="116,57,56,107,6,105,85,26,30,82,87,44,24"/><V29/><F113/><W106/><G116/><T79/><D121/><U102/><E114/><V70/><F40/><W89/><G6/><T94/><D104/><U14/><E38/><V7/><F29/><W127/><G127/><T8/><D61/><U11/><E65/><V112/><F112/><W78/><G44/><T74/><D42/><U76/><E14/><V48/><F134/><N who="0" m="51818" /><D39/><U122/><E122/><V95/><F84/><W96/><G96/><N who="0" m="57439" /><D37/><U111/><E102/><V22/><F7/><W77/><G26/><T100/><D100/><U58/><E58/><V21/><F21/><W75/><G75/><T52/><D79/><U108/><N who="1" m="27648" /><DORA hai="86" /><U130/><E130/><V125/><F67/><W2/><G2/><T123/><D52/><U1/><E1/><V53/><F125/><W101/><G101/><T3/><D3/><U35/><E35/><V128/><F128/><W117/><G117/><T129/><D129/><U50/><E50/><V41/><F41/><W33/><REACH who="3" step="1"/><G78/><REACH who="3" ten="237,157,243,353" step="2"/><T18/><D123/><U124/><E124/><V46/><F55/><W68/><G68/><T120/><D120/><U64/><E76/><V20/><F20/><AGARI ba="0,1" hai="8,12,18,20,27,28,72,74" m="57439,51818" machi="20" ten="30,3900,0" yaku="20,1,52,2" doraHai="90,86" who="0" fromWho="2" sc="237,49,157,0,243,-39,353,0" />
</Scene>
<Scene>
<INIT seed="3,0,0,2,1,68" ten="286,157,204,353" oya="3" hai0="131,63,6,86,36,24,69,83,103,18,57,3,135" hai1="85,114,79,133,43,115,113,65,78,105,8,76,107" hai2="66,0,117,101,108,32,99,25,29,96,88,14,50" hai3="52,123,5,128,12,106,1,109,104,87,54,121,28"/><W132/><G1/><T13/><D69/><U74/><E65/><V33/><F0/><W37/><G28/><T97/><D131/><U46/><E8/><V4/><F117/><W15/><G87/><T100/><D135/><U77/><E133/><V16/><F4/><W2/><G2/><T67/><D3/><U98/><E85/><V51/><F33/><W34/><G132/><T110/><D110/><U56/><E56/><V21/><F66/><W40/><G40/><T82/><D6/><U102/><E105/><V23/><F32/><W127/><G34/><T39/><D24/><U81/><REACH who="1" step="1"/><E76/><REACH who="1" ten="286,147,204,353" step="2"/><V71/><F71/><W20/><G104/><T125/><D86/><U60/><E60/><V38/><F108/><W92/><G106/><T48/><D57/><U120/><E120/><V72/><F72/><W10/><G109/><T95/><D63/><U70/><E70/><V122/><F122/><W112/><G10/><T64/><D67/><U35/><E35/><V80/><F38/><AGARI ba="0,1" hai="38,43,46,74,77,78,79,81,98,102,107,113,114,115" machi="38" ten="40,2600,0" yaku="1,1,52,1,53,0" doraHai="68" doraHaiUra="17" who="1" fromWho="2" sc="286,0,147,36,204,-26,353,0" />
</Scene>
<Scene>
<INIT seed="4,0,0,3,4,23" ten="286,183,178,353" oya="0" hai0="74,107,77,43,86,34,118,132,49,103,124,5,53" hai1="55,35,99,110,9,128,4,56,111,41,97,114,29" hai2="36,125,134,63,95,100,38,17,91,79,66,62,102" hai3="22,71,84,28,10,50,42,19,76,121,57,119,115"/><T33/><D118/><U81/><E41/><V24/><F79/><W108/><G119/><T15/><D124/><U20/><E35/><V98/><F125/><W51/><G71/><T21/><D132/><U6/><E6/><V130/><F134/><W32/><G32/><T54/><D74/><U116/><E116/><V16/><F130/><W64/><G108/><T2/><D2/><U93/><E81/><V126/><F126/><W40/><G115/><T83/><D107/><U65/><E65/><V129/><F129/><W78/><G121/><T61/><D103/><N who="2" m="39466" /><F38/><W3/><G28/><T1/><D1/><U27/><E128/><V87/><F36/><W123/><G10/><T120/><D120/><U12/><E114/><V52/><F66/><W37/><G3/><T31/><D61/><N who="2" m="23050" /><F87/><W45/><G64/><T60/><D60/><U122/><E122/><V67/><F67/><W13/><G37/><T92/><D92/><U18/><E4/><V0/><F0/><W26/><G123/><T90/><D90/><U80/><E80/><V75/><F75/><W89/><G13/><T112/><D112/><U8/><E8/><V117/><F117/><W25/><G76/><T104/><D104/><U30/><E93/><V46/><F24/><N who="3" m="14431" /><G78/><T94/><D34/><U72/><E72/><V69/><F69/><W131/><G131/><T48/><D33/><U85/><E85/><V96/><F96/><N who="1" m="36937" /><E111/><V73/><F73/><W106/><G106/><T82/><D86/><U58/><E110/><V47/><F47/><N who="3" m="25959" /><G57/><N who="1" m="22122" /><E55/><V39/><F39/><W14/><G14/><T105/><D15/><RYUUKYOKU ba="0,0" sc="286,-30,183,10,178,10,353,10" hai1="9,12,18,20,27,29,30" hai2="16,17,46,52,91,95,98" hai3="25,26,42,45,51,84,89" />
</Scene>
<Scene>
<INIT seed="5,1,0,2,3,123" ten="256,193,188,363" oya="1" hai0="56,42,23,72,128,66,80,7,59,12,120,82,40" hai1="41,96,81,132,9,47,116,93,102,13,97,17,16" hai2="92,112,90,0,36,126,14,74,35,118,107,22,134" hai3="52,68,11,91,100,71,101,77,108,19,20,89,34"/><U75/><E116/><V124/><RYUUKYOKU type="yao9" ba="1,0" sc="256,0,193,0,188,0,363,0" hai2="0,14,22,35,36,74,90,92,107,112,118,124,126,134" />
</Scene>
<Scene>
<INIT seed="5,2,0,4,0,84" ten="256,193,188,363" oya="1" hai0="108,33,54,6,2,45,1,8,129,61,73,49,5" hai1="44,126,53,0,81,48,55,58,85,102,19,72,14" hai2="4,89,75,69,26,121,3,27,97,80,57,50,110" hai3="38,13,111,66,94,30,90,52,105,87,51,24,15"/><U120/><E72/><V63/><F110/><W122/><G111/><T99/><D108/><U60/><E0/><V131/><F121/><W101/><G122/><T77/><D129/><U123/><E126/><V83/><F131/><W106/><G38/><T76/><D33/><U88/><REACH who="1" step="1"/><E102/><REACH who="1" ten="256,183,188,363" step="2"/><V21/><F3/><W92/><G101/><T12/><D73/><U70/><E70/><V17/><F75/><W46/><G105/><T125/><D125/><U7/><E7/><V71/><F4/><W68/><G106/><T32/><D1/><U96/><E96/><V22/><F71/><W20/><G68/><T74/><D74/><U16/><E16/><N who="2" m="12583" /><F69/><W100/><G66/><T107/><D2/><U59/><E59/><V117/><F117/><W130/><G130/><T127/><D5/><U67/><E67/><N who="2" m="39407" /><F50/><W35/><G35/><T95/><D32/><U109/><E109/><V104/><F104/><W82/><G100/><T115/><D107/><U11/><AGARI ba="2,1" hai="11,14,19,44,48,53,55,58,60,81,85,88,120,123" machi="11" ten="20,18000,2" yaku="1,1,0,1,7,1,25,2,52,1,54,1,53,0" doraHai="84" doraHaiUra="36" who="1" fromWho="1" sc="256,-62,183,196,188,-62,363,-62" />
</Scene>
<Scene>
<INIT seed="5,3,0,2,4,50" ten="194,379,126,301" oya="1" hai0="68,64,0,109,4,37,14,89,42,29,26,17,65" hai1="93,107,73,11,39,58,15,16,44,131,7,101,88" hai2="40,130,128,104,103,18,97,5,76,133,51,135,12" hai3="41,114,35,121,48,36,95,71,25,49,98,57,56"/><U112/><E73/><V8/><F76/><W43/><G121/><T53/><D109/><U75/><E75/><V110/><F110/><W9/><G71/><T119/><D119/><U69/><E69/><V66/><F66/><W22/><G35/><T23/><D68/><U115/><E131/><N who="2" m="50219" /><F40/><N who="3" m="15435" /><G36/><T87/><D42/><U122/><E44/><V123/><F123/><W79/><G79/><T46/><D37/><U55/><E39/><V129/><N who="2" m="50227" /><V126/><DORA hai="92" /><F51/><N who="3" m="19531" /><G9/><T83/><D46/><U1/><E122/><V111/><F111/><W96/><G114/><N who="1" m="43562" /><E101/><V2/><F126/><W82/><G82/><T19/><D53/><U38/><E38/><V60/><F60/><W10/><G10/><AGARI ba="3,0" hai="2,5,8,10,12,18,97,103,104,133,135" m="50227" machi="10" ten="40,2600,0" yaku="19,1,52,1" doraHai="50,92" who="2" fromWho="3" sc="194,0,379,0,126,35,301,-35" />
</Scene>
<Scene>
<INIT seed="6,0,0,1,5,11" ten="194,379,161,266" oya="2" hai0="19,41,121,75,67,46,73,102,78,95,123,85,4" hai1="82,77,113,133,68,108,74,124,42,58,129,48,20" hai2="23,135,52,70,132,3,81,100,27,18,104,120,71" hai3="119,8,94,40,31,24,14,6,17,26,9,134,86"/><V1/><F120/><W91/><G119/><T69/><D4/><U12/><E68/><N who="2" m="26155" /><F81/><W43/><G134/><N who="2" m="51241" /><F52/><W38/><G38/><T62/><D19/><U127/><E133/><V64/><F64/><W47/><G47/><T65/><D65/><U76/><E77/><V112/><F112/><W99/><G99/><AGARI ba="0,0" hai="1,3,18,23,27,99,100,104" m="51241,26155" machi="99" ten="30,1500,0" yaku="20,1" doraHai="11" who="2" fromWho="3" sc="194,0,379,0,161,15,266,-15" />
</Scene>
<Scene>
<INIT seed="6,1,0,4,4,122" ten="194,379,176,251" oya="2" hai0="80,102,89,85,11,67,12,64,34,98,40,87,63" hai1="131,95,92,19,110,79,111,113,104,33,99,54,132" hai2="91,78,43,94,47,72,44,46,48,108,14,107,66" hai3="30,130,8,135,20,120,118,15,126,106,57,69,83"/><V74/><F107/><W21/><G120/><T86/><D34/><U32/><E104/><V129/><F66/><W3/><G106/><T75/><D40/><U36/><E79/><V53/><F129/><W41/><G69/><T22/><D75/><U96/><E36/><V56/><F78/><W39/><G3/><T50/><D22/><U121/><E131/><V38/><F14/><W17/><G118/><T119/><D119/><U49/><E121/><V25/><F25/><W117/><G117/><T127/><D127/><U16/><E113/><V52/><F108/><W82/><G135/><T18/><D50/><U65/><E49/><V90/><F90/><W23/><G126/><T134/><D134/><U5/><E5/><V112/><F112/><W115/><G115/><T71/><REACH who="0" step="1"/><D64/><REACH who="0" ten="184,379,176,251" step="2"/><U45/><E65/><V60/><REACH who="2" step="1"/><F46/><REACH who="2" ten="184,379,166,251" step="2"/><N who="3" m="23871" /><G130/><T59/><D59/><U100/><E45/><V105/><F105/><AGARI ba="1,2" hai="11,12,18,63,67,71,80,85,86,87,89,98,102,105" machi="105" ten="30,2000,0" yaku="1,1,7,1,53,0" doraHai="122" doraHaiUra="68" who="0" fromWho="2" sc="184,43,379,0,166,-23,251,0" />
</Scene>
<Scene>
<INIT seed="7,0,0,2,0,62" ten="227,379,143,251" oya="3" hai0="66,84,43,42,103,23,111,4,50,46,28,58,5" hai1="63,71,3,117,65,109,79,40,11,80,45,27,102" hai2="134,91,135,49,18,87,48,92,118,6,13,130,36" hai3="32,122,104,55,67,78,70,83,8,99,128,60,21"/><W125/><G122/><T44/><D111/><U90/><E102/><V89/><F118/><W37/><G32/><T69/><D103/><U47/><E117/><V64/><F36/><W53/><G128/><T77/><D69/><U10/><E90/><V52/><F130/><W41/><G125/><T38/><D28/><U114/><E47/><V98/><F6/><W112/><G112/><T74/><D74/><U26/><E114/><V56/><F49/><W72/><G104/><T34/><D34/><U25/><E3/><V115/><F115/><W0/><G99/><T2/><D23/><U76/><E79/><V12/><F12/><W68/><G21/><T33/><D33/><U113/><E109/><V61/><F89/><W88/><G88/><T29/><D29/><U73/><REACH who="1" step="1"/><E113/><REACH who="1" ten="227,369,143,251" step="2"/><V129/><F129/><W105/><G105/><T126/><D2/><U9/><E9/><V51/><F98/><W17/><G0/><T120/><D120/><U116/><E116/><V16/><F134/><W121/><G121/><T81/><REACH who="0" step="1"/><D126/><REACH who="0" ten="217,369,143,251" step="2"/><U39/><AGARI ba="0,2" hai="10,11,25,26,27,39,40,45,63,65,71,73,76,80" machi="39" ten="30,4000,0" yaku="1,1,0,1,52,1,53,0" doraHai="62" doraHaiUra="15" who="1" fromWho="1" sc="217,-10,369,60,143,-10,251,-20" owari="207,-19.0,429,53.0,133,-37.0,231,3.0" />
</Scene>
</mjloggm>