<mjloggm ver="2.3"><GO type="169" lobby="0"/><UN n0="%E3%83%91%E3%83%94%E3%82%A3%E3%82%AA%52" n1="%41%53%41%50%49%4E" n2="%47%61%4B%75" n3="%E3%83%90%E3%83%BC%E3%83%86%E3%82%A3" dan="16,18,16,16" rate="2041.16,2235.42,2089.23,2135.84" sx="M,M,M,M"/><TAIKYOKU oya="0"/>

<Scene>
<INIT seed="0,0,0,3,5,20" ten="250,250,250,250" oya="0" hai0="109,110,121,30,101,60,39,87,22,14,23,96,122" hai1="79,76,34,71,17,83,118,8,100,45,134,125,129" hai2="64,88,135,86,119,9,35,21,26,1,74,104,3" hai3="48,111,52,16,128,69,108,40,43,7,97,32,127"/><T6/><D39/><U27/><E118/><V77/><F74/><W93/><G69/><T62/><D87/><U58/><E71/><V89/><F77/><W82/><G32/><T53/><D121/><U117/><E117/><V132/><F104/><W130/><G7/><T33/><D33/><U124/><E129/><N who="3" m="49770" /><G82/><T38/><D38/><U61/><E134/><N who="2" m="51243" /><F35/><W78/><G78/><T115/><D115/><U73/><E79/><V67/><F119/><W19/><G127/><T10/><D122/><U94/><E34/><V5/><F3/><W123/><G123/><T54/><D62/><U25/><E61/><V103/><F103/><N who="3" m="60847" /><G43/><T12/><D12/><U37/><E100/><V75/><F75/><W107/><G40/><T59/><D54/><U70/><E125/><V105/><F105/><W90/><G90/><N who="2" m="34921" /><F86/><W15/><G107/><T4/><D4/><U112/><E76/><V42/><F42/><W72/><G72/><T29/><D96/><U92/><E73/><V44/><F44/><N who="3" m="27655" /><G15/><T24/><D101/><U126/><E124/><V113/><F113/><W84/><G84/><T2/><D2/><U120/><E112/><V114/><F114/><W66/><G66/><T49/><D60/><U80/><E120/><V46/><F46/><W11/><G11/><T51/><D51/><U41/><E126/><V68/><F68/><W133/><G133/><T13/><D13/><N who="1" m="7335" /><E70/><V98/><F98/><W106/><G106/><T36/><D36/><U55/><E37/><V0/><F0/><W65/><G65/><T116/><D116/><U99/><E41/><V102/><F102/><RYUUKYOKU ba="0,0" sc="250,10,250,-30,250,10,250,10" hai0="6,10,14,22,23,24,29,30,49,53,59,109,110" hai2="1,5,9,21,26,64,67" hai3="16,19,108,111" />
</Scene>
<Scene>
<INIT seed="0,1,0,4,3,47" ten="260,220,260,260" oya="0" hai0="132,3,35,44,127,120,131,85,128,133,124,112,20" hai1="19,8,92,87,109,80,61,97,115,60,23,63,116" hai2="2,96,18,71,104,11,75,56,67,100,53,82,28" hai3="102,108,30,93,83,7,29,114,126,125,9,32,72"/><T17/><D35/><U33/><E33/><V94/><F28/><W74/><G114/><T42/><D112/><U14/><E115/><V121/><F121/><W99/><G108/><T66/><D3/><U62/><E116/><V21/><F11/><W107/><G93/><T69/><D120/><U130/><E109/><V46/><F2/><N who="3" m="247" /><G83/><T111/><D111/><U88/><E130/><N who="0" m="49705" /><D85/><U118/><E118/><V52/><F71/><W55/><G55/><T64/><D69/><U57/><E63/><V24/><F104/><W50/><G50/><N who="0" m="26903" /><D20/><U86/><E86/><V31/><F31/><W6/><G6/><T134/><D17/><U79/><REACH who="1" step="1"/><E23/><REACH who="1" ten="260,210,260,260" step="2"/><V22/><F22/><W54/><G32/><T65/><AGARI ba="1,1" hai="64,65,66,124,127,132,133,134" m="26903,49705" machi="65" ten="40,18000,2" yaku="30,2,20,1,19,1,34,2,52,1" doraHai="47" who="0" fromWho="0" sc="260,193,210,-61,260,-61,260,-61" />
</Scene>
<Scene>
<INIT seed="0,2,0,2,3,6" ten="453,149,199,199" oya="0" hai0="75,65,40,51,124,118,130,47,122,119,115,109,56" hai1="133,5,23,95,123,107,101,21,24,35,16,15,4" hai2="105,39,79,116,55,50,91,72,12,121,67,11,90" hai3="135,129,87,61,14,68,98,31,34,25,41,49,64"/><T29/><D75/><U93/><E107/><V62/><F39/><W81/><G135/><T22/><D122/><U48/><E123/><V88/><F121/><W132/><G132/><T78/><D78/><U134/><E101/><V110/><F110/><W46/><G129/><T73/><D73/><U9/><E133/><V120/><F120/><W97/><G14/><T117/><D29/><N who="1" m="19879" /><E93/><V127/><F127/><W125/><REACH who="3" step="1"/><G125/><REACH who="3" ten="453,149,199,189" step="2"/><T19/><D124/><U94/><E134/><V59/><F116/><W126/><G126/><T69/><D130/><U86/><E15/><V10/><F105/><W57/><G57/><T53/><D115/><U36/><E36/><V89/><F12/><W27/><G27/><T112/><D112/><U96/><E4/><V106/><F106/><W54/><G54/><T100/><D69/><U80/><E5/><V0/><F0/><W83/><G83/><T84/><D118/><U38/><E80/><V131/><F131/><W18/><G18/><T70/><D70/><U92/><E16/><V60/><F72/><W108/><G108/><T113/><D109/><U32/><E38/><V33/><F67/><W71/><G71/><T42/><D19/><U45/><E86/><V13/><F13/><W20/><G20/><T76/><D22/><U44/><E23/><V111/><F111/><W85/><G85/><T2/><D84/><U104/><E21/><V58/><F58/><W30/><G30/><T114/><D113/><U128/><E104/><V17/><F59/><W82/><G82/><T52/><D117/><U7/><E128/><V43/><F17/><RYUUKYOKU ba="2,1" sc="453,-10,149,-10,199,-10,189,30" hai3="25,31,34,41,46,49,61,64,68,81,87,97,98" />
</Scene>
<Scene>
<INIT seed="1,3,1,0,3,47" ten="443,139,189,219" oya="1" hai0="94,77,98,117,42,63,113,91,17,24,62,132,83" hai1="38,57,22,31,101,92,25,32,61,70,51,111,11" hai2="116,68,84,65,26,82,80,6,64,125,10,120,79" hai3="72,67,0,110,40,122,97,88,87,28,100,108,7"/><U37/><E70/><V41/><F116/><W75/><G67/><T89/><D113/><U34/><E111/><N who="3" m="42538" /><G122/><T78/><D117/><U114/><E114/><V128/><F120/><W134/><G28/><T50/><D132/><U20/><E11/><V27/><F125/><W1/><G134/><T16/><D89/><U60/><E60/><N who="0" m="23081" /><D83/><U85/><E22/><V35/><F68/><W21/><G21/><N who="0" m="13351" /><D17/><U45/><E38/><V56/><F128/><W12/><G12/><T39/><D39/><U43/><E37/><V74/><F41/><W127/><G127/><T54/><D42/><U129/><E129/><V133/><F133/><W76/><G76/><T59/><AGARI ba="3,1" hai="50,54,59,77,78,91,94,98" m="13351,23081" machi="59" ten="30,4000,0" yaku="8,1,52,1,54,1" doraHai="47" who="0" fromWho="0" sc="443,59,139,-23,189,-13,219,-13" />
</Scene>
<Scene>
<INIT seed="2,0,0,3,0,41" ten="502,116,176,206" oya="2" hai0="107,51,25,105,64,33,101,3,18,50,131,72,92" hai1="47,10,45,44,69,63,71,40,31,97,110,85,120" hai2="83,17,42,106,103,102,134,88,135,28,21,91,128" hai3="30,27,100,78,76,118,125,130,86,121,122,124,54"/><V4/><F28/><W13/><G118/><T62/><D3/><U6/><E110/><V23/><F128/><W32/><G100/><T90/><D72/><U38/><E120/><V82/><F4/><W126/><G130/><T36/><D36/><U73/><E73/><V113/><F113/><W0/><G0/><T7/><D7/><U98/><E31/><V15/><F42/><W79/><G86/><T14/><D131/><U52/><E85/><V77/><F21/><W119/><G119/><T39/><D39/><U65/><E69/><V87/><F91/><W2/><G2/><T57/><D101/><U35/><E35/><V89/><F89/><W46/><REACH who="3" step="1"/><G13/><REACH who="3" ten="502,116,176,196" step="2"/><T11/><D107/><U29/><E97/><V55/><F106/><W58/><G58/><T67/><D105/><U26/><E98/><V37/><F37/><W93/><G93/><T9/><D14/><U59/><E26/><V53/><F102/><W61/><G61/><T116/><D57/><U94/><E94/><V115/><F103/><W104/><G104/><T133/><D62/><U81/><E81/><V8/><F115/><W95/><G95/><T56/><D92/><U68/><E68/><V129/><F129/><W24/><G24/><T16/><D56/><U132/><E132/><N who="2" m="50731" /><F8/><W1/><G1/><T84/><D11/><U127/><E10/><V19/><F19/><W34/><G34/><T22/><D9/><U74/><E6/><V20/><F20/><W60/><G60/><T123/><D33/><U49/><E29/><V66/><F66/><N who="0" m="25130" /><D133/><U96/><E65/><V109/><F109/><RYUUKYOKU ba="0,1" sc="502,-15,116,-15,176,15,196,15" hai2="15,17,23,53,55,77,82,83,87,88" hai3="27,30,32,46,54,76,78,79,121,122,124,125,126" />
</Scene>
<Scene>
<INIT seed="2,1,1,2,2,117" ten="487,101,191,211" oya="2" hai0="47,104,50,53,135,19,48,58,64,95,5,69,9" hai1="73,3,23,55,21,43,41,67,7,110,127,60,78" hai2="88,14,111,108,11,31,51,32,35,124,12,121,22" hai3="29,57,17,120,119,66,81,79,74,130,38,16,52"/><V103/><F103/><W114/><G119/><T123/><D104/><U75/><E110/><N who="2" m="42027" /><F124/><W82/><G38/><T2/><D69/><U90/><E127/><V98/><F121/><W18/><G130/><T0/><D123/><U27/><E55/><V86/><F98/><W113/><G29/><T115/><D135/><U70/><E23/><V63/><F22/><W20/><G66/><T106/><D106/><U118/><E118/><V126/><F126/><W134/><G134/><T30/><D30/><U6/><E90/><V44/><F63/><W80/><G120/><T26/><D115/><N who="3" m="44041" /><G20/><T132/><D132/><U72/><E78/><V102/><F102/><W25/><G25/><T125/><D125/><U28/><REACH who="1" step="1"/><E3/><REACH who="1" ten="487,91,191,211" step="2"/><V24/><F35/><W87/><G74/><T15/><D2/><U45/><E45/><V37/><F37/><W13/><G13/><T89/><D0/><U129/><E129/><V1/><F1/><W105/><G105/><T116/><D116/><U122/><E122/><V91/><F11/><W128/><G128/><T54/><D64/><U100/><E100/><V109/><N who="2" m="42035" /><V61/><DORA hai="36" /><F61/><AGARI ba="1,2" hai="16,17,18,52,57,61,79,80,81,82,87" m="44041" machi="61" ten="30,3900,0" yaku="11,1,54,2" doraHai="117,36" who="3" fromWho="2" sc="487,0,91,0,191,-42,211,62" />
</Scene>
<Scene>
<INIT seed="3,0,0,2,0,129" ten="487,91,149,273" oya="3" hai0="63,130,86,2,17,42,82,33,132,71,26,52,111" hai1="74,81,107,13,123,21,37,6,48,1,100,32,34" hai2="125,14,114,51,99,120,50,35,96,25,67,77,121" hai3="93,109,131,69,62,87,28,103,39,83,9,118,70"/><W43/><G118/><T59/><D2/><U15/><E123/><N who="2" m="47179" /><F114/><W10/><G39/><T4/><D4/><U44/><E48/><N who="2" m="18475" /><F67/><W22/><G43/><T54/><D42/><N who="1" m="22607" /><E15/><V97/><F77/><N who="3" m="46575" /><G70/><T23/><D71/><U115/><E13/><V116/><F116/><W117/><G117/><T92/><D92/><U16/><E21/><V11/><F125/><W135/><G69/><T119/><D33/><U108/><E115/><V27/><F35/><W78/><G78/><T40/><D40/><U24/><E34/><V76/><F76/><W105/><G105/><T12/><D12/><U75/><E32/><V94/><F94/><W3/><G3/><T46/><D46/><U56/><E1/><V64/><F64/><W5/><G5/><AGARI ba="0,0" hai="5,11,14,25,27,96,97,99" m="18475,47179" machi="5" ten="30,1000,0" yaku="13,1" doraHai="129" who="2" fromWho="3" sc="487,0,91,0,149,10,273,-10" />
</Scene>
<Scene>
<INIT seed="4,0,0,3,2,127" ten="487,91,159,263" oya="0" hai0="105,130,121,27,3,19,78,51,9,123,82,14,118" hai1="67,68,107,81,113,91,59,16,90,46,106,92,33" hai2="80,104,73,40,126,79,72,12,71,8,97,111,35" hai3="98,61,28,135,108,69,32,120,53,60,86,0,20"/><T42/><D118/><U13/><E33/><V30/><F111/><W17/><G120/><T23/><D105/><U41/><E68/><V55/><F71/><W49/><G0/><T26/><D3/><U21/><E113/><V94/><F126/><W96/><G32/><T119/><D119/><U39/><E81/><V99/><F30/><W93/><G108/><T134/><D134/><U10/><E90/><V70/><F70/><W50/><G28/><T83/><D27/><U116/><E116/><V34/><F72/><W57/><G135/><T48/><D83/><U117/><E117/><V43/><F104/><W29/><G29/><T66/><D66/><U36/><E36/><V58/><F97/><W24/><G86/><T15/><D15/><U89/><E89/><V11/><F34/><W62/><G69/><T109/><D109/><U115/><E115/><V84/><F73/><W132/><G132/><T129/><D82/><U100/><E100/><V88/><F35/><W122/><G122/><T65/><D65/><U44/><E44/><V131/><F131/><N who="0" m="50186" /><D78/><U76/><E76/><V85/><F99/><N who="3" m="37931" /><G93/><T128/><D128/><U37/><E106/><V54/><F8/><W6/><G6/><N who="0" m="3383" /><D42/><N who="2" m="15914" /><F58/><W125/><G125/><T18/><D18/><AGARI ba="0,0" hai="11,12,18,54,55,79,80,84,85,88,94" m="15914" machi="18" ten="30,2000,0" yaku="8,1,54,1" doraHai="127" who="2" fromWho="0" sc="487,-20,91,0,159,20,263,0" />
</Scene>
<Scene>
<INIT seed="5,0,0,3,2,30" ten="467,91,179,263" oya="1" hai0="90,21,61,6,51,99,38,62,87,34,11,110,102" hai1="86,64,129,78,33,89,60,126,100,72,76,13,97" hai2="18,24,115,109,15,23,106,93,69,46,65,111,94" hai3="43,54,118,12,55,131,74,120,2,56,9,1,81"/><U114/><E114/><V98/><F115/><W58/><G120/><T0/><D38/><U48/><E129/><V121/><F121/><W67/><G118/><T85/><D110/><U117/><E117/><V134/><F106/><W79/><G131/><T42/><D34/><U35/><E126/><V28/><F134/><W16/><G43/><T84/><D90/><U105/><E48/><V108/><F46/><W57/><REACH who="3" step="1"/><G67/><REACH who="3" ten="467,91,179,253" step="2"/><T122/><D122/><U83/><E13/><V113/><F113/><W14/><G14/><T123/><D123/><U7/><E7/><V91/><F65/><W19/><G19/><T40/><D42/><U10/><E10/><V29/><F69/><W8/><G8/><T4/><D40/><U25/><E25/><V63/><F63/><W44/><G44/><T124/><D61/><U39/><E39/><V68/><F68/><W82/><G82/><T103/><D62/><U88/><E89/><V52/><F52/><AGARI ba="0,1" hai="1,2,9,12,16,52,54,55,56,57,58,74,79,81" machi="52" ten="40,5200,0" yaku="1,1,54,2,53,0" doraHai="30" doraHaiUra="70" who="3" fromWho="2" sc="467,0,91,0,179,-52,253,62" />
</Scene>
<Scene>
<INIT seed="6,0,0,0,3,39" ten="467,91,127,315" oya="2" hai0="53,4,62,127,94,126,12,31,95,84,48,2,55" hai1="25,59,42,113,60,5,114,75,43,65,33,30,107" hai2="78,46,15,130,36,67,99,106,29,85,51,11,13" hai3="57,134,88,41,116,21,52,32,129,98,45,87,83"/><V9/><F130/><W58/><G32/><T100/><D2/><U27/><E107/><V49/><F29/><W40/><G116/><T38/><D38/><U16/><E75/><V18/><F67/><W103/><G134/><T82/><D31/><U24/><E5/><V19/><F106/><W66/><G129/><T124/><D62/><U108/><E108/><V8/><F99/><W37/><G66/><T77/><D100/><U7/><E7/><V81/><F9/><W118/><G118/><T17/><D4/><U80/><E80/><V119/><F119/><W112/><G112/><N who="1" m="43114" /><E24/><V89/><F78/><W91/><G91/><T56/><REACH who="0" step="1"/><D55/><REACH who="0" ten="457,91,127,315" step="2"/><U35/><E35/><V1/><F1/><W0/><G0/><T64/><D64/><U128/><E128/><V50/><F36/><W70/><G70/><T131/><D131/><U117/><E117/><V14/><F14/><W71/><G71/><T109/><D109/><U120/><E120/><V123/><F123/><W54/><G37/><T47/><D47/><AGARI ba="0,1" hai="8,11,13,15,18,19,46,47,49,50,51,81,85,89" machi="47" ten="40,3900,0" yaku="9,1,8,1" doraHai="39" who="2" fromWho="0" sc="457,-39,91,0,127,49,315,0" />
</Scene>
<Scene>
<INIT seed="6,1,0,4,0,55" ten="418,91,176,315" oya="2" hai0="69,48,87,111,49,1,121,18,118,45,58,2,38" hai1="78,24,106,41,43,102,67,105,39,103,36,73,92" hai2="128,27,110,77,16,6,74,26,47,66,22,29,72" hai3="44,15,37,9,89,98,116,11,75,127,13,64,132"/><V86/><F128/><W8/><G75/><T20/><D69/><U94/><E73/><V40/><F6/><W3/><G116/><T5/><D111/><U79/><E24/><V131/><F131/><W52/><G3/><T17/><D121/><U35/><REACH who="1" step="1"/><E67/><REACH who="1" ten="418,81,176,315" step="2"/><V134/><F110/><W68/><G64/><T91/><D118/><U19/><E19/><V90/><F66/><W113/><G68/><T46/><D18/><U12/><E12/><N who="3" m="4682" /><G132/><T119/><D17/><U14/><E14/><V23/><F134/><W95/><G127/><T31/><D2/><U34/><AGARI ba="1,1" hai="34,35,36,39,41,43,78,79,92,94,102,103,105,106" machi="34" ten="25,12000,2" yaku="1,1,0,1,22,2,53,2" doraHai="55" doraHaiUra="30" who="1" fromWho="1" sc="418,-31,81,133,176,-61,315,-31" />
</Scene>
<Scene>
<INIT seed="7,0,0,4,5,106" ten="387,214,115,284" oya="3" hai0="69,134,60,47,25,50,135,122,42,76,7,64,32" hai1="55,49,57,59,105,116,27,120,85,131,30,35,93" hai2="102,95,63,88,21,87,70,118,12,79,111,8,97" hai3="117,17,73,39,125,10,104,67,99,77,119,26,126"/><W11/><G39/><T22/><D122/><U74/><E120/><V84/><F118/><N who="3" m="45067" /><G67/><T128/><D128/><U56/><E131/><V75/><F111/><W0/><G104/><T20/><D76/><U129/><E129/><V112/><F112/><W115/><G99/><T107/><D7/><U82/><E116/><V110/><F110/><W46/><G46/><T14/><D107/><U124/><E124/><N who="3" m="47722" /><G115/><T123/><D123/><U40/><E105/><V78/><F21/><N who="3" m="13615" /><G0/><T23/><D14/><U100/><E40/><V19/><F79/><W65/><G65/><T6/><D6/><U101/><E93/><V62/><F70/><W16/><G77/><T114/><D114/><U15/><E100/><V61/><REACH who="2" step="1"/><F102/><REACH who="2" ten="387,214,105,284" step="2"/><W43/><G43/><T108/><D108/><U72/><E101/><V2/><F2/><W92/><G92/><T52/><D42/><U54/><E54/><V121/><F121/><W44/><G44/><T29/><AGARI ba="0,1" hai="20,22,23,25,29,32,47,50,52,60,64,69,134,135" machi="29" ten="30,2000,0" yaku="0,1,54,1" doraHai="106" who="0" fromWho="0" sc="387,30,214,-5,105,-5,284,-10" owari="417,52.0,209,-19.0,100,-40.0,274,7.0" />
</Scene>
</mjloggm>