<mjloggm ver="2.3"><GO type="169" lobby="0"/><UN n0="%E5%8F%8D%E9%99%BD%E5%AD%90%E3%81%95%E3%82%93" n1="%EF%BC%A6%EF%BC%B8%E9%9B%80%E5%A3%AB" n2="%4D%2E%42%65%61%6D" n3="%41%53%41%50%49%4E" dan="18,17,17,19" rate="2178.06,2197.50,2101.65,2298.25" sx="F,M,M,M"/><TAIKYOKU oya="0"/>

<Scene>
<INIT seed="0,0,0,5,5,23" ten="250,250,250,250" oya="0" hai0="98,107,135,105,32,14,59,65,124,53,29,36,8" hai1="49,116,85,132,81,51,91,52,12,0,64,115,25" hai2="121,11,119,69,70,39,16,20,92,129,112,123,40" hai3="62,33,130,100,95,45,101,79,78,21,38,18,9"/><T96/><D36/><U125/><E116/><V128/><F112/><W117/><G117/><T48/><D135/><U83/><E0/><V6/><F119/><W72/><G33/><T76/><D124/><U15/><E125/><V66/><F40/><W122/><G130/><N who="2" m="50281" /><F39/><W17/><G122/><N who="2" m="46601" /><F66/><W99/><G72/><T110/><D76/><U35/><E132/><V114/><F92/><W56/><G100/><T133/><D133/><U37/><E37/><V68/><F114/><W7/><G45/><T77/><D77/><U3/><E3/><N who="2" m="479" /><F70/><W63/><G38/><T43/><D43/><U102/><E64/><V87/><F87/><W55/><G63/><T28/><D65/><U88/><E51/><V46/><F46/><W1/><G79/><T80/><D80/><U94/><E102/><V10/><F10/><W109/><G78/><T30/><D107/><U57/><E115/><V103/><F103/><W120/><G120/><T58/><D105/><U131/><E131/><V67/><F67/><W50/><G101/><T108/><D59/><U86/><E94/><V126/><F126/><W60/><G95/><T41/><D41/><U54/><E54/><V75/><F75/><W74/><G74/><T113/><D113/><U44/><E44/><V27/><AGARI ba="0,0" hai="16,20,27,68,69" m="479,46601,50281" machi="27" ten="30,4000,0" yaku="19,1,52,1,54,1" doraHai="23" who="2" fromWho="2" sc="250,-20,250,-10,250,40,250,-10" />
</Scene>
<Scene>
<INIT seed="1,0,0,2,1,49" ten="230,240,290,240" oya="1" hai0="115,95,25,84,27,28,94,17,53,81,60,13,12" hai1="54,8,98,132,35,30,34,117,107,71,133,19,31" hai2="36,103,29,43,86,76,130,122,104,45,119,39,116" hai3="121,41,69,118,65,11,5,59,52,74,14,61,82"/><U22/><E117/><V10/><F122/><W70/><G118/><T37/><D37/><U127/><E71/><V89/><F130/><W6/><G121/><T3/><D3/><U114/><E114/><V40/><F76/><W77/><G41/><T80/><D115/><U1/><E107/><V105/><F29/><N who="1" m="10761" /><E98/><V91/><F86/><W126/><G126/><T131/><D131/><U72/><E72/><V113/><F113/><W123/><G123/><T56/><D13/><N who="1" m="9583" /><E127/><V63/><F10/><W51/><REACH who="3" step="1"/><G6/><REACH who="3" ten="230,240,290,230" step="2"/><T129/><D129/><U99/><E133/><V108/><F116/><W75/><G75/><T101/><D101/><U7/><E132/><V106/><F119/><W125/><G125/><T50/><D60/><U93/><E7/><V90/><F63/><W4/><G4/><T102/><D102/><U79/><E35/><V109/><F103/><W68/><AGARI ba="0,1" hai="5,11,14,51,52,59,61,65,68,69,70,74,77,82" machi="68" ten="20,8000,1" yaku="1,1,0,1,7,1,52,1,54,1,53,0" doraHai="49" doraHaiUra="87" who="3" fromWho="3" sc="230,-20,240,-40,290,-20,230,90" />
</Scene>
<Scene>
<INIT seed="2,0,0,5,1,110" ten="210,200,270,320" oya="2" hai0="93,56,124,5,67,74,13,0,45,37,106,7,78" hai1="19,28,14,89,115,88,112,99,107,59,6,25,84" hai2="16,94,73,104,27,40,12,4,8,129,60,133,98" hai3="70,85,29,132,120,55,62,119,10,100,125,52,53"/><V22/><F73/><W102/><G119/><T24/><D106/><U26/><E6/><V86/><F129/><W71/><G120/><T43/><D124/><U57/><E57/><V83/><F133/><W118/><G118/><T101/><D24/><U42/><E42/><V122/><F122/><W79/><G132/><T126/><D126/><U66/><E66/><V81/><F104/><W116/><G116/><T9/><D7/><U128/><E59/><V3/><F40/><W117/><G117/><T91/><D101/><U97/><E128/><V31/><F60/><W58/><G125/><T15/><D56/><U76/><E76/><V75/><F75/><W121/><G121/><T20/><D20/><U21/><E26/><V114/><F86/><W108/><G108/><T105/><D105/><U103/><E97/><V113/><F114/><W50/><G29/><T44/><D44/><U30/><E30/><V77/><F77/><W1/><G50/><T34/><D34/><U63/><E63/><V11/><REACH who="2" step="1"/><F113/><REACH who="2" ten="210,200,260,320" step="2"/><W95/><G79/><T38/><D67/><U39/><E39/><V49/><F49/><W46/><G62/><T65/><D65/><U33/><E89/><AGARI ba="0,1" hai="3,4,8,11,12,16,22,27,31,81,83,89,94,98" machi="89" ten="30,5800,0" yaku="1,1,7,1,54,1,53,0" doraHai="110" doraHaiUra="135" who="2" fromWho="1" sc="210,0,200,-58,260,68,320,0" />
</Scene>
<Scene>
<INIT seed="2,1,0,0,5,123" ten="210,142,328,320" oya="2" hai0="85,131,109,77,39,95,94,42,35,132,99,16,15" hai1="46,78,63,124,119,36,113,49,133,3,9,103,101" hai2="118,12,21,26,40,24,117,33,20,81,106,54,71" hai3="67,76,34,22,23,37,58,18,135,41,89,110,59"/><V1/><F71/><W114/><G34/><T38/><D35/><U122/><E113/><V134/><F106/><W31/><G114/><T93/><D132/><U73/><E119/><V19/><F1/><W105/><G105/><T27/><D131/><U128/><E128/><V13/><F33/><W120/><G120/><T90/><D27/><U7/><E122/><V48/><F40/><W88/><G135/><T83/><D109/><U62/><E133/><V51/><F81/><W10/><G110/><T96/><D42/><U61/><E124/><V79/><F79/><W86/><G76/><T91/><REACH who="0" step="1"/><D95/><REACH who="0" ten="200,142,328,320" step="2"/><U32/><E32/><V14/><F134/><W116/><G41/><T43/><D43/><U126/><E126/><V5/><F117/><W84/><G116/><T129/><D129/><U11/><E36/><V56/><F118/><W2/><G37/><T69/><D69/><U74/><E74/><V75/><F75/><W8/><G31/><T121/><D121/><U50/><E73/><V104/><F104/><W70/><G70/><T17/><D17/><U44/><E7/><V112/><F5/><W127/><G18/><T115/><D115/><U72/><E72/><V0/><F112/><W108/><G108/><T87/><D87/><U47/><E3/><V130/><F0/><W80/><G2/><T45/><D45/><U30/><E30/><N who="2" m="17671" /><F130/><W57/><G127/><T6/><D6/><U25/><E25/><V52/><F26/><W98/><G84/><T102/><D102/><N who="1" m="38923" /><E78/><V97/><F97/><W125/><G125/><T82/><D82/><U100/><E100/><RYUUKYOKU ba="1,1" sc="200,10,142,10,328,10,320,-30" hai0="15,16,38,39,77,83,85,90,91,93,94,96,99" hai1="9,11,44,46,47,49,50,61,62,63" hai2="12,13,14,19,21,48,51,52,54,56" />
</Scene>
<Scene>
<INIT seed="2,2,1,3,3,38" ten="210,152,338,290" oya="2" hai0="26,105,36,81,59,47,71,90,29,22,84,25,56" hai1="7,41,51,39,6,78,74,68,65,10,61,87,12" hai2="108,128,58,24,31,72,124,66,116,43,102,86,109" hai3="55,35,111,49,96,46,131,132,37,130,77,28,103"/><V48/><F72/><W99/><G111/><N who="2" m="42569" /><F116/><W88/><G132/><T64/><D105/><U53/><E74/><V27/><F128/><N who="3" m="49195" /><G77/><T13/><D71/><U52/><E39/><V33/><F124/><W119/><G119/><T93/><D64/><U76/><E7/><V30/><F102/><W104/><G37/><T32/><D13/><U45/><E76/><V62/><F86/><W19/><G19/><T115/><D115/><U121/><E121/><V129/><F129/><W18/><G18/><T98/><D36/><U110/><E110/><V54/><F43/><W94/><G28/><N who="2" m="10793" /><F33/><AGARI ba="2,1" hai="33,35,46,49,55,88,94,96,99,103,104" m="49195" machi="33" ten="30,2000,0" yaku="19,1,54,1" doraHai="38" who="3" fromWho="2" sc="210,0,152,0,338,-26,290,36" />
</Scene>
<Scene>
<INIT seed="3,0,0,3,2,134" ten="210,152,312,326" oya="3" hai0="77,100,5,32,0,119,76,103,13,80,69,99,95" hai1="90,19,59,64,98,94,121,31,26,66,112,106,108" hai2="89,34,83,129,2,22,35,36,23,49,127,27,72" hai3="111,92,62,84,93,97,51,55,130,68,73,41,50"/><W53/><G73/><T45/><D119/><U135/><E135/><V78/><F36/><W75/><G75/><T54/><D32/><U71/><E121/><V52/><F2/><W17/><G130/><T123/><D123/><U38/><E112/><V131/><F89/><N who="3" m="53287" /><G68/><T28/><D69/><U107/><E38/><V24/><F127/><W29/><G111/><T122/><D122/><U65/><E108/><V118/><F118/><W86/><G29/><T117/><D117/><U124/><E19/><V47/><F129/><W60/><G86/><T115/><D115/><U61/><E71/><V40/><F131/><W70/><G70/><T128/><D128/><U105/><REACH who="1" step="1"/><E124/><REACH who="1" ten="210,142,312,326" step="2"/><V16/><F40/><W120/><G17/><AGARI ba="0,1" hai="16,17,22,23,24,27,34,35,47,49,52,72,78,83" machi="17" ten="30,7700,0" yaku="7,1,9,1,54,2" doraHai="134" who="2" fromWho="3" sc="210,0,142,0,312,87,326,-77" />
</Scene>
<Scene>
<INIT seed="4,0,0,5,1,3" ten="210,142,399,249" oya="0" hai0="37,26,24,121,73,56,49,118,11,71,86,122,0" hai1="120,30,74,33,84,114,51,82,31,34,46,35,67" hai2="127,6,133,116,130,94,13,91,85,117,27,131,109" hai3="97,55,17,63,135,134,98,123,5,99,40,89,9"/><T47/><D118/><N who="2" m="45674" /><F27/><W78/><G123/><T68/><D73/><U48/><E120/><V105/><F13/><W129/><G129/><N who="2" m="49161" /><F6/><W16/><G78/><T125/><D125/><U110/><E110/><V52/><F52/><W88/><G40/><T62/><D37/><U4/><E74/><V124/><F109/><W66/><G55/><T65/><D26/><U81/><E67/><V61/><F61/><W80/><G80/><T64/><D24/><U38/><E114/><V21/><F21/><W132/><G16/><T92/><D122/><U36/><E35/><V93/><F105/><W72/><G72/><T22/><D22/><U100/><E46/><V106/><F106/><W54/><G54/><T8/><D121/><U2/><E2/><V83/><F133/><W115/><G17/><T39/><D39/><U42/><E42/><V77/><F94/><W15/><G115/><T119/><D119/><U87/><E100/><V70/><F70/><AGARI ba="0,0" hai="5,9,15,63,66,70,88,89,97,98,99,132,134,135" machi="70" ten="50,6400,0" yaku="20,1,52,1,54,1" doraHai="3" who="3" fromWho="2" sc="210,0,142,0,399,-64,249,64" />
</Scene>
<Scene>
<INIT seed="5,0,0,4,1,97" ten="210,142,335,313" oya="1" hai0="8,43,9,132,45,56,134,126,95,124,35,82,80" hai1="14,114,101,40,21,26,127,66,12,87,47,17,63" hai2="67,51,129,6,7,0,115,117,122,3,4,30,19" hai3="81,11,130,5,65,78,119,22,113,76,50,91,55"/><U37/><E127/><N who="0" m="48681" /><D35/><U133/><E114/><V20/><F117/><W84/><G113/><T46/><D56/><U107/><E133/><N who="0" m="51305" /><D95/><U110/><E110/><V83/><F115/><W52/><G119/><T69/><D69/><U109/><E109/><V116/><F116/><W99/><G65/><T85/><D85/><U88/><E107/><V23/><F67/><W48/><G84/><T94/><D94/><U57/><REACH who="1" step="1"/><E101/><REACH who="1" ten="210,132,335,313" step="2"/><V53/><F122/><W44/><G78/><T131/><D131/><U93/><AGARI ba="0,1" hai="12,14,17,21,26,37,40,47,57,63,66,87,88,93" machi="93" ten="20,12000,1" yaku="1,1,2,1,0,1,7,1,54,1,53,0" doraHai="97" doraHaiUra="105" who="1" fromWho="1" sc="210,-40,132,130,335,-40,313,-40" />
</Scene>
<Scene>
<INIT seed="5,1,0,2,0,52" ten="170,262,295,273" oya="1" hai0="64,95,56,77,124,34,63,3,76,109,25,100,35" hai1="101,75,17,105,71,46,29,0,120,133,103,22,86" hai2="45,127,49,72,62,115,39,85,8,54,26,30,59" hai3="110,119,135,50,33,47,60,10,126,27,104,107,88"/><U129/><E75/><V61/><F72/><W31/><G110/><T37/><D109/><U4/><E120/><V57/><F127/><W102/><G126/><T117/><D124/><U132/><E71/><V55/><F39/><W93/><G135/><N who="1" m="51786" /><E29/><V12/><F115/><W116/><G10/><T69/><D117/><N who="3" m="45129" /><G102/><T74/><D3/><U28/><E28/><V134/><F134/><W98/><G60/><T118/><D118/><U40/><E105/><V68/><F68/><W51/><G51/><T1/><D1/><U19/><E19/><V14/><F8/><W23/><G33/><T6/><D6/><U20/><E20/><N who="2" m="15687" /><F85/><W81/><G81/><T125/><D125/><U2/><E2/><V66/><AGARI ba="1,0" hai="12,14,45,49,54,55,57,59,61,62,66" m="15687" machi="66" ten="30,4000,0" yaku="8,1,52,2" doraHai="52" who="2" fromWho="2" sc="170,-11,262,-21,295,43,273,-11" />
</Scene>
<Scene>
<INIT seed="6,0,0,1,2,72" ten="159,241,338,262" oya="2" hai0="49,70,135,92,69,32,68,85,66,30,13,62,122" hai1="1,125,50,2,88,114,77,20,75,102,28,40,81" hai2="36,98,14,110,15,74,12,46,27,115,39,61,47" hai3="7,82,25,38,116,24,101,87,56,91,58,9,95"/><V131/><F74/><W26/><G116/><T113/><D122/><U123/><E123/><V3/><F3/><W120/><G38/><T5/><D135/><U134/><E134/><V65/><F115/><W93/><G120/><T119/><D119/><U83/><E114/><V53/><F131/><W48/><G101/><T29/><D113/><U99/><E125/><V106/><F27/><W107/><G107/><T17/><D5/><U44/><E28/><V132/><F132/><W51/><G51/><T112/><D112/><U96/><E20/><V23/><F23/><W79/><G48/><T130/><D130/><U84/><REACH who="1" step="1"/><E99/><REACH who="1" ten="159,231,338,262" step="2"/><V60/><F98/><W37/><G37/><T8/><D32/><U97/><E97/><V34/><F34/><W22/><G22/><T90/><REACH who="0" step="1"/><D49/><REACH who="0" ten="149,231,338,262" step="2"/><U124/><E124/><V105/><F39/><W118/><G118/><T108/><D108/><U63/><E63/><V55/><F36/><W59/><REACH who="3" step="1"/><G91/><REACH who="3" ten="149,231,338,252" step="2"/><T10/><D10/><U52/><E52/><N who="2" m="20043" /><F61/><W94/><G94/><AGARI ba="0,3" hai="1,2,40,44,50,75,77,81,83,84,88,94,96,102" machi="94" ten="30,12000,2" yaku="1,1,7,1,52,1,54,1,53,2" doraHai="72" doraHaiUra="33" who="1" fromWho="3" sc="149,0,231,150,338,0,252,-120" />
</Scene>
<Scene>
<INIT seed="7,0,0,3,4,61" ten="149,381,338,132" oya="3" hai0="78,116,126,90,58,65,54,35,110,115,66,111,124" hai1="68,94,20,108,82,37,89,99,53,59,135,70,105" hai2="45,12,97,112,38,19,92,109,91,107,4,60,28" hai3="120,95,130,27,42,7,106,77,10,81,43,100,49"/><W75/><G120/><T96/><D35/><U104/><E108/><N who="0" m="41513" /><D78/><U74/><E135/><V121/><F109/><W32/><G130/><T76/><D76/><U86/><E37/><V18/><F121/><W129/><G129/><T88/><D116/><U132/><E132/><V33/><F112/><W103/><G106/><T9/><D9/><U0/><E0/><V87/><F107/><W83/><G83/><T118/><D118/><U119/><E74/><V71/><F4/><W13/><G95/><N who="0" m="56423" /><D90/><U48/><E119/><V36/><F28/><W57/><G57/><T1/><D1/><U16/><E70/><V30/><F30/><W133/><G133/><T80/><D80/><U123/><E68/><V72/><F72/><W102/><REACH who="3" step="1"/><G49/><REACH who="3" ten="149,381,338,122" step="2"/><N who="0" m="31055" /><D115/><U67/><E123/><V134/><F134/><W84/><G84/><T22/><D22/><U11/><E105/><V114/><F87/><W113/><G113/><T79/><D79/><U51/><E104/><V6/><F114/><W26/><G26/><T46/><D46/><U50/><E20/><V47/><F92/><W63/><G63/><T98/><D98/><U39/><E99/><V8/><F60/><W125/><G125/><AGARI ba="0,1" hai="65,66,124,125,126" m="31055,56423,41513" machi="125" ten="30,7700,0" yaku="18,1,52,2,54,1" doraHai="61" who="0" fromWho="3" sc="149,87,381,0,338,0,122,-77" owari="236,-16.0,381,47.0,338,14.0,45,-45.0" />
</Scene>
</mjloggm>