<mjloggm ver="2.3"><GO type="169" lobby="0"/><UN n0="%E3%82%B3%E3%83%8F%E3%83%AB%E3%82%B9%E3%82%BF%E3%83%BC" n1="%E2%99%AA%E3%83%A2%E3%83%8E%E3%82%AF%E3%83%AD" n2="%41%53%41%50%49%4E" n3="%E3%82%A2%E3%83%8B%E3%82%AA%E3%83%B3" dan="16,18,18,17" rate="2090.39,2204.70,2232.87,2137.06" sx="F,F,M,F"/><TAIKYOKU oya="0"/>

<Scene>
<INIT seed="0,0,0,1,4,31" ten="250,250,250,250" oya="0" hai0="39,35,96,106,93,88,52,2,128,129,121,130,119" hai1="77,59,54,17,114,109,6,97,45,85,40,18,104" hai2="105,89,34,127,116,47,126,100,23,90,83,44,33" hai3="19,8,27,61,71,69,64,10,55,98,124,15,42"/><T115/><D2/><U56/><E109/><V135/><F135/><W7/><G42/><T25/><D121/><U92/><E114/><V3/><F3/><W132/><G132/><T11/><D119/><U9/><E104/><V107/><F23/><W41/><G41/><T67/><D115/><U125/><E125/><V53/><F53/><W29/><G124/><T49/><D39/><U1/><E85/><V99/><F99/><W38/><G38/><T82/><D67/><U94/><E77/><V101/><REACH who="2" step="1"/><F83/><REACH who="2" ten="250,250,240,250" step="2"/><W36/><G98/><T73/><D82/><U87/><E97/><V78/><F78/><W20/><G55/><T58/><D106/><U68/><E87/><V102/><F102/><W60/><G20/><T108/><D108/><U80/><E80/><V131/><F131/><W113/><G113/><T24/><D73/><U4/><E1/><V0/><F0/><W46/><G10/><T134/><D134/><U13/><E54/><V72/><F72/><W28/><G8/><T112/><D112/><U75/><E75/><V86/><F86/><W57/><G64/><T5/><D11/><U123/><E9/><V91/><F91/><W120/><G120/><T37/><D5/><U51/><E123/><V81/><F81/><W21/><G21/><T111/><D111/><U32/><E40/><V43/><F43/><W103/><G103/><T133/><D133/><U12/><E4/><V16/><F16/><W30/><G19/><T110/><D110/><U79/><E6/><V22/><F22/><W118/><G7/><T26/><D37/><U84/><E17/><RYUUKYOKU ba="0,1" sc="250,15,250,-15,240,15,250,-15" hai0="24,25,26,35,49,52,58,88,93,96,128,129,130" hai2="33,34,44,47,89,90,100,101,105,107,116,126,127" />
</Scene>
<Scene>
<INIT seed="0,1,1,4,2,49" ten="265,235,255,235" oya="0" hai0="53,51,134,30,133,32,130,131,24,81,70,115,38" hai1="75,99,125,116,50,69,112,88,124,56,64,96,117" hai2="101,31,19,87,121,3,113,34,72,16,14,135,12" hai3="45,127,74,47,55,90,66,36,29,105,5,4,26"/><T102/><D38/><U119/><E75/><V48/><F72/><W62/><G105/><T118/><D118/><U60/><E112/><V13/><F101/><W122/><G127/><N who="1" m="48714" /><E88/><V11/><F135/><N who="0" m="51722" /><D115/><U52/><AGARI ba="1,1" hai="50,52,56,60,64,69,96,99,116,117,119" m="48714" machi="52" ten="40,5200,0" yaku="18,1,52,1,54,1" doraHai="49" who="1" fromWho="1" sc="265,-27,235,65,255,-14,235,-14" />
</Scene>
<Scene>
<INIT seed="1,0,0,1,5,13" ten="238,300,241,221" oya="1" hai0="127,24,41,55,125,113,119,31,53,33,28,14,74" hai1="93,115,106,86,122,116,0,71,67,25,95,82,29" hai2="5,98,87,104,54,130,114,47,45,110,120,129,16" hai3="4,6,37,132,88,50,20,101,10,62,112,109,128"/><U99/><E115/><V46/><F120/><W22/><G112/><T80/><D113/><U19/><E116/><V134/><F114/><W9/><G37/><T85/><D119/><U135/><E122/><V48/><F5/><W60/><G109/><T30/><D74/><U68/><E0/><V39/><F110/><W105/><G128/><N who="2" m="49257" /><F134/><W77/><G77/><T124/><D41/><U102/><E135/><V72/><F72/><W97/><G132/><T84/><D33/><U91/><E19/><V58/><F87/><W17/><G50/><T75/><D75/><U107/><E107/><V11/><F98/><W126/><G126/><T69/><D69/><U40/><E40/><N who="2" m="22687" /><F104/><W52/><G88/><N who="0" m="51207" /><D24/><U26/><E26/><V12/><AGARI ba="0,0" hai="11,12,16,46,47,48,54,58" m="22687,49257" machi="12" ten="30,4000,0" yaku="19,1,52,1,54,1" doraHai="13" who="2" fromWho="2" sc="238,-10,300,-20,241,40,221,-10" />
</Scene>
<Scene>
<INIT seed="2,0,0,4,0,99" ten="228,280,281,211" oya="2" hai0="81,134,112,2,71,38,74,57,83,101,40,21,19" hai1="132,12,92,47,123,48,124,77,98,89,50,107,67" hai2="75,55,113,43,28,6,95,15,110,14,65,128,4" hai3="58,44,25,61,69,18,96,10,35,76,125,105,13"/><V82/><F113/><W119/><G119/><T0/><D112/><U80/><E124/><V103/><F128/><W39/><G76/><T106/><D71/><U130/><E132/><V93/><F110/><W37/><G125/><T68/><D134/><U73/><E130/><V133/><F133/><W88/><G69/><T118/><D118/><U121/><E67/><V115/><F115/><W120/><G120/><N who="1" m="46154" /><E47/><V59/><F65/><W127/><G127/><T9/><D68/><U49/><E12/><N who="2" m="4651" /><F75/><W16/><G44/><T78/><D81/><U56/><E107/><V62/><F28/><W108/><G108/><T109/><D57/><AGARI ba="0,0" hai="48,49,50,56,57,73,77,80,89,92,98" m="46154" machi="57" ten="30,1000,0" yaku="13,1" doraHai="99" who="1" fromWho="0" sc="228,-10,280,10,281,0,211,0" />
</Scene>
<Scene>
<INIT seed="3,0,0,4,3,34" ten="218,290,281,211" oya="3" hai0="122,125,20,68,22,15,72,7,59,111,41,14,44" hai1="2,58,97,124,27,26,112,100,62,77,86,101,126" hai2="1,113,108,84,42,60,33,25,103,56,47,45,65" hai3="40,115,130,127,120,80,87,21,12,119,61,94,23"/><W43/><G120/><T132/><D68/><U75/><E75/><V74/><F74/><W71/><G119/><T118/><D122/><U17/><E112/><V10/><F113/><W24/><G115/><T67/><D118/><U18/><E86/><V109/><F103/><W88/><G127/><N who="1" m="48682" /><E77/><V91/><F33/><W82/><G130/><T9/><D72/><U28/><E2/><V129/><F25/><N who="1" m="9225" /><E28/><V73/><F129/><W4/><G71/><T37/><D125/><U54/><E101/><V133/><F133/><W13/><G61/><T135/><D15/><N who="3" m="5705" /><G4/><T90/><D135/><U69/><E69/><V30/><F73/><W3/><G3/><T102/><D102/><U11/><E11/><V81/><F30/><N who="3" m="17679" /><G23/><T29/><D29/><U93/><AGARI ba="0,0" hai="17,18,54,58,62,93,97,100" m="9225,48682" machi="93" ten="30,1100,0" yaku="18,1" doraHai="34" who="1" fromWho="1" sc="218,-3,290,11,281,-3,211,-5" />
</Scene>
<Scene>
<INIT seed="4,0,0,4,1,17" ten="215,301,278,206" oya="0" hai0="71,38,119,78,32,122,22,6,56,35,128,20,73" hai1="13,44,66,29,85,111,106,3,81,133,61,5,97" hai2="80,90,117,105,47,129,65,52,40,46,99,39,96" hai3="43,104,2,45,121,100,59,30,84,21,53,57,115"/><T9/><D122/><U98/><E111/><V91/><F129/><W63/><G121/><T125/><D71/><U87/><E3/><V95/><F117/><W102/><G2/><T93/><D119/><U68/><E133/><V64/><F80/><W34/><G34/><T74/><D38/><U75/><E75/><V79/><F79/><W31/><G104/><T101/><D78/><U88/><E106/><V37/><F105/><W107/><G107/><T51/><D93/><U109/><E109/><V110/><F110/><W135/><G135/><T67/><D9/><U42/><E29/><V19/><F19/><W89/><G115/><T120/><D120/><U62/><E62/><V58/><F58/><W26/><G31/><T76/><D76/><U69/><E85/><V25/><F25/><W24/><G59/><T48/><D56/><U18/><E5/><V83/><F83/><W14/><G14/><T10/><D10/><U116/><E116/><V27/><F27/><W0/><G0/><T8/><D8/><U54/><E69/><V132/><F132/><W103/><G26/><T94/><D6/><U92/><E92/><V36/><F91/><W114/><G114/><T70/><D94/><U60/><E18/><V126/><F99/><W112/><G112/><T15/><D70/><U1/><E1/><V7/><F7/><W33/><G33/><T82/><D35/><U49/><E13/><V50/><REACH who="2" step="1"/><F126/><REACH who="2" ten="215,301,268,206" step="2"/><W118/><G118/><T72/><D125/><U12/><E12/><V11/><F11/><W131/><G131/><T55/><D15/><U130/><E130/><RYUUKYOKU ba="0,1" sc="215,-15,301,15,268,15,206,-15" hai1="42,44,49,54,60,61,66,68,81,87,88,97,98" hai2="36,37,39,40,46,47,50,52,64,65,90,95,96" />
</Scene>
<Scene>
<INIT seed="5,1,1,5,2,21" ten="200,316,283,191" oya="1" hai0="4,125,24,126,110,39,123,71,9,14,130,66,120" hai1="44,131,80,16,36,62,12,27,90,53,26,81,75" hai2="85,45,83,102,86,7,28,0,109,107,103,113,57" hai3="111,91,134,76,68,23,52,2,72,77,84,33,93"/><U99/><E131/><V115/><F109/><W35/><G68/><T32/><D39/><U133/><E133/><V50/><F57/><W108/><G2/><T69/><D110/><U6/><E6/><V49/><F107/><W117/><G134/><T59/><D59/><N who="1" m="35183" /><E75/><V40/><F50/><W101/><G117/><T25/><D32/><U124/><E124/><N who="0" m="47721" /><D130/><U122/><E122/><N who="0" m="46633" /><D71/><U88/><E44/><V100/><F28/><W13/><G108/><T121/><N who="0" m="46641" /><T105/><DORA hai="78" /><D105/><U112/><E112/><N who="2" m="43083" /><F83/><N who="1" m="31817" /><E36/><V129/><F129/><W96/><G111/><T119/><D119/><U5/><E5/><V22/><F7/><W34/><G72/><T10/><D9/><N who="1" m="6159" /><E99/><V47/><F0/><W64/><G96/><T98/><D98/><U55/><E55/><V48/><F22/><W87/><G52/><AGARI ba="1,1" hai="40,45,47,48,49,52,85,86,100,102,103" m="43083" machi="52" ten="30,3900,0" yaku="15,1,11,1,54,1" doraHai="21,78" who="2" fromWho="3" sc="200,0,316,0,283,52,191,-42" />
</Scene>
<Scene>
<INIT seed="6,0,0,5,4,57" ten="200,316,335,149" oya="2" hai0="61,2,69,27,81,40,25,29,58,0,106,90,15" hai1="72,62,119,63,7,73,55,86,128,112,42,26,87" hai2="71,21,33,80,78,8,99,101,64,49,12,74,10" hai3="39,131,51,76,75,96,9,44,108,65,84,129,113"/><V32/><F21/><W130/><G39/><T134/><D69/><U79/><E119/><V3/><F10/><W23/><G108/><T124/><D106/><U38/><E7/><N who="2" m="1151" /><F49/><W103/><G75/><T83/><D40/><U47/><E112/><V133/><F12/><W93/><G113/><T37/><D37/><U16/><E128/><V52/><F52/><W28/><G65/><T77/><D27/><U70/><E55/><V41/><F41/><W45/><G9/><T114/><D134/><U94/><E70/><V100/><F100/><W111/><G111/><T92/><D124/><U56/><E56/><V18/><F18/><W17/><G28/><T59/><D59/><U104/><E104/><N who="2" m="63551" /><F133/><W14/><G45/><T85/><D15/><U135/><E135/><V24/><F24/><W31/><G31/><T50/><D50/><U126/><E126/><V13/><F13/><W6/><G6/><T48/><D48/><U5/><E5/><V11/><F11/><W97/><G97/><T36/><D114/><U98/><E87/><V132/><F132/><W117/><G117/><T43/><D43/><U107/><E107/><V4/><F4/><W91/><G76/><T46/><D77/><U88/><E86/><V116/><F116/><W125/><G125/><T109/><D109/><U95/><E95/><V120/><F120/><W127/><G127/><T30/><D92/><U121/><E121/><V89/><F89/><W102/><REACH who="3" step="1"/><G84/><REACH who="3" ten="200,316,335,139" step="2"/><T105/><D30/><U123/><E79/><N who="2" m="44151" /><F64/><W68/><G68/><T122/><D122/><U20/><E123/><V118/><F71/><RYUUKYOKU ba="0,1" sc="200,-15,316,15,335,-15,139,15" hai1="16,20,26,38,42,47,62,63,72,73,88,94,98" hai3="14,17,23,44,51,91,93,96,102,103,129,130,131" />
</Scene>
<Scene>
<INIT seed="7,1,1,0,5,30" ten="185,331,320,154" oya="3" hai0="23,93,103,116,125,85,39,9,121,82,65,8,119" hai1="60,98,35,10,105,58,31,123,14,32,135,88,18" hai2="112,133,48,13,12,92,67,15,89,42,63,96,95" hai3="22,80,87,101,62,84,54,38,16,94,73,41,7"/><W130/><G130/><T49/><D121/><U5/><E123/><V129/><F112/><W99/><G7/><T78/><D39/><U86/><E31/><V33/><F129/><W132/><G132/><T34/><D125/><U19/><E135/><V71/><F33/><W104/><G38/><T57/><D34/><U120/><E120/><V53/><F133/><W118/><G118/><T126/><D126/><U110/><E110/><V3/><F3/><W26/><G41/><T47/><D119/><U64/><E32/><V46/><F92/><W114/><G114/><T107/><D107/><U79/><E35/><V83/><F83/><W69/><G104/><T59/><D23/><U124/><E124/><V68/><F68/><W70/><G73/><T131/><D131/><U97/><E79/><V11/><REACH who="2" step="1"/><F42/><REACH who="2" ten="185,331,310,154" step="2"/><W0/><G0/><T20/><D93/><N who="1" m="54423" /><E105/><V27/><F27/><W128/><G128/><T117/><D117/><U44/><E44/><V81/><F81/><W55/><G80/><T90/><D82/><U76/><E76/><V29/><F29/><W134/><G134/><T111/><D78/><U66/><E66/><V28/><F28/><W4/><G4/><AGARI ba="1,2" hai="4,11,12,13,15,46,48,53,63,67,71,89,95,96" machi="4" ten="30,2000,0" yaku="1,1,7,1,53,0" doraHai="30" doraHaiUra="25" who="2" fromWho="3" sc="185,0,331,0,310,43,154,-23" owari="185,-21.0,331,13.0,353,45.0,131,-37.0" />
</Scene>
</mjloggm>