<mjloggm ver="2.3"><GO type="169"/><UN n0="%41%53%41%50%49%4E" n1="%50%6F%6E%74%61" n2="%E3%81%8B%E3%81%92%E3%81%8D%E3%82%85%E3%81%86" n3="%48%41%52%45%4D" dan="18,16,16,16" rate="2240,2076,2059,2110" sx="M,M,M,M"/><TAIKYOKU oya="0"/>

<Scene>
<INIT seed="0,0,0,3,0,38" ten="250,250,250,250" oya="0" hai0="80,129,59,131,64,117,122,26,77,97,47,61,16" hai1="63,86,88,21,17,135,0,4,81,58,121,70,104" hai2="36,105,67,71,52,87,19,94,68,40,124,8,18" hai3="75,50,57,20,45,27,106,33,99,120,14,114,123"/><T46/><D117/><U73/><E121/><N who="3" m="46666" /><G75/><T76/><D122/><U108/><E70/><V43/><F105/><W24/><G114/><T10/><D97/><U9/><E108/><V44/><F124/><W62/><G33/><T130/><D77/><U79/><E104/><V133/><F133/><W6/><G99/><T113/><D113/><U23/><E135/><V85/><F67/><N who="3" m="39375" /><G106/><T60/><D60/><U132/><E17/><N who="2" m="6155" /><F36/><W2/><G2/><T115/><D115/><U100/><E100/><V39/><F39/><W119/><G119/><T31/><D31/><U98/><E98/><V30/><F68/><W25/><G20/><N who="0" m="13575" /><D10/><U134/><E134/><V109/><F71/><W32/><G32/><T35/><D35/><U11/><E11/><V37/><F37/><W78/><G78/><T55/><D64/><U5/><E132/><V118/><F118/><W112/><G112/><T41/><D41/><N who="2" m="15946" /><F109/><W92/><G27/><T107/><D107/><U51/><E5/><V95/><F8/><W125/><G25/><T48/><D61/><U49/><E9/><V82/><F30/><W90/><G24/><T89/><D89/><U1/><E88/><N who="2" m="51255" /><F87/><AGARI ba="0,0" hai="46,47,48,55,59,76,80,87,129,130,131" m="13575" machi="87" ten="30,2900,0" yaku="19,1,54,1" doraHai="38" who="0" fromWho="2" sc="250,29,250,0,250,-29,250,0" />
</Scene>
<Scene>
<INIT seed="0,1,0,3,4,20" ten="279,250,221,250" oya="0" hai0="113,9,78,73,87,91,133,37,28,127,58,97,26" hai1="85,96,123,49,46,75,131,94,64,1,118,77,110" hai2="119,48,103,8,100,68,16,51,84,41,71,83,114" hai3="76,23,6,3,104,50,129,108,106,60,32,38,88"/><T19/><D113/><U81/><E123/><V124/><F114/><W132/><G38/><T40/><D133/><U125/><E118/><V29/><F119/><W117/><G32/><T47/><D127/><U10/><E125/><V15/><F124/><W27/><G108/><T121/><D121/><U21/><E110/><V30/><F71/><W86/><G132/><T82/><D58/><U53/><E131/><V72/><F72/><W59/><G117/><T52/><D97/><U69/><E75/><V33/><F68/><W17/><G129/><T12/><D52/><U122/><E122/><V70/><F70/><W18/><G76/><T107/><D107/><U57/><E69/><V5/><F5/><W11/><G50/><N who="2" m="18985" /><F33/><W62/><G18/><T2/><D2/><U115/><E115/><V135/><F41/><W14/><G3/><T112/><D112/><U0/><E10/><V99/><F99/><W4/><G60/><T95/><D73/><U130/><E130/><V25/><F135/><W35/><G35/><T90/><REACH who="0" step="1"/><D95/><REACH who="0" ten="269,250,221,250" step="2"/><U92/><E92/><V128/><F128/><W55/><G6/><T39/><D39/><U22/><E1/><V36/><F36/><W61/><G62/><T31/><D31/><U93/><E93/><AGARI ba="1,1" hai="4,11,14,17,23,27,55,59,61,86,88,93,104,106" machi="93" ten="30,3900,0" yaku="7,1,52,1,54,1" doraHai="20" who="3" fromWho="1" sc="269,0,250,-42,221,0,250,52" />
</Scene>
<Scene>
<INIT seed="1,0,0,3,1,93" ten="269,208,221,302" oya="1" hai0="19,76,116,114,35,123,37,132,118,77,110,61,128" hai1="42,82,122,120,125,108,51,5,97,59,33,72,53" hai2="104,94,86,99,45,126,30,32,14,74,7,79,102" hai3="90,4,98,63,70,44,96,27,81,111,11,54,29"/><U64/><E125/><V78/><F126/><W95/><G111/><T2/><RYUUKYOKU type="yao9" ba="0,0" sc="269,0,208,0,221,0,302,0" hai0="2,19,35,37,61,76,77,110,114,116,118,123,128,132" />
</Scene>
<Scene>
<INIT seed="1,1,0,1,3,13" ten="269,208,221,302" oya="1" hai0="99,55,25,50,114,76,51,42,130,117,3,128,131" hai1="80,107,0,14,83,135,89,94,74,111,21,31,40" hai2="52,68,109,81,71,29,43,22,132,32,48,33,7" hai3="86,113,134,5,35,133,105,20,9,57,63,30,77"/><U124/><E0/><V38/><F132/><N who="3" m="50795" /><G35/><T64/><D3/><U26/><E135/><V28/><F109/><W69/><G69/><T78/><D117/><U53/><E107/><V36/><F7/><W73/><G73/><T58/><D114/><U12/><E111/><V37/><F43/><W27/><G105/><T61/><D99/><U16/><E124/><V79/><F22/><W104/><G104/><T17/><D42/><U10/><E40/><V123/><F123/><W47/><G47/><T115/><D115/><U91/><E91/><V56/><F71/><W112/><G86/><T87/><D87/><N who="1" m="52543" /><E74/><V98/><F68/><W59/><G59/><N who="0" m="33279" /><D50/><U39/><E39/><V103/><F32/><W75/><G77/><T46/><D46/><U125/><E125/><V97/><F33/><W72/><G72/><T65/><D65/><U85/><E85/><V84/><REACH who="2" step="1"/><F97/><REACH who="2" ten="269,208,211,302" step="2"/><W54/><G75/><T129/><D129/><U92/><E53/><V24/><F24/><W19/><G30/><T96/><D96/><U90/><E14/><AGARI ba="1,1" hai="5,9,14,19,20,27,54,57,63,112,113" m="50795" machi="14" ten="30,2000,0" yaku="20,1,52,1" doraHai="13" who="3" fromWho="1" sc="269,0,208,-23,211,0,302,33" />
</Scene>
<Scene>
<INIT seed="2,0,0,2,2,84" ten="269,185,211,335" oya="2" hai0="97,100,91,49,15,119,96,113,107,14,62,41,28" hai1="53,25,66,71,37,30,57,65,45,120,13,61,16" hai2="90,34,99,93,56,59,10,22,123,55,130,46,105" hai3="94,21,88,75,95,129,1,60,131,26,43,117,110"/><V5/><F34/><W109/><G1/><T122/><D113/><U17/><E120/><V68/><F123/><W24/><G75/><T133/><D122/><U86/><E86/><V78/><F68/><W44/><G117/><T64/><D119/><U70/><E70/><V20/><F105/><W102/><G102/><T87/><D133/><U127/><E127/><V54/><F78/><W33/><G95/><T73/><D73/><U115/><E115/><V39/><F130/><N who="3" m="49675" /><G60/><T135/><D135/><U12/><E12/><N who="2" m="5199" /><F39/><N who="3" m="21631" /><G33/><T116/><D116/><U79/><E79/><V104/><F104/><W77/><G77/><T76/><D76/><U9/><E17/><V7/><F7/><W81/><G81/><T8/><D100/><U2/><E2/><V82/><F82/><W69/><G69/><T11/><D107/><U111/><E111/><N who="3" m="42506" /><G21/><N who="2" m="8297" /><F46/><W125/><G125/><T52/><D62/><U51/><E66/><V48/><F48/><W38/><G38/><T36/><D64/><U108/><E108/><V121/><F121/><W74/><G74/><T83/><D36/><U3/><E3/><V114/><F114/><W103/><G103/><T50/><D50/><U106/><E106/><V40/><F40/><W32/><G32/><T101/><D41/><U35/><E37/><V128/><F128/><W67/><G67/><T63/><D49/><U18/><E71/><V85/><F99/><AGARI ba="0,0" hai="24,26,88,94,99" m="42506,21631,49675" machi="99" ten="30,7700,0" yaku="19,1,14,1,52,1,54,1" doraHai="84" who="3" fromWho="2" sc="269,0,185,0,211,-77,335,77" />
</Scene>
<Scene>
<INIT seed="3,0,0,1,4,91" ten="269,185,134,412" oya="3" hai0="131,40,36,53,2,133,60,125,63,127,9,116,47" hai1="121,1,41,61,83,30,52,100,13,89,45,92,93" hai2="74,105,76,11,113,51,72,96,108,17,8,37,77" hai3="87,119,98,80,69,67,58,128,44,15,81,66,88"/><W103/><G119/><T21/><D116/><U70/><E1/><V90/><F37/><W95/><G128/><T73/><D131/><U19/><E121/><V12/><F113/><W111/><G111/><T20/><D133/><U27/><E100/><V115/><F115/><W46/><G69/><T114/><D114/><U94/><E70/><V26/><F108/><W16/><G80/><T57/><D63/><U29/><E27/><V68/><F68/><W104/><G104/><T0/><D73/><U109/><E109/><V110/><F110/><W86/><G86/><T38/><D38/><U54/><E89/><V78/><F26/><W135/><G135/><T84/><D84/><U134/><E83/><V85/><F8/><N who="3" m="6247" /><G58/><T10/><D10/><N who="1" m="6583" /><E134/><V34/><F34/><W42/><G42/><T55/><D0/><U5/><E5/><V107/><F96/><W25/><G25/><T62/><D9/><U31/><E61/><V43/><F74/><W65/><AGARI ba="0,0" hai="44,46,65,66,67,81,87,88,95,98,103" m="6247" machi="65" ten="30,11700,0" yaku="8,1,52,1,54,2" doraHai="91" who="3" fromWho="3" sc="269,-39,185,-39,134,-39,412,117" />
</Scene>
<Scene>
<INIT seed="3,1,0,0,3,5" ten="230,146,95,529" oya="3" hai0="50,113,109,76,38,20,68,99,0,83,4,46,100" hai1="60,122,43,19,80,92,42,126,123,65,110,67,72" hai2="48,94,1,10,32,34,54,14,87,55,35,29,27" hai3="125,132,7,116,69,26,101,107,53,133,18,56,31"/><W88/><G116/><T77/><D68/><U36/><E110/><V117/><F1/><W24/><G69/><T89/><D109/><U135/><E135/><N who="3" m="51786" /><G125/><T124/><D124/><U104/><E104/><V62/><F117/><W85/><G101/><T90/><D38/><U84/><E126/><V57/><F87/><W21/><G107/><T49/><D113/><U120/><E67/><V52/><F94/><N who="3" m="54543" /><G7/><T12/><D100/><U78/><E36/><V96/><F96/><W64/><G64/><T66/><D66/><U3/><E3/><V111/><F111/><W70/><G70/><T30/><D0/><U82/><E92/><V75/><F75/><W61/><G31/><T37/><D99/><U121/><E19/><V15/><F15/><AGARI ba="1,0" hai="15,18,21,24,26,53,56,61" m="54543,51786" machi="15" ten="30,2900,0" yaku="20,1,54,1" doraHai="5" who="3" fromWho="2" sc="230,0,146,0,95,-32,529,32" />
</Scene>
<Scene>
<INIT seed="3,2,0,5,1,97" ten="230,146,63,561" oya="3" hai0="27,50,99,93,87,46,100,71,79,77,118,89,14" hai1="90,59,70,76,52,80,117,17,32,36,35,9,120" hai2="131,111,123,47,67,116,83,2,72,109,85,95,119" hai3="30,106,6,105,68,37,82,57,54,88,102,24,5"/><W104/><G68/><T25/><D118/><N who="2" m="45098" /><F47/><W124/><G37/><T98/><D71/><U81/><E70/><V74/><F67/><W28/><G124/><T23/><D98/><U49/><E36/><V18/><F18/><W129/><G129/><T110/><D14/><U51/><E117/><V12/><F12/><W91/><G82/><T26/><D23/><U63/><E35/><V94/><F2/><W107/><G28/><T21/><D21/><U55/><E32/><V130/><F123/><W39/><G39/><T96/><D96/><U33/><E33/><V38/><F38/><W114/><G114/><T132/><D110/><N who="2" m="41994" /><F85/><W58/><G54/><T108/><D132/><U0/><E55/><V64/><F64/><W53/><G53/><T112/><D112/><U115/><E115/><V56/><F56/><W20/><G58/><T133/><D133/><U84/><E120/><V60/><F60/><W66/><G66/><T19/><D19/><U22/><E0/><V42/><F42/><W10/><G57/><T135/><D135/><U125/><E9/><V7/><F7/><W69/><G69/><T62/><D62/><U75/><REACH who="1" step="1"/><E125/><REACH who="1" ten="230,136,63,561" step="2"/><V3/><F3/><W134/><G134/><T48/><D108/><U61/><E61/><V8/><F8/><W40/><G10/><T78/><REACH who="0" step="1"/><D46/><REACH who="0" ten="220,136,63,561" step="2"/><U11/><E11/><V31/><F31/><W113/><G113/><T1/><D1/><U13/><AGARI ba="2,2" hai="13,17,22,49,51,52,59,63,75,76,80,81,84,90" machi="13" ten="20,5200,0" yaku="1,1,0,1,7,1,54,1,53,0" doraHai="97" doraHaiUra="122" who="1" fromWho="1" sc="220,-15,136,78,63,-15,561,-28" />
</Scene>
<Scene>
<INIT seed="4,0,0,4,1,92" ten="205,214,48,533" oya="0" hai0="10,77,52,128,21,61,3,34,1,83,122,37,30" hai1="49,99,89,82,73,13,75,84,46,57,33,116,64" hai2="131,106,7,79,133,25,27,95,85,66,62,104,58" hai3="93,108,17,110,101,63,0,65,11,74,5,72,8"/><T70/><D122/><U43/><E116/><V81/><F133/><W80/><G74/><T88/><D37/><U114/><E33/><V130/><F7/><W102/><G102/><T12/><D34/><U98/><E114/><V24/><REACH who="2" step="1"/><F95/><REACH who="2" ten="205,214,38,533" step="2"/><W135/><G135/><T91/><D128/><AGARI ba="0,1" hai="24,25,27,58,62,66,79,81,85,104,106,128,130,131" machi="128" ten="40,5200,0" yaku="1,1,2,1,19,1,53,0" doraHai="92" doraHaiUra="28" who="2" fromWho="0" sc="205,-52,214,0,38,62,533,0" />
</Scene>
<Scene>
<INIT seed="5,0,0,4,2,105" ten="153,214,100,533" oya="1" hai0="120,61,84,78,106,28,14,26,7,126,67,47,80" hai1="104,69,0,56,118,44,88,103,62,115,119,41,40" hai2="12,122,16,94,117,79,73,114,4,132,82,97,76" hai3="107,72,24,131,46,99,133,111,21,83,50,27,90"/><U13/><E0/><V38/><F38/><W124/><G111/><T125/><D106/><U130/><E69/><V108/><F122/><W15/><G124/><T81/><D120/><U87/><E115/><V51/><F108/><W1/><G133/><T102/><D102/><U54/><E130/><V33/><F117/><W58/><G58/><T64/><D47/><U134/><E134/><V98/><F132/><W60/><G60/><T36/><D36/><U63/><E63/><V45/><F33/><W17/><G1/><T29/><D29/><U91/><E91/><V66/><F4/><W95/><G107/><T121/><D121/><U65/><E65/><V55/><F66/><W86/><G72/><T113/><D113/><U6/><E41/><V49/><F79/><N who="3" m="46463" /><G131/><T92/><D64/><U23/><E103/><V35/><F35/><W75/><G75/><T70/><D92/><U3/><E3/><V43/><F94/><W109/><G109/><T42/><D42/><AGARI ba="0,0" hai="15,17,21,24,27,42,46,50,90,95,99" m="46463" machi="42" ten="30,1000,0" yaku="8,1" doraHai="105" who="3" fromWho="0" sc="153,-10,214,0,100,0,533,10" />
</Scene>
<Scene>
<INIT seed="6,0,0,4,4,95" ten="143,214,100,543" oya="2" hai0="6,32,110,65,100,47,106,108,78,117,101,104,3" hai1="46,84,53,81,35,64,15,121,115,93,4,36,105" hai2="132,103,25,69,54,22,38,133,48,33,2,56,28" hai3="21,41,37,112,120,82,42,83,92,111,24,124,19"/><V87/><F38/><W16/><G120/><T72/><D32/><U11/><E105/><N who="0" m="40553" /><D47/><U43/><E121/><V114/><F69/><W130/><G92/><T17/><D17/><U18/><E35/><V67/><F2/><W13/><G83/><N who="0" m="45511" /><D65/><U90/><E64/><V102/><F67/><W134/><G82/><T10/><D100/><U123/><E123/><V27/><F114/><W61/><G112/><T8/><D101/><U20/><E115/><V66/><F66/><W9/><G61/><T73/><D8/><U49/><E36/><V5/><F5/><W126/><G111/><N who="0" m="42539" /><D117/><U86/><E53/><V14/><F14/><W79/><G79/><T99/><D99/><U91/><E20/><V116/><F116/><W34/><G34/><T71/><D73/><U127/><E4/><V74/><F74/><W60/><G60/><T50/><D50/><U31/><E31/><N who="2" m="17847" /><F87/><W129/><G134/><AGARI ba="0,0" hai="27,28,33,48,54,56,102,103,132,133,134" m="17847" machi="134" ten="30,1500,0" yaku="20,1" doraHai="95" who="2" fromWho="3" sc="143,0,214,0,100,15,543,-15" />
</Scene>
<Scene>
<INIT seed="6,1,0,5,4,62" ten="143,214,115,528" oya="2" hai0="99,112,108,22,57,23,95,0,91,43,5,131,18" hai1="56,74,64,88,94,55,113,59,93,19,49,130,47" hai2="129,28,66,46,110,102,118,17,7,81,84,85,42" hai3="27,106,31,20,29,82,100,109,124,63,37,126,21"/><V80/><F118/><W79/><G37/><T60/><D108/><U9/><E74/><V15/><F110/><W6/><G6/><T133/><D112/><U104/><E104/><V92/><F7/><W50/><G109/><T40/><D131/><U78/><E78/><V75/><F129/><W34/><G50/><T115/><D115/><U8/><E113/><V14/><F75/><W24/><G34/><T135/><D5/><U114/><E130/><V77/><F28/><W90/><G90/><T36/><D0/><U10/><E59/><V51/><F17/><W13/><G63/><T44/><D40/><U73/><E73/><V98/><REACH who="2" step="1"/><F66/><REACH who="2" ten="143,214,105,528" step="2"/><W2/><G31/><T30/><D30/><U38/><E114/><V67/><F67/><W134/><G29/><T25/><REACH who="0" step="1"/><D23/><REACH who="0" ten="133,214,105,528" step="2"/><U65/><E19/><V45/><F45/><W101/><G21/><T97/><D97/><U127/><E47/><V107/><F107/><W105/><G20/><T83/><D83/><U128/><E128/><V86/><F86/><W125/><G105/><T111/><D111/><U87/><E87/><V11/><F11/><W69/><G82/><T122/><D122/><U58/><E10/><V117/><F117/><W89/><G106/><T39/><D39/><U35/><E38/><V61/><F61/><W132/><G126/><T116/><D116/><U120/><E8/><V3/><F3/><W121/><G125/><T53/><AGARI ba="1,2" hai="18,22,25,36,43,44,53,57,60,91,95,99,133,135" machi="53" ten="30,7900,0" yaku="1,1,0,1,25,2,53,0" doraHai="62" doraHaiUra="96" who="0" fromWho="0" sc="133,102,214,-21,105,-40,528,-21" />
</Scene>
<Scene>
<INIT seed="7,0,0,2,0,17" ten="235,193,65,507" oya="3" hai0="121,64,26,1,3,117,28,86,58,53,19,38,67" hai1="25,10,62,16,30,81,73,68,65,88,27,11,76" hai2="100,36,127,124,2,31,85,12,98,39,115,59,78" hai3="118,44,128,42,107,101,47,131,113,32,72,33,106"/><W69/><G69/><T77/><D117/><U24/><E30/><V23/><F2/><W126/><G72/><T92/><D121/><U15/><REACH who="1" step="1"/><E88/><REACH who="1" ten="235,183,65,507" step="2"/><V9/><F115/><W20/><G118/><T49/><D28/><U105/><E105/><V130/><F130/><W0/><G47/><T108/><D108/><U6/><E6/><V91/><F78/><W54/><G42/><T112/><D77/><U129/><E129/><V35/><F35/><W48/><G0/><T13/><D112/><U52/><E52/><V87/><F59/><W60/><G60/><T50/><D53/><U89/><E89/><V4/><F87/><W111/><G126/><T41/><D86/><U80/><E80/><V63/><F63/><W66/><G111/><T95/><D41/><U37/><E37/><V5/><F5/><W134/><G113/><T79/><D79/><U103/><E103/><V133/><F133/><W102/><G101/><T84/><D38/><U34/><E34/><V43/><F43/><W14/><G102/><T122/><D84/><U119/><E119/><V51/><F51/><W135/><G66/><T90/><D49/><U123/><E123/><V93/><F127/><W70/><G70/><T21/><D50/><U56/><E56/><V74/><F124/><W57/><G57/><T22/><D58/><U83/><E83/><V132/><F74/><W8/><G107/><T125/><D122/><U75/><E75/><V110/><F132/><W116/><G106/><T109/><D125/><U40/><E40/><V120/><F120/><W29/><G116/><T71/><D1/><RYUUKYOKU ba="0,1" sc="235,-10,183,30,65,-10,507,-10" hai1="10,11,15,16,24,25,27,62,65,68,73,76,81" owari="225,3.0,213,-19.0,55,-44.0,507,60.0" />
</Scene>
</mjloggm>