<mjloggm ver="2.3"><GO type="169"/><UN n0="%61%6E%62%79%33" n1="%41%53%41%50%49%4E" n2="%E3%81%93%E3%81%98%E3%82%8D" n3="%E4%B8%80%E7%94%9F%E6%87%B8%E5%91%BD" dan="17,18,17,16" rate="2049,2234,2096,2093" sx="M,M,M,M"/><TAIKYOKU oya="0"/>

<Scene>
<INIT seed="0,0,0,1,0,108" ten="250,250,250,250" oya="0" hai0="0,90,98,58,68,12,135,4,14,100,103,85,53" hai1="50,74,60,134,121,42,87,110,67,123,17,69,21" hai2="47,128,79,112,99,104,97,82,8,126,29,96,5" hai3="33,113,62,48,35,102,13,132,24,89,27,19,54"/><T115/><D68/><U72/><E110/><V30/><F128/><W41/><G102/><T3/><D135/><U78/><E134/><V105/><F126/><W55/><G132/><T20/><D115/><U94/><E42/><V109/><F109/><W83/><G113/><T91/><D4/><U23/><E50/><V92/><F112/><W64/><G35/><T31/><D31/><U131/><E131/><V36/><F92/><W133/><G133/><T111/><D111/><U125/><E125/><V127/><F127/><W18/><G41/><T61/><D98/><U116/><E116/><V129/><F129/><W114/><G114/><T46/><D90/><U63/><E23/><V56/><F56/><N who="3" m="36935" /><G33/><T81/><D3/><U22/><E22/><V122/><F122/><W59/><G54/><T1/><D1/><U70/><E63/><V34/><F34/><W11/><G19/><N who="0" m="10343" /><D0/><U32/><E32/><V49/><F105/><W119/><G119/><T118/><D118/><U86/><E70/><V76/><F104/><W117/><G117/><T120/><D120/><U65/><E65/><V9/><F36/><W26/><G89/><T44/><D14/><N who="1" m="9399" /><E123/><V43/><F5/><W80/><AGARI ba="0,0" hai="11,13,18,24,26,27,48,55,59,80,83" m="36935" machi="80" ten="30,1100,0" yaku="8,1" doraHai="108" who="3" fromWho="3" sc="250,-5,250,-3,250,-3,250,11" />
</Scene>
<Scene>
<INIT seed="1,0,0,1,1,22" ten="245,247,247,261" oya="1" hai0="13,20,36,119,88,39,101,42,94,108,29,64,110" hai1="65,77,121,31,98,132,84,85,127,58,89,0,82" hai2="80,78,16,126,23,99,107,24,120,41,69,128,51" hai3="91,96,45,62,87,11,14,83,95,97,105,73,37"/><U72/><E121/><V60/><F120/><W30/><G73/><T59/><D119/><U32/><E0/><V74/><F128/><W4/><G105/><T103/><D64/><U47/><E132/><V25/><F126/><W106/><G106/><T9/><D59/><U54/><E127/><V44/><F69/><W61/><G96/><T123/><D123/><U133/><E133/><V71/><F71/><W28/><G45/><T52/><D52/><U114/><E114/><V135/><F135/><W1/><G37/><T134/><D134/><U79/><E65/><V46/><F60/><N who="3" m="23147" /><G1/><T17/><D39/><U5/><E5/><V2/><F2/><W117/><G117/><T53/><D53/><U10/><E10/><V129/><F129/><W35/><G35/><T6/><D29/><U49/><E47/><V48/><F107/><W27/><G27/><N who="0" m="14735" /><D42/><U76/><E98/><V56/><F99/><W57/><G57/><T7/><D7/><U104/><E104/><V55/><F44/><W19/><G4/><T92/><D36/><U50/><E50/><V12/><AGARI ba="0,0" hai="12,16,23,24,25,41,46,48,51,55,56,74,78,80" machi="12" ten="20,8000,1" yaku="0,1,7,1,52,2,54,1" doraHai="22" who="2" fromWho="2" sc="245,-20,247,-40,247,80,261,-20" />
</Scene>
<Scene>
<INIT seed="2,0,0,3,2,10" ten="225,207,327,241" oya="2" hai0="131,35,1,127,102,54,118,61,28,51,114,80,108" hai1="135,69,42,132,128,106,117,41,90,82,123,65,55" hai2="122,48,130,96,99,0,72,86,59,98,16,74,121" hai3="56,109,21,116,76,105,103,57,62,88,43,111,68"/><V24/><F0/><W6/><G116/><T25/><D1/><U45/><E117/><V119/><F119/><W5/><G76/><T81/><D118/><U64/><E106/><V23/><F130/><W40/><G68/><T32/><D32/><U133/><E90/><V97/><N who="2" m="24576" /><DORA hai="31" /><V75/><REACH who="2" step="1"/><F86/><REACH who="2" ten="225,207,317,241" step="2"/><W37/><G105/><T38/><D131/><U93/><E128/><V79/><F79/><W7/><G103/><T46/><D102/><U70/><E133/><V83/><F83/><W27/><G88/><T49/><D80/><U94/><E82/><V104/><F104/><W120/><G109/><T58/><D81/><U125/><E132/><V30/><F30/><W112/><G111/><T8/><D108/><U22/><E135/><V100/><F100/><W34/><G112/><T89/><D114/><U53/><E94/><V12/><F12/><W101/><G101/><T11/><D89/><U39/><E93/><V50/><F50/><W87/><G87/><T85/><D85/><U67/><E123/><V134/><F134/><W33/><G120/><T95/><D95/><U78/><E78/><V17/><F17/><W63/><G5/><T3/><D3/><U20/><E125/><V2/><F2/><W77/><G77/><T9/><D127/><U36/><E39/><V71/><F71/><W66/><G37/><T124/><D124/><U60/><E36/><V14/><F14/><W115/><G115/><T84/><D84/><U92/><E92/><V15/><F15/><W4/><G4/><T126/><D126/><U44/><E69/><V73/><F73/><RYUUKYOKU ba="0,1" sc="225,15,207,-15,317,15,241,-15" hai0="8,9,11,25,28,35,38,46,49,51,54,58,61" hai2="16,23,24,48,59,72,74,75,121,122" />
</Scene>
<Scene>
<INIT seed="2,1,1,0,2,51" ten="240,192,332,226" oya="2" hai0="4,32,0,54,49,45,91,94,115,3,105,37,78" hai1="34,121,75,108,86,132,58,96,17,46,74,47,106" hai2="57,76,65,52,98,87,92,130,134,128,127,10,5" hai3="9,29,36,69,120,42,53,60,28,68,7,66,109"/><V35/><F35/><W104/><G120/><T102/><D32/><U110/><E34/><V93/><F65/><W1/><G69/><T85/><D115/><U50/><E121/><V33/><F33/><W30/><G104/><T124/><D37/><U12/><E132/><V70/><F70/><W38/><G42/><T113/><D113/><U100/><E58/><V6/><F134/><W41/><G41/><T112/><D112/><U14/><E86/><V129/><F127/><W11/><G109/><N who="1" m="42090" /><E14/><V97/><F76/><W16/><REACH who="3" step="1"/><G53/><REACH who="3" ten="240,192,332,216" step="2"/><T59/><D54/><N who="1" m="30039" /><E47/><V81/><F130/><W31/><N who="3" m="7680" /><DORA hai="131" /><W117/><G117/><T80/><D45/><U122/><E122/><V40/><F40/><W26/><G26/><T62/><D124/><U79/><E79/><V83/><F52/><W116/><G116/><T25/><D25/><U111/><N who="1" m="42098" /><U72/><DORA hai="8" /><E72/><V126/><F126/><W64/><G64/><T73/><D73/><U90/><E90/><V56/><F128/><W2/><G2/><T135/><D0/><U43/><E43/><V48/><F129/><W71/><G71/><T101/><D135/><U89/><E89/><V119/><F119/><W123/><G123/><T77/><D77/><U24/><E24/><V21/><F56/><W19/><G19/><T107/><D3/><U84/><E84/><V114/><F57/><W61/><G61/><T18/><D62/><U55/><E55/><V67/><F87/><W63/><G63/><T133/><D18/><U99/><E99/><V22/><F67/><W82/><G82/><T88/><D133/><RYUUKYOKU ba="1,2" sc="240,-15,192,15,332,-15,216,15" hai1="12,17,74,75,96,100,106" hai3="1,7,9,11,16,36,38,60,66,68" />
</Scene>
<Scene>
<INIT seed="3,2,2,0,3,46" ten="225,207,317,231" oya="3" hai0="28,22,17,87,113,39,112,47,29,84,2,127,103" hai1="92,85,12,32,49,27,133,56,107,44,128,60,7" hai2="131,23,18,109,11,116,65,104,21,118,54,55,91" hai3="106,80,43,122,30,45,94,95,130,24,53,36,16"/><W110/><G106/><T101/><D2/><U5/><E107/><V105/><F65/><W77/><G122/><T0/><D0/><U48/><E128/><V102/><F131/><W3/><G130/><T66/><D66/><N who="1" m="39175" /><E32/><V69/><F69/><W14/><G3/><T123/><D123/><U64/><E133/><V100/><F91/><W52/><G110/><T117/><D117/><U37/><E37/><V71/><F71/><W8/><G94/><T62/><D62/><U63/><E27/><V61/><F61/><W74/><REACH who="3" step="1"/><G95/><REACH who="3" ten="225,207,317,221" step="2"/><T93/><D93/><U19/><E92/><V111/><F109/><W13/><G13/><T72/><D103/><U67/><E64/><V86/><F111/><W41/><G41/><N who="0" m="22975" /><D101/><U129/><E129/><V68/><F102/><W50/><G50/><N who="1" m="19562" /><E63/><V78/><F104/><W25/><G25/><T82/><D113/><U31/><E67/><V35/><F105/><W40/><G40/><T58/><D112/><U75/><E75/><V38/><F68/><W115/><G115/><T99/><D72/><U125/><E85/><V88/><F86/><W79/><G79/><T134/><D84/><U90/><E90/><V70/><F88/><W20/><AGARI ba="2,3" hai="8,14,16,20,24,30,36,43,45,52,53,74,77,80" machi="20" ten="20,18000,2" yaku="1,1,0,1,7,1,54,2,53,1" doraHai="46" doraHaiUra="10" who="3" fromWho="3" sc="225,-62,207,-62,317,-62,221,216" />
</Scene>
<Scene>
<INIT seed="3,3,0,4,1,14" ten="163,145,255,437" oya="3" hai0="108,55,82,4,96,57,19,91,94,89,129,28,13" hai1="23,65,73,16,2,64,53,44,60,77,61,130,62" hai2="135,112,31,9,6,74,115,72,59,21,102,119,114" hai3="131,38,97,24,1,118,0,29,11,104,75,122,126"/><W10/><G75/><T33/><D108/><U35/><E2/><V100/><F119/><W80/><G80/><T116/><D116/><U106/><E35/><V54/><F135/><W132/><G38/><T68/><D68/><U134/><E106/><V63/><F72/><W39/><G39/><T20/><D129/><U42/><E130/><V95/><F74/><W90/><G90/><T69/><D69/><U88/><E134/><V120/><F120/><W79/><G79/><T52/><D4/><U87/><E77/><V127/><F127/><W30/><G97/><T123/><D123/><U110/><E73/><V111/><F111/><W32/><G104/><T8/><D33/><U81/><E110/><V7/><F7/><W124/><G131/><T92/><D82/><U85/><E85/><V27/><REACH who="2" step="1"/><F95/><REACH who="2" ten="163,145,245,437" step="2"/><W83/><G122/><T41/><D92/><U128/><E128/><V48/><F48/><W18/><G118/><T5/><D5/><U46/><E53/><V78/><F78/><W40/><G132/><T45/><D55/><U47/><E42/><V99/><F99/><W37/><G40/><T15/><D94/><U67/><E67/><V117/><F117/><W58/><G124/><T121/><D96/><U56/><E64/><V50/><F50/><W51/><G51/><N who="0" m="27055" /><D121/><U113/><E113/><V109/><F109/><W36/><G36/><T105/><D105/><U101/><E101/><V86/><F86/><W98/><G37/><T34/><D52/><U71/><E71/><V133/><F133/><W43/><G126/><T17/><D57/><U25/><AGARI ba="3,1" hai="16,23,25,44,46,47,56,60,61,62,65,81,87,88" machi="25" ten="30,12000,2" yaku="5,1,0,1,8,1,52,1,54,2" doraHai="14" who="1" fromWho="1" sc="163,-33,145,139,245,-33,437,-63" />
</Scene>
<Scene>
<INIT seed="4,0,0,0,5,1" ten="130,284,212,374" oya="0" hai0="134,16,97,60,83,29,45,99,135,18,48,31,125" hai1="52,129,61,69,120,47,82,114,7,33,124,127,122" hai2="103,56,108,23,85,51,80,21,13,73,32,5,130" hai3="102,132,28,111,98,8,133,117,11,131,4,128,6"/><T112/><D125/><N who="1" m="48203" /><E33/><V88/><F32/><W113/><G28/><N who="0" m="10827" /><D112/><U101/><E101/><V35/><F108/><W58/><G58/><T70/><D83/><U17/><E17/><N who="0" m="6761" /><D70/><U93/><E93/><V64/><F35/><W100/><G113/><T75/><D75/><U3/><E114/><V79/><F130/><N who="3" m="49707" /><G111/><T67/><D67/><N who="1" m="41199" /><E82/><V77/><F103/><N who="3" m="39467" /><G98/><N who="0" m="37387" /><D60/><U62/><E129/><V27/><F73/><W59/><G59/><T46/><D48/><N who="1" m="28703" /><E62/><N who="2" m="37959" /><F51/><W41/><G41/><T104/><D104/><U95/><E95/><V119/><F27/><W49/><G49/><T0/><D0/><U40/><E40/><V34/><F34/><W84/><G84/><T72/><D72/><U25/><E25/><V96/><F96/><W22/><G117/><T74/><D74/><U44/><E44/><AGARI ba="0,0" hai="44,45,46,134,135" m="37387,6761,10827" machi="44" ten="30,5800,0" yaku="28,2,54,1" doraHai="1" who="0" fromWho="1" sc="130,58,284,-58,212,0,374,0" />
</Scene>
<Scene>
<INIT seed="4,1,0,4,1,12" ten="188,226,212,374" oya="0" hai0="32,67,61,131,66,29,110,100,105,124,113,90,107" hai1="19,125,88,18,5,48,78,86,121,35,75,112,73" hai2="62,120,95,103,44,104,84,30,64,53,93,50,116" hai3="81,80,51,129,47,26,114,11,128,24,132,71,55"/><T40/><D40/><U109/><E121/><V15/><F120/><W52/><G71/><N who="0" m="42447" /><D67/><U34/><E109/><V70/><F116/><W28/><G114/><T0/><D113/><U82/><E112/><V101/><F104/><W38/><G38/><T94/><D0/><U42/><E125/><V119/><F119/><W72/><G11/><T115/><D115/><U17/><E5/><V6/><F30/><W134/><G72/><T83/><D83/><N who="3" m="31817" /><G55/><T89/><D107/><U65/><E65/><V68/><F68/><W16/><G26/><N who="0" m="18487" /><D131/><N who="3" m="50249" /><G28/><T1/><D1/><U85/><E85/><V39/><F39/><W87/><G87/><T69/><D69/><U99/><E99/><V43/><F43/><W20/><AGARI ba="1,0" hai="16,20,24,47,51,52,132,134" m="50249,31817" machi="20" ten="40,8000,1" yaku="19,1,52,1,54,2" doraHai="12" who="3" fromWho="3" sc="188,-41,226,-21,212,-21,374,83" />
</Scene>
<Scene>
<INIT seed="5,0,0,1,3,101" ten="147,205,191,457" oya="1" hai0="116,51,82,52,35,34,22,13,63,67,9,40,29" hai1="56,46,4,33,39,21,107,68,125,41,80,66,76" hai2="88,62,3,122,78,93,117,102,15,17,28,92,123" hai3="127,130,47,84,38,95,19,23,7,97,10,61,124"/><U31/><E125/><N who="3" m="48202" /><G61/><T12/><D116/><U14/><E56/><V69/><F3/><W111/><G84/><T135/><D135/><U73/><E21/><V1/><F1/><N who="3" m="367" /><G130/><T24/><D40/><U71/><E14/><V6/><F6/><W86/><G86/><T118/><D118/><U126/><E126/><V18/><F28/><W112/><G112/><T85/><D13/><U83/><E4/><V65/><F117/><W121/><G111/><T54/><D54/><U2/><E2/><V77/><F102/><N who="3" m="60735" /><G121/><T20/><D35/><U129/><E129/><V32/><F92/><W99/><G99/><T59/><D12/><U36/><E80/><V89/><F32/><W30/><G30/><T81/><D9/><U134/><E134/><V60/><F15/><W98/><G98/><T53/><D81/><U0/><E0/><V49/><F93/><W114/><G114/><T8/><D8/><U100/><E36/><V5/><F5/><W106/><G38/><T91/><REACH who="0" step="1"/><D67/><REACH who="0" ten="137,205,191,457" step="2"/><U128/><E66/><V96/><F65/><W25/><G23/><T120/><D120/><U72/><E128/><V43/><F43/><W45/><G25/><T119/><D119/><U26/><E73/><V108/><F123/><W37/><G37/><T42/><D42/><U50/><E39/><V55/><F122/><W79/><G19/><T113/><D113/><U94/><E41/><V58/><F17/><W27/><G27/><T105/><D105/><U115/><E26/><V132/><F18/><W74/><G106/><T131/><D131/><U110/><E107/><V133/><F132/><RYUUKYOKU ba="0,1" sc="137,15,205,-15,191,-15,457,15" hai0="20,22,24,29,34,51,52,53,59,63,82,85,91" hai3="45,47,74,79" />
</Scene>
<Scene>
<INIT seed="6,1,1,4,1,58" ten="152,190,176,472" oya="2" hai0="24,62,76,94,104,73,122,111,49,70,98,26,45" hai1="66,123,77,74,60,78,97,46,101,121,126,4,134" hai2="100,36,64,93,56,92,12,65,87,67,116,21,109" hai3="51,105,20,99,75,59,30,108,96,25,44,120,34"/><V54/><F36/><W91/><G108/><T110/><D104/><U130/><E130/><V80/><F109/><W7/><G75/><T39/><D39/><U18/><E134/><V90/><F116/><W112/><G120/><N who="1" m="46154" /><E74/><V133/><F133/><W42/><G112/><T17/><D122/><U113/><E113/><V52/><F54/><W11/><G34/><T14/><D110/><U29/><E126/><V83/><F100/><W19/><G19/><T127/><D111/><U15/><E4/><V16/><F92/><W33/><G33/><T132/><D127/><U107/><E46/><V71/><F71/><W89/><G59/><T131/><D131/><U128/><E29/><V9/><F9/><W106/><G96/><T31/><D132/><U48/><E48/><AGARI ba="1,1" hai="12,16,21,48,52,56,64,65,67,80,83,87,90,93" machi="48" ten="40,12000,1" yaku="25,2,8,1,54,2" doraHai="58" who="2" fromWho="1" sc="152,0,190,-123,176,133,472,0" />
</Scene>
<Scene>
<INIT seed="6,2,0,5,5,107" ten="152,67,309,472" oya="2" hai0="64,125,99,91,36,49,19,100,30,37,12,102,134" hai1="117,46,132,79,57,18,21,74,120,121,56,32,81" hai2="84,87,6,42,29,135,3,54,92,88,116,123,11" hai3="17,8,14,23,38,70,60,115,83,5,71,52,82"/><V24/><F116/><W73/><G38/><T75/><D30/><U40/><E117/><V113/><F123/><W66/><G71/><T13/><D64/><U39/><E32/><V103/><F135/><W94/><G73/><T31/><D31/><U85/><E132/><V61/><F113/><W78/><G78/><T44/><D75/><U15/><REACH who="1" step="1"/><E85/><REACH who="1" ten="152,57,309,472" step="2"/><V127/><F87/><W131/><G115/><T55/><D134/><U26/><E26/><V47/><F127/><W129/><G129/><T53/><D125/><U76/><E76/><V95/><F24/><W89/><G131/><T63/><D99/><U86/><E86/><V80/><F84/><W72/><G72/><T25/><D25/><U105/><E105/><V62/><F80/><W4/><G83/><T106/><D106/><U108/><E108/><V1/><F95/><W133/><G82/><T111/><D111/><U45/><E45/><V77/><F92/><W104/><G104/><T50/><D44/><U58/><AGARI ba="2,1" hai="15,18,21,39,40,46,56,57,58,74,79,81,120,121" machi="58" ten="30,4000,0" yaku="1,1,0,1,52,1,53,0" doraHai="107" doraHaiUra="20" who="1" fromWho="1" sc="152,-12,57,56,309,-22,472,-12" />
</Scene>
<Scene>
<INIT seed="7,0,0,1,4,7" ten="140,113,287,460" oya="3" hai0="2,61,3,80,20,92,9,83,130,101,32,33,127" hai1="89,74,66,71,99,81,118,36,27,30,46,1,102" hai2="125,104,38,82,45,23,49,72,12,55,25,95,11" hai3="18,62,63,52,133,112,60,4,58,29,13,84,126"/><W73/><G73/><T121/><D121/><U107/><E118/><V103/><F104/><W56/><G29/><T78/><D130/><U106/><E106/><V21/><F125/><W108/><G4/><T53/><D127/><U37/><E46/><V8/><F38/><W111/><G112/><T114/><D114/><U59/><E59/><V123/><F123/><W5/><G5/><T43/><D43/><U122/><E1/><V90/><F103/><W15/><G62/><T54/><D20/><U44/><E44/><V22/><F72/><W115/><G84/><T68/><D101/><U132/><E132/><V119/><F82/><W105/><G18/><T26/><D92/><U109/><E109/><V39/><F39/><W14/><G115/><T64/><D80/><U75/><E122/><V70/><F70/><W79/><G133/><T93/><D93/><U41/><E41/><V128/><F128/><W117/><G117/><T34/><D26/><U51/><E51/><V129/><F129/><W42/><G63/><T94/><D94/><U16/><E16/><N who="2" m="8199" /><F11/><W77/><G126/><T76/><D9/><U98/><E98/><N who="2" m="57719" /><F119/><W6/><G105/><T31/><D78/><N who="1" m="44247" /><E89/><V97/><F97/><W110/><G110/><T85/><D2/><U65/><E65/><V10/><F10/><W135/><G135/><T67/><D67/><U50/><E50/><V86/><F86/><W124/><G124/><T47/><D3/><U48/><E48/><V113/><F113/><W120/><G120/><T17/><D47/><U0/><E0/><V24/><AGARI ba="0,0" hai="21,22,23,24,25,45,49,55" m="57719,8199" machi="24" ten="30,4000,0" yaku="8,1,52,1,54,1" doraHai="7" who="2" fromWho="2" sc="140,-10,113,-10,287,40,460,-20" owari="130,-27.0,103,-40.0,327,13.0,440,54.0" />
</Scene>
</mjloggm>