<mjloggm ver="2.3"><GO type="169" lobby="0"/><UN n0="%41%53%41%50%49%4E" n1="%E3%81%A0%E3%83%BC%E3%81%8F%E3%81%88%E3%82%8B%E3%81%B5" n2="%E9%8A%80%E9%81%8A%E7%A7%81%E4%BA%BA" n3="%4B%E3%80%82" dan="18,16,17,17" rate="2215.05,2048.30,2080.77,2198.22" sx="M,F,M,M"/><TAIKYOKU oya="0"/>

<Scene>
<INIT seed="0,0,0,3,1,19" ten="250,250,250,250" oya="0" hai0="93,61,63,58,20,65,90,107,52,62,68,50,53" hai1="16,76,70,124,33,78,26,29,108,127,103,51,88" hai2="17,125,0,8,115,36,126,21,83,135,4,7,74" hai3="32,121,117,41,39,35,97,5,123,9,22,69,120"/><T122/><D122/><U28/><E70/><V82/><F36/><W56/><G117/><T60/><D107/><U95/><E103/><V79/><F115/><W75/><G69/><T96/><REACH who="0" step="1"/><D20/><REACH who="0" ten="240,250,250,250" step="2"/><N who="1" m="13575" /><E108/><V43/><F21/><W40/><G22/><T18/><D18/><U49/><E33/><V57/><F17/><W81/><G35/><T45/><AGARI ba="0,1" hai="45,50,52,53,58,60,61,62,63,65,68,90,93,96" machi="45" ten="20,7800,0" yaku="1,1,0,1,7,1,54,1,53,0" doraHai="19" doraHaiUra="118" who="0" fromWho="0" sc="240,88,250,-26,250,-26,250,-26" />
</Scene>
<Scene>
<INIT seed="0,1,0,5,1,45" ten="328,224,224,224" oya="0" hai0="32,131,56,58,96,69,109,132,113,23,60,110,49" hai1="76,66,25,120,1,134,61,82,87,31,13,0,72" hai2="90,30,118,4,46,28,41,111,84,2,108,22,20" hai3="77,40,112,55,37,98,117,62,79,57,123,89,36"/><T106/><D113/><U95/><E120/><V18/><F118/><W42/><G112/><T16/><D32/><U75/><E134/><V64/><F64/><W15/><G117/><T43/><D132/><U128/><E128/><V124/><F124/><W81/><G123/><T100/><D131/><U107/><E75/><V44/><F2/><W73/><G79/><T63/><D69/><U50/><E107/><V26/><F4/><W52/><G15/><T21/><D21/><U7/><E72/><V10/><F10/><W59/><G36/><T129/><D129/><U74/><E74/><V99/><F99/><W104/><G37/><T17/><D56/><U122/><E122/><V103/><F103/><W3/><G3/><T68/><D68/><U24/><E0/><V93/><F46/><W97/><G97/><T85/><D85/><U127/><E127/><V94/><F94/><W126/><G126/><T19/><D23/><U67/><E1/><V125/><F125/><W27/><G27/><T80/><D80/><U8/><E95/><V105/><F105/><W130/><G130/><T65/><REACH who="0" step="1"/><D63/><REACH who="0" ten="318,224,224,224" step="2"/><U54/><E61/><V115/><F115/><W11/><G57/><T78/><D78/><U135/><E135/><V47/><F47/><AGARI ba="1,1" hai="16,17,19,43,47,49,58,60,65,96,100,106,109,110" machi="47" ten="40,7700,0" yaku="1,1,52,1,54,1,53,0" doraHai="45" doraHaiUra="116" who="0" fromWho="2" sc="318,90,224,0,224,-80,224,0" />
</Scene>
<Scene>
<INIT seed="0,2,0,0,5,6" ten="408,224,144,224" oya="0" hai0="105,20,112,94,103,30,82,37,0,108,127,3,126" hai1="8,23,124,76,25,17,63,61,99,125,114,78,27" hai2="95,91,15,64,39,33,121,38,97,49,31,86,21" hai3="77,96,87,72,24,123,75,32,130,45,50,128,73"/><T92/><D37/><U84/><E114/><V113/><F113/><W54/><G123/><T67/><D112/><U56/><E99/><V68/><F121/><W80/><REACH who="3" step="1"/><G96/><REACH who="3" ten="408,224,144,214" step="2"/><N who="0" m="59799" /><D126/><N who="1" m="48747" /><E84/><V101/><F86/><W11/><G11/><T52/><D127/><U110/><E110/><V93/><F97/><W135/><G135/><T53/><D108/><U40/><E8/><V70/><F70/><W133/><G133/><T14/><D105/><U66/><E27/><V62/><F68/><W35/><G35/><T134/><D134/><U106/><E25/><V89/><F33/><W85/><G85/><T60/><D20/><U74/><E106/><V29/><F21/><W132/><G132/><T90/><D0/><U116/><E74/><V10/><F10/><W4/><G4/><T28/><D3/><U83/><E116/><V71/><F71/><W5/><G5/><T46/><D14/><U122/><E122/><V117/><F15/><W13/><G13/><T19/><D82/><U88/><E23/><V111/><F111/><W34/><G34/><T26/><D26/><U58/><E83/><V107/><F107/><W47/><G47/><T104/><D46/><U22/><E22/><V69/><F69/><W51/><G51/><T42/><D104/><U100/><E17/><V9/><F9/><W98/><G98/><N who="0" m="57623" /><D19/><U41/><E100/><V119/><F101/><W59/><G59/><N who="0" m="37279" /><D30/><AGARI ba="2,1" hai="24,30,32,45,50,54,72,73,75,77,80,87,128,130" machi="30" ten="50,1600,0" yaku="1,1,53,0" doraHai="6" doraHaiUra="131" who="3" fromWho="0" sc="408,-22,224,0,144,0,214,32" />
</Scene>
<Scene>
<INIT seed="1,0,0,5,0,48" ten="386,224,144,246" oya="1" hai0="98,72,122,79,59,71,129,80,40,7,126,102,65" hai1="3,93,69,33,105,99,101,46,52,22,100,49,25" hai2="55,24,90,95,16,63,76,8,106,0,111,115,89" hai3="29,131,19,21,92,107,124,38,43,87,112,121,10"/><U135/><E33/><V12/><F106/><W60/><G112/><T75/><D129/><U116/><E116/><V50/><F115/><W133/><G121/><T17/><D122/><U41/><E3/><V15/><F0/><W86/><G107/><T94/><D126/><U14/><E135/><V28/><F111/><W119/><G29/><T51/><D71/><U6/><E69/><V108/><F108/><W2/><G119/><T74/><D7/><U81/><E81/><V109/><F109/><W113/><G113/><T123/><D123/><U130/><E130/><V23/><F76/><W132/><G131/><T96/><D96/><U61/><E105/><V66/><F12/><W125/><G60/><T128/><D128/><U104/><E104/><V70/><REACH who="2" step="1"/><F95/><REACH who="2" ten="386,224,134,246" step="2"/><W67/><G2/><T4/><D79/><U27/><E14/><V83/><F83/><W36/><G92/><T73/><D94/><U91/><E6/><V32/><F32/><W31/><G132/><T20/><D4/><U13/><E13/><V44/><AGARI ba="0,1" hai="8,15,16,23,24,28,44,50,55,63,66,70,89,90" machi="44" ten="20,12000,2" yaku="1,1,0,1,7,1,52,1,54,1,53,1" doraHai="48" doraHaiUra="11" who="2" fromWho="2" sc="386,-30,224,-60,134,130,246,-30" />
</Scene>
<Scene>
<INIT seed="2,0,0,1,3,119" ten="356,164,264,216" oya="2" hai0="12,66,124,41,99,44,42,110,132,131,50,33,108" hai1="107,65,80,83,22,115,100,15,113,125,72,9,88" hai2="77,13,53,127,35,43,70,39,109,61,56,67,95" hai3="36,71,21,10,105,31,29,34,111,97,89,25,90"/><V96/><F35/><W112/><G36/><T40/><D33/><U7/><E125/><V79/><F127/><W123/><G111/><N who="0" m="42539" /><D124/><U62/><E107/><V81/><F109/><W17/><G123/><T103/><D131/><U55/><E100/><V74/><F79/><W51/><G112/><T26/><D26/><U69/><E72/><V47/><F13/><W122/><G122/><T4/><D132/><U46/><E115/><V73/><F73/><W102/><G71/><T59/><D66/><U135/><E135/><V24/><F24/><W130/><G130/><T57/><D4/><U19/><E113/><V1/><F1/><W14/><G31/><T54/><D12/><U52/><E80/><V37/><F37/><W92/><G105/><AGARI ba="0,0" hai="40,41,42,44,50,54,57,59,99,103,105" m="42539" machi="105" ten="30,1000,0" yaku="14,1" doraHai="119" who="0" fromWho="3" sc="356,10,164,0,264,0,216,-10" />
</Scene>
<Scene>
<INIT seed="3,0,0,0,4,8" ten="366,164,264,206" oya="3" hai0="40,89,54,111,113,59,57,43,73,103,20,42,115" hai1="108,45,98,78,120,15,69,123,99,91,88,90,53" hai2="68,121,25,32,16,28,96,114,37,48,39,102,133" hai3="56,109,60,82,52,26,0,63,12,31,86,70,50"/><W81/><G0/><T61/><D73/><U19/><E69/><V76/><F114/><N who="0" m="43530" /><D103/><U117/><E108/><V5/><F68/><W94/><G109/><T77/><D77/><U65/><E65/><V119/><F119/><W128/><G128/><T87/><D20/><U95/><E117/><V13/><F5/><W67/><G63/><N who="0" m="36279" /><D89/><U122/><E78/><V6/><F6/><W126/><G126/><T124/><D87/><U135/><E135/><V132/><F121/><W1/><G1/><T33/><D33/><U129/><E129/><V21/><F48/><W104/><G104/><T93/><D93/><U118/><E118/><V116/><F76/><W18/><G94/><T10/><D10/><U11/><REACH who="1" step="1"/><E95/><REACH who="1" ten="366,154,264,206" step="2"/><N who="2" m="58655" /><F116/><W92/><G92/><T34/><D111/><U97/><E97/><V85/><F85/><W49/><G86/><T35/><D124/><U127/><E127/><V30/><F133/><W9/><REACH who="3" step="1"/><G50/><AGARI ba="0,1" hai="11,15,19,45,50,53,88,90,91,98,99,120,122,123" machi="50" ten="50,8000,1" yaku="1,1,52,1,54,1,53,1" doraHai="8" doraHaiUra="46" who="1" fromWho="3" sc="366,0,154,90,264,0,206,-80" />
</Scene>
<Scene>
<INIT seed="4,0,0,3,1,49" ten="366,244,264,126" oya="0" hai0="22,43,50,114,25,2,125,26,65,94,118,78,116" hai1="67,123,37,6,8,108,74,51,126,99,90,120,34" hai2="128,20,23,112,131,134,19,32,39,85,16,111,40" hai3="84,71,113,3,13,133,80,89,35,9,132,64,70"/><T104/><D104/><U72/><E37/><V83/><F111/><W124/><G3/><T55/><D2/><U28/><E108/><V92/><F32/><W11/><G35/><T96/><D114/><U33/><E67/><V10/><F112/><W97/><G113/><T48/><D125/><U1/><E126/><V121/><F121/><N who="1" m="46665" /><E51/><V5/><F134/><N who="3" m="51819" /><G124/><T68/><D78/><U79/><E90/><V4/><F92/><W12/><G97/><T29/><D48/><U91/><E91/><V14/><F40/><W60/><G70/><T15/><D43/><U105/><E79/><N who="2" m="46335" /><F39/><W0/><G0/><T115/><D115/><U18/><E18/><V75/><F75/><N who="1" m="28713" /><E28/><V47/><F47/><W103/><G103/><AGARI ba="0,0" hai="1,6,8,33,34,99,103,105" m="28713,46665" machi="103" ten="30,1000,0" yaku="23,1" doraHai="49" who="1" fromWho="3" sc="366,0,244,10,264,0,126,-10" />
</Scene>
<Scene>
<INIT seed="5,0,0,2,2,45" ten="366,254,264,116" oya="1" hai0="63,80,119,30,110,112,12,105,122,83,68,27,86" hai1="13,69,34,67,58,89,10,130,100,78,109,115,118" hai2="133,113,106,66,40,62,71,61,4,14,9,135,32" hai3="77,0,52,29,79,56,93,16,91,114,39,5,127"/><U47/><E118/><V60/><F32/><W18/><G39/><T50/><D119/><U31/><E69/><V21/><F106/><W126/><G29/><T28/><D112/><U70/><E115/><V19/><F113/><W88/><G114/><T108/><D105/><U102/><E70/><V15/><REACH who="2" step="1"/><F40/><REACH who="2" ten="366,254,254,116" step="2"/><W120/><G120/><T96/><D122/><U73/><E34/><V6/><F6/><W23/><G5/><T42/><D42/><U11/><E109/><V104/><F104/><W37/><G126/><T103/><D110/><U116/><E116/><V36/><F36/><W95/><G37/><T7/><D7/><U74/><E130/><V97/><F97/><N who="3" m="57511" /><G127/><T3/><D96/><U84/><E31/><V38/><F38/><W92/><G0/><T117/><D30/><U43/><E43/><V64/><F64/><W57/><G57/><T132/><D3/><U8/><E67/><V33/><F33/><W65/><G65/><T35/><D28/><U41/><E58/><V125/><F125/><W134/><G134/><AGARI ba="0,1" hai="4,9,14,15,19,21,60,61,62,66,71,133,134,135" machi="134" ten="40,2600,0" yaku="1,1,20,1,53,0" doraHai="45" doraHaiUra="25" who="2" fromWho="3" sc="366,0,254,0,254,36,116,-26" />
</Scene>
<Scene>
<INIT seed="6,0,0,0,0,60" ten="366,254,290,90" oya="2" hai0="50,129,86,85,76,73,7,79,78,35,90,26,13" hai1="127,130,24,34,123,42,103,84,100,101,20,134,39" hai2="12,74,132,70,88,117,55,124,36,49,11,118,38" hai3="98,94,59,107,71,113,96,2,51,27,109,21,114"/><V106/><F74/><W104/><G109/><T48/><D73/><U31/><E127/><V89/><F124/><W57/><G2/><T83/><D129/><U53/><E130/><V110/><F110/><W67/><G71/><T14/><D35/><U120/><E134/><V128/><F128/><W6/><G6/><T66/><D66/><U131/><E131/><V10/><F132/><W112/><G51/><N who="0" m="19499" /><D26/><N who="1" m="18807" /><E53/><V47/><F106/><N who="3" m="40491" /><G59/><T18/><D7/><U3/><E3/><V75/><F75/><W97/><G94/><N who="0" m="54607" /><D18/><N who="1" m="12311" /><E42/><V116/><F70/><W5/><G5/><T72/><D72/><U19/><E39/><V46/><F10/><W37/><G37/><T52/><D52/><U135/><E19/><V8/><F8/><W122/><G122/><N who="1" m="46634" /><E135/><V44/><F36/><W40/><G40/><T65/><D65/><U111/><E84/><V30/><F38/><W16/><G98/><T41/><D41/><U102/><N who="1" m="26112" /><DORA hai="45" /><U61/><E61/><AGARI ba="0,0" hai="16,21,27,57,61,67,96,97,112,113,114" m="40491" machi="61" ten="40,8000,1" yaku="15,1,11,1,52,1,54,1" doraHai="60,45" who="3" fromWho="1" sc="366,0,254,-80,290,0,90,80" />
</Scene>
<Scene>
<INIT seed="7,0,0,0,4,71" ten="366,174,290,170" oya="3" hai0="51,81,56,70,63,16,7,57,2,12,31,65,103" hai1="85,108,96,58,124,73,44,112,135,23,66,107,32" hai2="60,30,49,121,14,98,42,113,46,48,74,123,87" hai3="13,114,133,79,110,115,84,27,20,111,28,83,106"/><W29/><G106/><T78/><D103/><U82/><E32/><V94/><F74/><W131/><G131/><T125/><D125/><U126/><E73/><V62/><F113/><N who="3" m="43019" /><G133/><T18/><D31/><N who="3" m="11849" /><G13/><T128/><D128/><U24/><E112/><V19/><F30/><AGARI ba="0,0" hai="20,27,30,79,83,84,110,111" m="11849,43019" machi="30" ten="30,1500,0" yaku="15,1" doraHai="71" who="3" fromWho="2" sc="366,0,174,0,290,-15,170,15" />
</Scene>
<Scene>
<INIT seed="7,1,0,0,1,134" ten="366,174,275,185" oya="3" hai0="53,127,15,20,65,51,25,117,91,105,45,95,85" hai1="77,17,111,61,86,133,27,57,73,34,16,43,124" hai2="46,88,98,40,125,87,122,108,3,56,96,90,67" hai3="49,66,112,9,83,79,70,41,8,55,62,120,119"/><W94/><G119/><T123/><D127/><U76/><E111/><V113/><F108/><W93/><G120/><T59/><D117/><U132/><E73/><V5/><F122/><W60/><G112/><T30/><D123/><U24/><E43/><V0/><F113/><W54/><G70/><T92/><D105/><U71/><E71/><V118/><F118/><W78/><G66/><T23/><D65/><N who="1" m="39087" /><E124/><V37/><F125/><W99/><G41/><T69/><D69/><U29/><E86/><V11/><F0/><W106/><G106/><T2/><D2/><U81/><E81/><V97/><REACH who="2" step="1"/><F87/><REACH who="2" ten="366,174,265,185" step="2"/><N who="3" m="48631" /><G99/><T82/><D45/><U109/><E109/><V38/><F38/><W104/><G104/><T102/><D102/><U14/><E133/><V89/><F89/><W28/><G79/><T116/><D116/><U130/><E132/><V74/><F74/><W42/><G42/><T68/><D68/><U32/><E76/><V44/><F44/><W21/><G62/><AGARI ba="1,1" hai="3,5,11,37,40,46,56,62,67,88,90,96,97,98" machi="62" ten="40,5200,0" yaku="1,1,54,1,53,1" doraHai="134" doraHaiUra="39" who="2" fromWho="3" sc="366,0,174,0,265,65,185,-55" owari="366,47.0,174,-23.0,330,13.0,130,-37.0" />
</Scene>
</mjloggm>