<mjloggm ver="2.3"><GO type="169"/><UN n0="%E6%AF%94%E5%98%89%E7%A7%80%E4%BB%81" n1="%6B%65%69%2E" n2="%41%53%41%50%49%4E" n3="%E3%81%94%E3%81%98%E3%82%83%E3%82%8B" dan="16,16,19,18" rate="2172,2046,2262,2270" sx="M,M,M,M"/><TAIKYOKU oya="0"/>

<Scene>
<INIT seed="0,0,0,5,3,135" ten="250,250,250,250" oya="0" hai0="82,90,8,40,11,37,119,15,79,70,17,57,111" hai1="100,81,44,98,112,71,26,24,104,22,109,59,46" hai2="2,121,67,133,7,76,28,125,106,77,6,73,1" hai3="49,75,43,39,53,45,32,48,124,132,13,96,114"/><T61/><D119/><U92/><E71/><V23/><F133/><W120/><G132/><T84/><D70/><U134/><E134/><V127/><F106/><W108/><G32/><T86/><D111/><U87/><E109/><V80/><F121/><W19/><G108/><T58/><D11/><U107/><E112/><V74/><F67/><W34/><G34/><T3/><D3/><U50/><E59/><V123/><F123/><W110/><G75/><T128/><D128/><U35/><E35/><V41/><F41/><W85/><G110/><T93/><D37/><U105/><E50/><V117/><F23/><W68/><G68/><T38/><REACH who="0" step="1"/><D61/><REACH who="0" ten="240,250,250,250" step="2"/><U99/><E98/><V18/><F117/><W65/><G39/><T118/><D118/><U122/><E122/><V25/><F1/><W56/><G120/><T9/><D9/><U12/><E99/><V42/><F2/><W36/><G36/><T113/><D113/><U72/><E12/><V66/><F25/><W47/><G114/><T51/><D51/><U102/><E24/><V33/><F6/><W69/><G96/><T0/><D0/><U31/><E26/><V16/><F7/><W129/><G69/><T30/><D30/><U20/><E31/><V130/><F28/><W97/><G97/><T60/><D60/><U5/><E5/><V89/><F130/><W91/><G129/><T4/><D4/><U94/><E22/><V101/><F33/><W54/><G13/><T64/><D64/><U63/><E20/><V62/><F66/><W52/><G65/><T95/><D95/><U78/><E94/><RYUUKYOKU ba="0,1" sc="240,30,250,-10,250,-10,250,-10" hai0="8,15,17,38,40,57,58,79,82,84,86,90,93" />
</Scene>
<Scene>
<INIT seed="0,1,1,0,4,70" ten="270,240,240,240" oya="0" hai0="69,39,18,118,38,86,113,95,19,55,68,49,56" hai1="31,100,44,75,2,47,107,117,57,23,33,110,125" hai2="60,66,58,35,82,109,29,121,6,114,51,67,119" hai3="90,79,131,64,12,134,112,73,71,106,72,127,128"/><T85/><D118/><U93/><E117/><V8/><F119/><W91/><G71/><T104/><D104/><U81/><E107/><V14/><F114/><W41/><G64/><T105/><D105/><U108/><E33/><V62/><F121/><W92/><G106/><T20/><D113/><U5/><E125/><V28/><F109/><N who="1" m="42089" /><E5/><V26/><F51/><W120/><G112/><T45/><D69/><U123/><E2/><V13/><F28/><W27/><G27/><T36/><D68/><U101/><E123/><V111/><F111/><W88/><G120/><T102/><D45/><N who="1" m="17483" /><E93/><V37/><F82/><W74/><G127/><T25/><REACH who="0" step="1"/><D19/><REACH who="0" ten="260,240,240,240" step="2"/><U98/><E31/><V48/><F29/><W97/><G131/><T34/><D34/><U135/><E135/><V21/><F35/><W77/><G128/><T9/><D9/><U3/><E23/><V59/><F21/><W78/><G134/><T133/><D133/><U40/><E57/><V94/><F8/><W24/><G41/><T89/><D89/><U30/><E40/><V130/><F130/><W99/><G91/><T96/><AGARI ba="1,2" hai="18,20,25,36,38,39,49,55,56,85,86,95,96,102" machi="96" ten="40,12000,1" yaku="1,1,0,1,52,3,53,0" doraHai="70" doraHaiUra="10" who="0" fromWho="0" sc="260,143,240,-41,240,-41,240,-41" />
</Scene>
<Scene>
<INIT seed="0,2,0,5,0,11" ten="403,199,199,199" oya="0" hai0="114,39,27,133,73,48,68,101,30,135,95,116,64" hai1="40,76,4,42,74,107,6,87,26,92,7,21,16" hai2="89,5,56,124,128,102,32,44,2,109,99,83,80" hai3="65,55,105,110,131,69,14,49,117,104,43,59,10"/><T86/><D116/><U25/><E107/><V37/><F32/><W0/><G117/><T100/><D73/><U23/><E74/><V118/><F118/><W38/><G0/><T108/><D39/><U127/><E127/><V90/><F124/><W70/><G110/><T79/><D108/><U24/><E24/><V122/><F109/><W123/><G131/><T45/><D114/><U35/><E35/><V3/><F122/><W121/><G104/><T112/><D112/><U31/><REACH who="1" step="1"/><E92/><REACH who="1" ten="403,189,199,199" step="2"/><V22/><F128/><W41/><G105/><T84/><D95/><U60/><E60/><V72/><F72/><W53/><G123/><T71/><D27/><U47/><E47/><V88/><F44/><W106/><G106/><T57/><D45/><U93/><E93/><V78/><F37/><W51/><G121/><T54/><D135/><U134/><E134/><V67/><F99/><W9/><G38/><T19/><D133/><U113/><E113/><V34/><F34/><W50/><G41/><T33/><D33/><U119/><E119/><V36/><F36/><W75/><G43/><T130/><D130/><U94/><E94/><V17/><F102/><W111/><G111/><T28/><D101/><U77/><E77/><V61/><F78/><W20/><G75/><T91/><D100/><U29/><E29/><V52/><F61/><W96/><G96/><T97/><D97/><U1/><E1/><V125/><F2/><W98/><G98/><T115/><D30/><U15/><E15/><V46/><F3/><W132/><G132/><T18/><D28/><U63/><E63/><RYUUKYOKU ba="2,1" sc="403,-10,189,30,199,-10,199,-10" hai1="4,6,7,16,21,23,25,26,31,40,42,76,87" />
</Scene>
<Scene>
<INIT seed="1,3,1,3,4,13" ten="393,219,189,189" oya="1" hai0="22,5,109,21,23,64,103,7,17,96,3,75,84" hai1="43,116,40,61,87,126,41,121,9,37,113,10,125" hai2="32,68,45,127,90,95,133,132,50,119,57,18,79" hai3="12,31,20,62,63,118,78,74,55,94,104,25,131"/><U14/><E121/><V0/><F119/><W108/><G104/><T82/><D75/><U53/><E113/><V52/><F68/><W54/><G118/><T34/><D109/><U46/><E116/><V36/><F32/><W92/><G108/><T98/><D34/><U130/><E130/><V30/><F30/><W48/><G131/><T4/><D3/><U76/><E76/><V128/><F0/><W49/><G12/><T101/><D64/><U73/><E73/><V72/><F128/><W81/><G62/><T110/><D110/><U115/><E115/><V28/><F28/><W102/><G63/><T88/><REACH who="0" step="1"/><D17/><REACH who="0" ten="383,219,189,189" step="2"/><N who="1" m="8399" /><E37/><V80/><F127/><W58/><REACH who="3" step="1"/><G102/><AGARI ba="3,2" hai="4,5,7,21,22,23,82,84,88,96,98,101,102,103" machi="102" ten="40,12000,2" yaku="1,1,8,1,54,1,53,3" doraHai="13" doraHaiUra="2" who="0" fromWho="3" sc="383,149,219,0,189,0,189,-129" />
</Scene>
<Scene>
<INIT seed="2,0,0,0,2,23" ten="532,219,189,60" oya="2" hai0="55,119,67,83,57,86,14,54,60,93,3,91,56" hai1="115,24,124,107,66,102,17,113,65,51,36,77,25" hai2="96,28,27,76,44,37,45,32,26,75,122,130,58" hai3="20,128,40,64,49,74,39,126,43,11,117,0,7"/><V59/><F122/><W82/><G117/><T97/><D3/><U33/><E36/><V41/><F130/><W123/><G123/><T8/><D119/><U116/><E116/><V38/><F96/><W63/><G128/><T134/><D134/><U125/><E77/><V35/><F76/><W112/><G126/><N who="1" m="48746" /><E33/><V120/><F120/><W114/><G49/><T127/><D127/><U105/><E51/><V71/><F75/><W46/><G43/><T19/><REACH who="0" step="1"/><D56/><REACH who="0" ten="522,219,189,60" step="2"/><U31/><E31/><V94/><F71/><W48/><G114/><N who="1" m="43530" /><E17/><V52/><F59/><W92/><G112/><T13/><D13/><U6/><E6/><V135/><F135/><W110/><G7/><T50/><D50/><U22/><E22/><V85/><F38/><W99/><G20/><T80/><D80/><U104/><E102/><AGARI ba="0,1" hai="8,14,19,54,55,57,60,67,83,86,91,93,97,102" machi="102" ten="30,3900,0" yaku="1,1,7,1,8,1,53,0" doraHai="23" doraHaiUra="68" who="0" fromWho="1" sc="522,49,219,-39,189,0,60,0" />
</Scene>
<Scene>
<INIT seed="3,0,0,5,5,9" ten="571,180,189,60" oya="3" hai0="56,93,118,123,96,81,11,104,94,53,100,133,107" hai1="80,3,31,23,41,58,76,12,75,114,73,59,46" hai2="30,40,74,84,132,44,37,95,79,47,101,38,8" hai3="115,82,52,17,89,102,55,20,106,69,66,122,98"/><W36/><G115/><T116/><D123/><U65/><E3/><V112/><F112/><W34/><G122/><T60/><D133/><U103/><E114/><V99/><F132/><W129/><G36/><T2/><D81/><U90/><E103/><V126/><F126/><W14/><G129/><T128/><D94/><U78/><E90/><V4/><F30/><W39/><G39/><T77/><D77/><U108/><E108/><V68/><F84/><W124/><G124/><T87/><D128/><U51/><E65/><V25/><F25/><W1/><G1/><T91/><D107/><U125/><E125/><V57/><F57/><W131/><G131/><T83/><D104/><U64/><E64/><V134/><F134/><W72/><G34/><T29/><D29/><U5/><E31/><V113/><F113/><W45/><G45/><T27/><D27/><U10/><REACH who="1" step="1"/><E23/><REACH who="1" ten="571,170,189,60" step="2"/><V0/><F101/><W33/><G33/><T15/><D2/><U6/><E6/><AGARI ba="0,1" hai="6,11,15,53,56,60,83,87,91,93,96,100,116,118" machi="6" ten="30,2000,0" yaku="7,1,52,1" doraHai="9" who="0" fromWho="1" sc="571,30,170,-20,189,0,60,0" />
</Scene>
<Scene>
<INIT seed="4,0,0,4,4,101" ten="601,150,189,60" oya="0" hai0="65,76,128,75,66,17,94,52,2,82,105,98,1" hai1="70,86,53,4,54,132,91,102,12,131,0,74,95" hai2="39,89,22,134,59,135,61,43,51,84,78,81,20" hai3="6,10,60,58,55,123,133,115,5,35,85,25,49"/><T8/><D105/><U26/><E74/><V32/><F32/><W57/><G115/><T41/><D41/><U71/><E0/><V103/><F39/><W69/><G133/><N who="2" m="50697" /><F103/><W33/><G69/><T13/><D128/><U15/><E132/><V44/><F78/><W114/><G114/><T3/><REACH who="0" step="1"/><D52/><AGARI ba="0,0" hai="20,22,43,44,51,52,59,61,81,84,89" m="50697" machi="52" ten="30,2000,0" yaku="20,1,54,1" doraHai="101" who="2" fromWho="0" sc="601,-20,150,0,189,20,60,0" />
</Scene>
<Scene>
<INIT seed="5,0,0,0,2,106" ten="581,150,209,60" oya="1" hai0="100,40,76,58,72,119,66,34,64,53,60,83,37" hai1="27,28,36,77,45,35,110,68,105,102,9,59,93" hai2="41,0,63,89,17,1,46,95,129,133,94,33,125" hai3="69,127,6,111,42,50,116,22,23,134,57,84,65"/><U99/><E77/><V108/><F108/><W18/><G111/><T55/><D119/><U123/><E123/><V96/><F33/><W24/><G116/><T75/><D34/><U49/><E110/><V132/><F129/><W126/><G134/><N who="2" m="51817" /><F125/><W47/><G6/><T117/><D117/><U88/><E9/><V52/><F17/><W85/><G69/><T38/><D100/><U112/><E112/><V87/><F52/><W81/><G127/><T120/><D120/><U61/><E36/><N who="2" m="21799" /><F63/><W29/><G126/><T122/><D122/><U70/><E105/><V30/><F30/><W62/><REACH who="3" step="1"/><G81/><REACH who="3" ten="581,150,209,50" step="2"/><T114/><D83/><U121/><E121/><V12/><F12/><AGARI ba="0,1" hai="12,18,22,23,24,29,42,47,50,57,62,65,84,85" machi="12" ten="30,7700,0" yaku="1,1,2,1,7,1,8,1,53,0" doraHai="106" doraHaiUra="79" who="3" fromWho="2" sc="581,0,150,0,209,-77,50,87" />
</Scene>
<Scene>
<INIT seed="6,0,0,2,5,39" ten="581,150,132,137" oya="2" hai0="10,14,59,96,47,46,64,34,120,38,15,107,80" hai1="29,121,113,91,6,36,37,28,57,83,41,27,5" hai2="12,44,101,129,23,109,70,126,73,128,98,0,55" hai3="100,106,31,9,99,24,67,76,71,8,111,65,93"/><V54/><F109/><W90/><G111/><T1/><D34/><U86/><E113/><V127/><F0/><W2/><G76/><T62/><D80/><U119/><E119/><V104/><F70/><W22/><G2/><T110/><D120/><U17/><E121/><V123/><F73/><W7/><G71/><T45/><D38/><U116/><E116/><V25/><F12/><W85/><REACH who="3" step="1"/><G7/><REACH who="3" ten="581,150,132,127" step="2"/><T134/><D110/><U3/><E6/><V40/><F123/><W42/><G42/><T51/><D1/><U124/><E41/><V60/><F60/><W135/><G135/><T122/><D134/><U94/><E5/><V114/><F114/><W18/><G18/><T79/><D79/><U102/><E17/><N who="2" m="12527" /><F55/><W13/><G13/><T131/><D15/><U52/><E3/><V105/><F54/><W125/><G125/><N who="2" m="47625" /><F105/><W87/><G87/><T33/><D122/><U112/><E112/><V75/><F75/><W4/><G4/><T89/><D14/><U118/><E118/><V69/><F69/><W35/><G35/><T108/><D108/><U81/><E124/><V30/><F30/><W82/><G82/><T78/><D107/><U92/><E29/><V88/><F88/><W11/><AGARI ba="0,1" hai="8,9,11,22,24,31,65,67,85,90,93,99,100,106" machi="11" ten="30,2000,0" yaku="1,1,0,1,53,0" doraHai="39" doraHaiUra="66" who="3" fromWho="3" sc="581,-5,150,-5,132,-10,127,30" />
</Scene>
<Scene>
<INIT seed="7,0,0,4,1,90" ten="576,145,122,157" oya="3" hai0="61,89,59,106,2,115,24,45,108,123,93,20,78" hai1="84,13,3,95,66,117,0,17,116,56,131,32,4" hai2="52,104,14,54,81,83,134,110,73,113,11,132,128" hai3="94,5,125,65,7,41,55,85,12,72,96,77,121"/><W120/><G72/><T42/><D108/><U126/><E126/><V118/><F110/><W37/><G125/><T122/><D2/><U75/><E75/><V36/><F118/><N who="1" m="45673" /><E32/><V79/><F36/><W28/><G65/><T47/><D78/><U111/><E4/><N who="2" m="3431" /><F104/><W135/><G41/><T87/><D106/><U92/><E111/><V9/><F113/><W82/><G37/><T21/><D47/><U18/><E131/><V58/><F128/><W70/><G70/><T23/><D24/><U133/><E133/><N who="2" m="51307" /><F58/><W67/><G135/><T124/><D124/><U99/><E84/><V74/><F9/><W105/><G105/><T69/><D69/><U15/><E99/><V80/><F80/><W44/><G96/><T109/><D115/><U62/><E3/><V51/><F51/><W97/><G97/><T19/><D109/><U88/><E0/><V43/><F43/><W16/><G82/><T48/><D123/><U112/><E112/><V68/><F68/><W100/><G121/><T57/><D122/><U8/><E88/><V63/><F63/><W130/><G120/><T10/><D61/><U35/><E35/><V102/><F102/><W114/><G100/><T22/><N who="0" m="5120" /><DORA hai="33" /><T127/><D127/><U86/><E86/><V6/><F6/><W39/><G5/><T49/><D49/><U25/><E25/><V29/><F29/><W76/><G7/><T34/><D34/><U91/><E91/><V40/><F40/><W103/><G114/><T129/><D129/><U1/><E1/><V30/><F30/><W107/><G130/><T53/><D42/><RYUUKYOKU ba="0,0" sc="576,10,145,10,122,10,157,-30" hai0="10,19,45,48,53,57,59,87,89,93" hai1="8,13,15,17,18,56,62,66,92,95" hai2="52,54,73,74,79,81,83" owari="586,68.0,155,-4.0,132,-27.0,127,-37.0" />
</Scene>
</mjloggm>