<mjloggm ver="2.3"><GO type="169" lobby="0"/><UN n0="%E2%98%85%E3%81%AA%E3%82%8A%E3%81%BD%E3%81%9F%E2%98%85" n1="%4B%E3%80%82" n2="%41%53%41%50%49%4E" n3="%E8%99%8E%E7%8D%85%E3%81%8F%E3%82%93" dan="17,17,18,16" rate="2170.40,2190.08,2248.65,2130.39" sx="F,M,M,M"/><TAIKYOKU oya="0"/>

<Scene>
<INIT seed="0,0,0,2,5,7" ten="250,250,250,250" oya="0" hai0="13,115,106,6,2,61,122,84,39,133,9,118,8" hai1="19,27,36,24,49,0,80,44,104,12,5,89,101" hai2="25,31,105,55,73,77,76,90,63,17,41,109,45" hai3="28,132,20,69,117,95,51,79,85,114,126,59,111"/><T86/><D115/><U71/><E71/><V58/><F109/><W56/><G114/><T35/><D118/><U119/><E119/><V48/><F73/><W37/><G37/><T16/><D122/><U110/><E110/><V74/><F74/><W107/><G107/><T75/><D75/><U98/><E36/><V53/><F105/><W135/><G69/><T128/><D106/><U87/><E5/><V67/><F17/><W125/><G117/><T102/><D102/><U60/><E60/><V32/><REACH who="2" step="1"/><F90/><REACH who="2" ten="250,250,240,250" step="2"/><N who="3" m="53711" /><G111/><T97/><D16/><U40/><REACH who="1" step="1"/><E0/><REACH who="1" ten="250,240,240,250" step="2"/><V29/><F29/><W108/><G108/><T120/><D2/><U38/><E38/><V113/><F113/><W88/><G28/><T134/><D39/><U42/><E42/><V62/><F62/><W33/><G126/><T26/><D61/><U21/><AGARI ba="0,2" hai="12,19,21,24,27,40,44,49,80,87,89,98,101,104" machi="21" ten="20,2700,0" yaku="1,1,0,1,7,1,53,0" doraHai="7" doraHaiUra="72" who="1" fromWho="1" sc="250,-13,240,47,240,-7,250,-7" />
</Scene>
<Scene>
<INIT seed="1,0,0,2,2,86" ten="237,287,233,243" oya="1" hai0="112,56,48,76,8,128,118,133,89,58,72,6,106" hai1="77,81,131,134,44,113,41,115,2,79,39,70,26" hai2="88,83,135,68,61,16,52,94,32,3,82,21,124" hai3="4,98,54,102,35,66,96,33,126,57,60,125,43"/><U92/><E70/><V90/><F32/><W107/><G4/><T132/><D112/><U28/><E2/><V46/><F3/><W120/><G120/><T31/><D118/><U87/><E134/><N who="0" m="51817" /><D106/><U5/><E131/><V74/><F74/><W15/><G43/><T80/><D128/><U64/><E64/><V116/><F135/><W121/><G121/><T100/><D100/><U114/><E5/><V111/><F116/><W27/><G27/><T65/><D31/><U12/><E12/><N who="2" m="9351" /><F68/><W104/><G15/><N who="0" m="5527" /><D65/><U29/><E77/><V67/><F124/><N who="3" m="47723" /><G98/><T42/><D89/><N who="2" m="34410" /><F67/><W0/><G0/><T69/><D69/><U73/><E73/><V101/><F111/><W34/><G66/><T103/><D103/><U23/><E113/><V59/><F46/><AGARI ba="0,0" hai="42,46,48,56,58,72,76,80" m="5527,51817" machi="46" ten="30,1000,0" yaku="20,1" doraHai="86" who="0" fromWho="2" sc="237,10,287,0,233,-10,243,0" />
</Scene>
<Scene>
<INIT seed="2,0,0,2,1,54" ten="247,287,223,243" oya="2" hai0="73,43,103,92,36,40,123,131,58,111,62,50,49" hai1="107,119,60,128,112,13,77,38,26,2,34,61,109" hai2="39,130,63,32,29,37,88,89,23,90,46,104,24" hai3="33,75,71,7,97,12,116,41,55,56,8,114,45"/><V30/><F104/><W120/><G116/><T74/><D123/><U3/><E119/><V66/><F130/><W68/><G120/><T22/><D36/><U25/><E112/><V70/><F30/><W31/><G75/><T126/><D131/><U81/><E107/><V102/><F102/><W18/><G114/><T135/><D135/><U59/><E128/><V57/><F32/><W19/><G33/><T100/><D126/><U83/><E38/><V133/><F133/><W84/><G31/><T35/><D35/><U76/><E109/><V65/><F65/><W14/><G7/><T110/><D22/><U20/><E34/><V118/><F118/><W106/><G84/><T93/><D62/><U72/><E13/><V105/><F105/><W99/><G99/><T48/><D48/><U94/><E94/><V86/><F86/><W98/><G98/><T44/><D44/><U125/><E125/><V15/><F70/><W10/><G45/><T95/><REACH who="0" step="1"/><D93/><REACH who="0" ten="237,287,223,243" step="2"/><U0/><E20/><V17/><REACH who="2" step="1"/><F46/><REACH who="2" ten="237,287,213,243" step="2"/><W122/><G122/><T85/><D85/><U47/><E47/><V79/><F79/><W82/><G82/><T78/><D78/><U64/><E77/><V16/><F16/><W124/><G124/><T91/><D91/><U1/><E81/><V80/><F80/><W127/><G127/><T115/><D115/><U69/><N who="1" m="0" /><DORA hai="51" /><U117/><REACH who="1" step="1"/><E117/><REACH who="1" ten="237,277,213,243" step="2"/><V121/><F121/><W6/><G106/><T53/><D53/><AGARI ba="0,3" hai="25,26,53,59,60,61,64,69,72,76,83" m="0" machi="53" ten="70,8000,1" yaku="1,1,2,1,52,2,53,0" doraHai="54,51" doraHaiUra="5,129" who="1" fromWho="0" sc="237,-80,277,110,213,0,243,0" />
</Scene>
<Scene>
<INIT seed="3,0,0,4,0,54" ten="157,387,213,243" oya="3" hai0="132,59,72,113,62,68,71,125,1,50,95,43,115" hai1="105,119,19,117,14,126,49,24,10,102,84,129,48" hai2="26,99,101,110,40,17,87,85,122,89,66,51,96" hai3="33,18,74,100,21,82,131,31,124,58,73,9,109"/><W20/><G33/><T56/><D72/><U60/><E129/><V22/><F110/><W46/><G131/><T130/><D1/><U61/><E126/><V83/><F122/><W12/><G124/><T116/><D130/><U121/><E121/><V118/><F118/><W107/><G109/><T16/><D125/><U127/><E127/><V134/><F134/><W77/><G74/><T120/><D116/><U28/><E84/><V45/><F101/><W34/><G34/><T135/><D120/><U75/><E75/><V65/><F65/><W42/><G31/><T98/><D43/><U55/><E105/><V81/><REACH who="2" step="1"/><F66/><REACH who="2" ten="157,387,203,243" step="2"/><W94/><G107/><T80/><D132/><U70/><E102/><V0/><F0/><W53/><G100/><N who="0" m="60511" /><D135/><U106/><E119/><V8/><F8/><W6/><G9/><T15/><D71/><U57/><E117/><V76/><AGARI ba="0,1" hai="17,22,26,40,45,51,76,81,83,85,87,89,96,99" machi="76" ten="20,8000,1" yaku="1,1,0,1,7,1,8,1,53,1" doraHai="54" doraHaiUra="86" who="2" fromWho="2" sc="157,-20,387,-20,203,90,243,-40" />
</Scene>
<Scene>
<INIT seed="4,0,0,1,3,74" ten="137,367,293,203" oya="0" hai0="129,96,99,34,90,13,127,126,36,6,26,78,61" hai1="66,71,58,111,33,60,133,120,115,24,105,89,130" hai2="124,64,40,72,110,97,30,91,31,37,79,1,21" hai3="121,10,132,4,39,119,29,54,15,22,17,20,88"/><T103/><D36/><U7/><E111/><V81/><F110/><W80/><G119/><T16/><D129/><U117/><E120/><V18/><F1/><W102/><G39/><T70/><D6/><U116/><E130/><V44/><F124/><N who="0" m="47658" /><D90/><U68/><E133/><V86/><F64/><W83/><G121/><T82/><D26/><U32/><E7/><V123/><F97/><W134/><G102/><T2/><D2/><U14/><E115/><V107/><F107/><W8/><G54/><T106/><D34/><U65/><E14/><V92/><REACH who="2" step="1"/><F123/><REACH who="2" ten="137,367,283,203" step="2"/><W75/><G132/><T57/><D70/><U122/><E105/><V113/><F113/><W11/><G134/><T87/><D106/><U67/><E122/><V98/><F98/><W19/><G4/><T5/><D5/><U77/><E67/><V85/><F85/><W23/><G75/><T51/><D103/><U135/><E135/><V95/><F95/><W104/><G104/><T42/><D42/><U108/><E108/><V45/><F45/><W128/><G128/><T93/><D93/><U84/><E68/><V125/><F125/><W25/><G83/><T48/><D99/><U49/><E71/><V35/><F35/><W109/><G109/><T43/><D96/><U62/><E33/><V55/><F55/><W69/><G69/><T3/><D43/><U59/><E66/><V100/><F100/><W41/><G41/><T52/><D3/><U0/><E0/><V114/><F114/><W73/><G73/><T53/><D53/><U101/><E101/><V9/><F9/><AGARI ba="0,1" hai="9,13,16,48,51,52,57,61,78,82,87" m="47658" machi="9" ten="30,11600,0" yaku="18,1,52,1,54,2" doraHai="74" who="0" fromWho="2" sc="137,126,367,0,283,-116,203,0" />
</Scene>
<Scene>
<INIT seed="4,1,0,1,3,28" ten="263,367,167,203" oya="0" hai0="101,53,77,51,24,40,41,68,99,125,33,92,3" hai1="8,20,88,106,124,54,48,32,95,75,1,123,114" hai2="64,55,89,119,49,128,109,85,4,12,7,58,29" hai3="62,38,81,107,14,98,2,17,39,34,96,82,103"/><T15/><D3/><U60/><E123/><V63/><F109/><W93/><G2/><T116/><D116/><U22/><E106/><V102/><F119/><W5/><G5/><T23/><D68/><U31/><E75/><V61/><F128/><W45/><G62/><T131/><D131/><U90/><E124/><V71/><F102/><W105/><G34/><T46/><D125/><U86/><E32/><V47/><F12/><W21/><G107/><T108/><D108/><U69/><E114/><V43/><REACH who="2" step="1"/><F29/><REACH who="2" ten="263,367,157,203" step="2"/><W127/><G127/><T122/><D122/><U52/><E31/><V91/><F91/><W133/><G133/><T126/><D126/><U11/><E1/><V19/><F19/><W110/><G110/><T27/><D77/><U113/><E113/><V94/><AGARI ba="1,1" hai="4,7,43,47,49,55,58,61,63,64,71,85,89,94" machi="94" ten="20,2700,0" yaku="1,1,0,1,7,1,53,0" doraHai="28" doraHaiUra="104" who="2" fromWho="2" sc="263,-14,367,-8,157,40,203,-8" />
</Scene>
<Scene>
<INIT seed="5,0,0,0,1,117" ten="249,359,197,195" oya="1" hai0="59,67,104,22,119,132,85,97,76,38,94,122,74" hai1="21,109,39,63,5,1,14,57,47,9,120,70,31" hai2="89,45,91,12,134,64,78,56,75,124,8,49,27" hai3="48,44,30,73,90,102,99,108,17,3,53,128,84"/><U61/><E120/><V118/><F118/><W33/><G108/><T121/><D119/><U16/><E109/><V95/><F134/><W123/><G73/><T35/><D35/><U103/><E103/><V19/><F124/><W55/><G3/><T36/><D132/><U60/><E70/><V98/><F75/><W42/><G123/><N who="0" m="47115" /><D74/><U126/><E126/><V127/><F78/><W106/><G128/><T80/><D104/><U23/><E31/><V52/><F127/><W71/><G71/><T4/><D4/><U72/><E72/><V46/><F64/><W41/><G33/><T79/><D76/><U92/><E92/><V65/><F65/><W131/><G30/><T26/><D59/><U58/><REACH who="1" step="1"/><E23/><REACH who="1" ten="249,349,197,195" step="2"/><V54/><F95/><W105/><G106/><T115/><D115/><U2/><E2/><V62/><F98/><W81/><G131/><T10/><D10/><U43/><AGARI ba="0,1" hai="1,5,9,14,16,21,39,43,47,57,58,60,61,63" machi="43" ten="30,6000,0" yaku="1,1,0,1,54,1,53,0" doraHai="117" doraHaiUra="93" who="1" fromWho="1" sc="249,-20,349,70,197,-20,195,-20" />
</Scene>
<Scene>
<INIT seed="5,1,0,4,4,131" ten="229,419,177,175" oya="1" hai0="95,103,74,66,84,100,70,38,81,16,12,15,80" hai1="62,133,50,1,14,19,132,96,58,97,40,104,67" hai2="24,63,105,48,122,9,7,26,30,128,68,65,93" hai3="119,83,79,13,5,129,106,75,27,111,71,22,134"/><U90/><E1/><V92/><F122/><W64/><G111/><T39/><D70/><U78/><E78/><V112/><F105/><W107/><G129/><T54/><D66/><U20/><E104/><V34/><F128/><W115/><G115/><T124/><D124/><U77/><E77/><V89/><F112/><W29/><G119/><T73/><D16/><U32/><E32/><V108/><F108/><W0/><G13/><T55/><D95/><U69/><E90/><V17/><F89/><W102/><G102/><T6/><REACH who="0" step="1"/><D84/><REACH who="0" ten="219,419,177,175" step="2"/><U87/><E87/><V116/><F93/><W109/><G109/><T44/><D44/><N who="1" m="25863" /><E69/><V18/><F92/><W59/><G107/><T135/><D135/><AGARI ba="1,1" hai="14,19,20,58,62,67,96,97,132,133,135" m="25863" machi="135" ten="30,11600,0" yaku="20,1,52,3" doraHai="131" who="1" fromWho="0" sc="219,-119,419,129,177,0,175,0" />
</Scene>
<Scene>
<INIT seed="5,2,0,1,5,117" ten="100,548,177,175" oya="1" hai0="103,14,47,134,52,69,78,30,90,15,39,56,34" hai1="131,100,48,40,97,63,94,102,10,53,20,126,129" hai2="59,68,8,2,3,107,57,86,18,46,109,42,115" hai3="112,24,21,51,70,11,29,119,104,25,110,85,96"/><U74/><E74/><V19/><F109/><W12/><G110/><T36/><D69/><U32/><E32/><V116/><F116/><W118/><G112/><T135/><D103/><U71/><E126/><V123/><F68/><W17/><G118/><T13/><D78/><U26/><E100/><V79/><F107/><W111/><G111/><T99/><D47/><U54/><E10/><V125/><F123/><W101/><G119/><T122/><D122/><U114/><E114/><V121/><F121/><W105/><G70/><T7/><D7/><U95/><E95/><V120/><F120/><W37/><G37/><T80/><D30/><U65/><E40/><V49/><F115/><W33/><G85/><N who="0" m="50471" /><D34/><U31/><REACH who="1" step="1"/><E48/><REACH who="1" ten="100,538,177,175" step="2"/><V132/><F49/><W72/><G72/><T75/><D75/><U84/><E84/><V92/><F86/><W106/><G51/><N who="0" m="30751" /><D99/><U73/><E73/><V77/><F125/><W28/><AGARI ba="2,1" hai="11,12,17,21,24,25,28,29,33,96,101,104,105,106" machi="28" ten="20,1500,0" yaku="0,1,7,1" doraHai="117" who="3" fromWho="3" sc="100,-6,538,-9,177,-6,175,31" />
</Scene>
<Scene>
<INIT seed="6,0,0,0,2,90" ten="94,529,171,206" oya="2" hai0="129,113,11,74,131,14,125,69,127,116,76,37,106" hai1="39,53,95,84,25,72,40,111,6,63,18,60,26" hai2="50,87,124,66,92,28,89,29,10,68,1,62,78" hai3="117,17,126,96,15,48,54,135,71,83,94,134,80"/><V34/><F34/><W19/><G117/><T98/><D69/><U56/><E111/><V35/><F35/><W70/><G126/><N who="0" m="48139" /><D37/><U121/><E72/><V99/><F124/><W55/><G48/><T108/><D108/><U2/><E121/><V58/><F1/><W86/><G96/><T64/><D64/><U97/><E84/><V47/><F68/><W27/><G86/><T51/><D51/><U77/><E77/><V30/><F10/><W67/><G27/><T105/><D116/><U82/><E82/><N who="2" m="47575" /><F30/><W81/><G67/><T109/><D109/><U7/><E2/><V31/><F31/><W4/><G15/><T22/><D22/><N who="1" m="13527" /><E39/><V59/><F59/><W21/><G21/><T79/><D74/><U16/><E40/><AGARI ba="0,0" hai="28,29,40,47,50,58,62,66,89,92,99" m="47575" machi="40" ten="30,2900,0" yaku="8,1,52,1" doraHai="90" who="2" fromWho="1" sc="94,0,529,-29,171,29,206,0" />
</Scene>
<Scene>
<INIT seed="6,1,0,1,4,92" ten="94,500,200,206" oya="2" hai0="59,79,5,111,63,50,32,90,135,36,99,69,107" hai1="116,118,132,53,41,52,9,0,113,120,127,19,8" hai2="48,81,123,30,100,122,51,98,129,47,11,16,40" hai3="109,133,7,12,4,35,76,34,86,131,54,56,70"/><V72/><F129/><W67/><G109/><T28/><D111/><U124/><E120/><V102/><F102/><W64/><G70/><T58/><D36/><U114/><E41/><V128/><F128/><W44/><G131/><T45/><D79/><U55/><E132/><V108/><F108/><W57/><G44/><T26/><D135/><U112/><E19/><V84/><F72/><W103/><G103/><N who="0" m="62975" /><D5/><N who="1" m="1063" /><E9/><V21/><F30/><W23/><G35/><T89/><D59/><U38/><E38/><V126/><F126/><AGARI ba="1,0" hai="52,53,55,112,113,114,116,118,124,126,127" m="1063" machi="126" ten="40,5200,0" yaku="15,1,18,1,54,1" doraHai="92" who="1" fromWho="2" sc="94,0,500,55,200,-55,206,0" />
</Scene>
<Scene>
<INIT seed="7,0,0,4,0,126" ten="94,555,145,206" oya="3" hai0="99,71,132,69,37,23,7,18,8,76,11,39,118" hai1="24,17,10,52,72,12,61,104,112,62,133,50,111" hai2="115,79,83,48,119,101,95,56,98,121,73,87,55" hai3="70,67,4,116,38,113,25,128,129,122,103,27,74"/><W36/><G116/><T107/><D76/><U3/><E104/><V28/><F119/><W33/><G122/><T58/><D118/><U127/><E111/><V82/><F121/><W14/><G74/><T5/><D18/><U92/><E72/><V125/><F125/><W97/><G113/><T134/><D23/><U117/><E112/><V1/><F115/><W84/><G84/><T81/><D81/><U40/><E117/><V51/><F1/><W41/><G67/><T124/><D107/><U91/><E127/><V29/><F51/><W130/><G70/><T34/><D124/><U57/><E133/><V44/><F44/><N who="3" m="23591" /><G38/><T49/><D34/><U78/><E78/><AGARI ba="0,0" hai="28,29,48,55,56,73,78,79,82,83,87,95,98,101" machi="78" ten="30,1000,0" yaku="7,1" doraHai="126" who="2" fromWho="1" sc="94,0,555,-10,145,10,206,0" owari="94,-41.0,545,64.0,155,-24.0,206,1.0" />
</Scene>
</mjloggm>