<mjloggm ver="2.3"><GO type="169" lobby="0"/><UN n0="%41%53%41%50%49%4E" n1="%43%4F%52%41%4C" n2="%E3%80%93%E6%9D%BE%E4%BA%95%EF%BC%A3%EF%BC%B3%E3%80%93" n3="%6D%65%24%6F" dan="18,17,17,16" rate="2267.50,2119.78,2159.39,2087.63" sx="M,M,M,M"/><TAIKYOKU oya="0"/>

<Scene>
<INIT seed="0,0,0,4,2,97" ten="250,250,250,250" oya="0" hai0="6,40,52,74,85,17,87,56,12,39,49,88,9" hai1="76,104,58,26,54,80,75,27,60,21,94,59,10" hai2="55,116,83,67,72,25,41,117,90,33,110,103,113" hai3="7,102,64,99,63,28,42,32,114,46,96,134,38"/><T43/><D74/><U23/><E104/><V122/><F122/><W31/><G114/><T30/><D39/><U132/><E10/><V36/><F113/><W111/><G111/><T118/><D118/><U8/><E8/><V112/><F112/><W123/><G123/><T14/><D30/><U125/><E125/><V126/><F110/><W92/><G134/><T77/><D77/><U73/><E73/><V20/><F126/><W61/><G7/><T69/><D69/><U81/><E132/><V47/><F33/><W131/><G131/><T82/><D85/><U11/><E11/><AGARI ba="0,0" hai="6,9,11,12,14,17,40,43,49,52,56,82,87,88" machi="11" ten="30,11600,0" yaku="7,1,8,1,54,2" doraHai="97" who="0" fromWho="1" sc="250,116,250,-116,250,0,250,0" />
</Scene>
<Scene>
<INIT seed="0,1,0,1,0,116" ten="366,134,250,250" oya="0" hai0="63,117,7,104,130,69,1,33,124,135,102,75,99" hai1="41,120,70,105,14,115,50,48,2,19,68,45,54" hai2="57,0,77,122,58,52,79,24,28,118,13,106,59" hai3="11,123,8,101,72,114,88,95,73,15,103,83,132"/><T61/><RYUUKYOKU type="yao9" ba="1,0" sc="366,0,134,0,250,0,250,0" hai0="1,7,33,61,63,69,75,99,102,104,117,124,130,135" />
</Scene>
<Scene>
<INIT seed="0,2,0,1,1,135" ten="366,134,250,250" oya="0" hai0="77,19,2,92,63,133,121,106,10,15,129,97,49" hai1="103,126,13,132,82,45,37,18,87,117,125,4,73" hai2="34,80,31,53,20,104,3,109,27,11,58,130,62" hai3="93,8,86,111,119,7,29,35,100,24,46,0,32"/><T83/><D121/><U5/><E117/><V75/><F109/><W1/><G119/><T60/><D133/><U113/><E132/><V26/><F130/><W59/><G111/><T65/><D106/><U56/><E103/><V110/><F110/><W89/><G100/><T16/><D129/><U74/><E113/><V131/><F131/><W115/><G115/><T123/><D123/><U30/><E30/><V71/><F104/><W122/><G122/><T21/><D49/><U66/><E74/><V22/><F71/><W81/><G35/><T76/><D2/><U52/><E73/><V79/><F3/><W9/><G46/><T55/><D55/><U6/><E66/><V54/><F11/><W17/><G59/><N who="0" m="37023" /><D83/><U42/><E82/><V67/><F34/><W23/><G81/><T40/><D40/><U61/><REACH who="1" step="1"/><E87/><REACH who="1" ten="366,124,250,250" step="2"/><V116/><F116/><W12/><G0/><T36/><D97/><U112/><E112/><V94/><F94/><W14/><G1/><T108/><D92/><U48/><E48/><V134/><F134/><W47/><G32/><T38/><D108/><U105/><E105/><V28/><AGARI ba="2,1" hai="20,22,26,27,28,31,53,54,58,62,67,75,79,80" machi="28" ten="20,2700,0" yaku="0,1,7,1,9,1" doraHai="135" who="2" fromWho="2" sc="366,-15,124,-9,250,43,250,-9" />
</Scene>
<Scene>
<INIT seed="1,0,0,0,1,29" ten="351,115,293,241" oya="1" hai0="110,124,86,69,101,2,4,130,100,15,98,119,56" hai1="106,36,102,11,43,25,6,20,121,129,51,39,52" hai2="96,66,30,24,109,120,123,132,13,99,126,114,88" hai3="42,112,97,5,67,9,41,49,135,92,128,16,37"/><U116/><E121/><V33/><F109/><W71/><G112/><T35/><D119/><U28/><E116/><V12/><F114/><W82/><G135/><T63/><D69/><U23/><E129/><V18/><F132/><W103/><G37/><T87/><D130/><U108/><E108/><V61/><F126/><W77/><G128/><T50/><D110/><U89/><E43/><V93/><F99/><W31/><G31/><T78/><D2/><U64/><E64/><V60/><F60/><W46/><G71/><T22/><D35/><U95/><E106/><V3/><F3/><W125/><G125/><T134/><D134/><U14/><E23/><V21/><F12/><W65/><G41/><T79/><D50/><U94/><E102/><V53/><F53/><W54/><G54/><T76/><D124/><U107/><E107/><V17/><F17/><W48/><G48/><T115/><D115/><U118/><E118/><V57/><AGARI ba="0,0" hai="13,18,21,24,30,33,57,61,66,88,93,96,120,123" machi="57" ten="20,5200,0" yaku="0,1,7,1,52,1,54,1" doraHai="29" who="2" fromWho="2" sc="351,-13,115,-26,293,52,241,-13" />
</Scene>
<Scene>
<INIT seed="2,0,0,2,5,79" ten="338,89,345,228" oya="2" hai0="78,61,119,91,89,66,44,64,67,53,94,129,124" hai1="134,37,92,109,132,116,34,112,98,123,9,38,83" hai2="0,18,110,76,41,25,69,27,26,50,59,7,103" hai3="117,21,122,115,118,14,96,48,42,29,100,58,95"/><V105/><F69/><W36/><G122/><T73/><D129/><U4/><E34/><V6/><F0/><W101/><G36/><T93/><D124/><U81/><E116/><V75/><F110/><W90/><G115/><T60/><D119/><U19/><E112/><V2/><F2/><W74/><G74/><T23/><D78/><U40/><E123/><V80/><F18/><W108/><G108/><T11/><D73/><U68/><E68/><V135/><F135/><N who="1" m="51753" /><E19/><V99/><REACH who="2" step="1"/><F59/><REACH who="2" ten="338,89,335,228" step="2"/><W17/><G117/><T13/><D11/><U10/><E109/><V128/><F128/><W84/><G118/><T130/><D130/><U131/><E131/><V33/><F33/><W85/><G58/><T39/><D64/><U5/><E10/><V51/><F51/><W111/><G111/><T32/><D67/><U8/><E8/><V46/><AGARI ba="0,1" hai="6,7,25,26,27,41,46,50,75,76,80,99,103,105" machi="46" ten="30,6000,0" yaku="1,1,0,1,52,1,53,0" doraHai="79" doraHaiUra="127" who="2" fromWho="2" sc="338,-20,89,-20,335,70,228,-20" />
</Scene>
<Scene>
<INIT seed="2,1,0,2,1,69" ten="318,69,405,208" oya="2" hai0="12,91,134,127,90,23,18,117,24,126,107,39,2" hai1="130,45,32,120,1,57,46,59,73,96,49,48,84" hai2="16,70,79,19,104,58,81,99,113,20,54,89,86" hai3="13,53,98,68,60,74,109,85,43,35,71,28,52"/><V34/><F34/><W78/><G74/><T55/><D2/><U114/><E73/><V112/><F70/><W9/><G109/><T62/><D107/><U38/><E1/><V14/><F19/><W3/><G3/><T110/><D110/><U133/><E32/><V8/><F8/><W4/><G43/><T30/><D134/><U124/><E96/><V10/><F10/><W122/><G122/><T108/><D108/><U106/><E106/><V64/><F64/><W77/><G98/><T115/><D115/><U21/><E21/><V15/><F15/><W41/><G41/><T121/><D121/><U125/><E84/><V11/><F11/><W7/><G7/><T25/><D117/><U103/><E103/><V42/><F42/><W67/><G71/><T97/><D39/><U135/><E120/><V93/><REACH who="2" step="1"/><F104/><REACH who="2" ten="318,69,395,208" step="2"/><W44/><G35/><N who="0" m="20935" /><D12/><U27/><E27/><V80/><F80/><W29/><G53/><T22/><D18/><U50/><E114/><V129/><F129/><W40/><G40/><T47/><D55/><U95/><E95/><V131/><F131/><W87/><G29/><T92/><D25/><U36/><E50/><AGARI ba="1,1" hai="14,16,20,50,54,58,79,81,86,89,93,99,112,113" machi="50" ten="30,11600,0" yaku="1,1,7,1,54,1,53,1" doraHai="69" doraHaiUra="82" who="2" fromWho="1" sc="318,0,69,-119,395,129,208,0" owari="318,12.0,-50,-55.0,524,62.0,208,-19.0" />
</Scene>
</mjloggm>