<mjloggm ver="2.3"><GO type="169"/><UN n0="%41%53%41%50%49%4E" n1="%E6%B5%9C%E6%B4%8B%E4%B8%80%E6%9C%97" n2="%E3%81%B6%E3%81%A1%E3%82%83%E3%82%89%E3%81%A6%E3%81%83" n3="%E3%81%B9%E3%81%A3%E3%81%93%E3%83%BC%E2%99%AA" dan="18,16,16,17" rate="2190,2038,2074,2163" sx="M,F,F,F"/><TAIKYOKU oya="0"/>

<Scene>
<INIT seed="0,0,0,1,1,88" ten="250,250,250,250" oya="0" hai0="38,2,100,16,83,85,20,56,26,6,121,132,52" hai1="130,112,104,108,107,123,24,129,14,87,90,47,127" hai2="25,30,27,68,91,15,19,122,124,0,96,98,93" hai3="117,64,58,92,42,17,40,45,119,48,111,31,53"/><T9/><D121/><U43/><E24/><V1/><F122/><W89/><G31/><T78/><D132/><U73/><E123/><V49/><F68/><W113/><G113/><T133/><D133/><U70/><E70/><V10/><F124/><W79/><G79/><T39/><REACH who="0" step="1"/><D100/><REACH who="0" ten="240,250,250,250" step="2"/><U23/><E112/><V7/><F1/><W120/><G120/><T4/><D4/><U115/><E115/><V18/><F0/><W54/><G119/><T71/><D71/><U118/><E118/><V61/><F7/><W63/><G117/><T34/><D34/><U29/><E127/><V97/><F30/><W65/><G111/><T86/><D86/><U102/><E87/><V101/><F19/><W114/><G114/><T131/><D131/><U72/><E29/><V46/><F101/><W62/><G17/><T37/><D37/><U76/><E102/><V32/><F32/><W44/><G89/><T51/><AGARI ba="0,1" hai="2,6,9,16,20,26,38,39,51,52,56,78,83,85" machi="51" ten="20,18000,2" yaku="1,1,0,1,7,1,54,2,53,1" doraHai="88" doraHaiUra="75" who="0" fromWho="0" sc="240,190,250,-60,250,-60,250,-60" />
</Scene>
<Scene>
<INIT seed="0,1,0,3,4,26" ten="430,190,190,190" oya="0" hai0="93,30,59,60,40,4,125,97,51,101,81,124,13" hai1="102,55,25,56,129,49,17,117,35,75,29,16,82" hai2="72,11,74,3,135,114,111,14,63,48,103,64,2" hai3="94,67,118,42,7,18,83,88,24,134,105,116,8"/><T54/><D81/><U77/><E117/><V96/><F114/><W87/><G105/><T71/><D4/><U53/><E129/><V113/><F113/><W109/><G134/><T32/><D13/><U15/><E102/><V68/><F135/><W10/><G109/><T44/><REACH who="0" step="1"/><D71/><REACH who="0" ten="420,190,190,190" step="2"/><U34/><E15/><V66/><F68/><W43/><G7/><T98/><D98/><U126/><E126/><V73/><F96/><W58/><G118/><T95/><D95/><U39/><E82/><V130/><F14/><W106/><G94/><T112/><D112/><U62/><E25/><AGARI ba="1,1" hai="25,30,32,40,44,51,54,59,60,93,97,101,124,125" machi="25" ten="40,7700,0" yaku="1,1,52,1,53,1" doraHai="26" doraHaiUra="57" who="0" fromWho="1" sc="420,90,190,-80,190,0,190,0" />
</Scene>
<Scene>
<INIT seed="0,2,0,4,5,48" ten="510,110,190,190" oya="0" hai0="84,4,97,79,112,26,130,1,55,87,70,49,128" hai1="9,122,102,23,73,132,18,131,56,120,53,101,40" hai2="13,80,27,118,59,6,44,63,62,110,67,121,107" hai3="47,25,17,103,30,3,134,69,65,10,5,123,52"/><T16/><D70/><U109/><E73/><V46/><F121/><W104/><G123/><T100/><D112/><U35/><E35/><V95/><F107/><W106/><G134/><T29/><D4/><U28/><E132/><V135/><F110/><W66/><G17/><T129/><D1/><U19/><E109/><V77/><F135/><W108/><G108/><T89/><D79/><U92/><E131/><V91/><F27/><W24/><G103/><T117/><D117/><U45/><E120/><V14/><F63/><W82/><G82/><T20/><D29/><U94/><E122/><V7/><F7/><W105/><G25/><T74/><D74/><U125/><E125/><V22/><F14/><W61/><G66/><T33/><D33/><U133/><E133/><V86/><F118/><W98/><G98/><T64/><D64/><U37/><E101/><V72/><REACH who="2" step="1"/><F22/><REACH who="2" ten="510,110,180,190" step="2"/><W60/><G105/><N who="0" m="63631" /><D89/><U127/><E127/><V115/><F115/><W50/><G61/><T78/><D78/><U116/><E116/><V43/><F43/><W99/><G99/><T58/><AGARI ba="2,1" hai="16,20,26,49,55,58,84,87,128,129,130" m="63631" machi="58" ten="30,6000,0" yaku="19,1,52,1,54,1" doraHai="48" who="0" fromWho="0" sc="510,76,110,-22,180,-22,190,-22" />
</Scene>
<Scene>
<INIT seed="0,3,0,0,3,62" ten="586,88,158,168" oya="0" hai0="6,16,90,124,114,107,43,91,63,44,103,14,40" hai1="45,106,86,66,84,15,97,48,131,29,31,58,49" hai2="99,56,60,61,96,69,113,11,51,109,129,72,34" hai3="3,27,7,24,1,98,88,57,120,23,71,42,127"/><T101/><D114/><U39/><E131/><V64/><F113/><W108/><G71/><T89/><D124/><U125/><E125/><V134/><F72/><W10/><G108/><T20/><D107/><U19/><E39/><V100/><F34/><W59/><G120/><T37/><D43/><U82/><E106/><V85/><F109/><W126/><G42/><T111/><D111/><U78/><E97/><V8/><F129/><W94/><G1/><T17/><D6/><U47/><E84/><V87/><F51/><W54/><G59/><T80/><D80/><U118/><E118/><V28/><F28/><N who="1" m="10825" /><E49/><V32/><F32/><W104/><G27/><T22/><REACH who="0" step="1"/><D63/><REACH who="0" ten="576,88,158,168" step="2"/><N who="1" m="38263" /><E48/><V117/><F117/><W25/><G104/><T105/><D105/><U68/><E68/><V2/><F69/><W83/><G126/><T55/><D55/><U112/><E112/><V95/><F61/><W35/><G54/><T41/><D41/><U9/><AGARI ba="3,1" hai="9,15,19,45,47,78,82,86" m="38263,10825" machi="9" ten="30,2000,0" yaku="8,1,52,1" doraHai="62" who="1" fromWho="1" sc="576,-13,88,39,158,-8,168,-8" />
</Scene>
<Scene>
<INIT seed="1,0,0,4,1,99" ten="563,127,150,160" oya="1" hai0="63,23,83,68,0,80,46,75,53,71,28,56,127" hai1="58,7,123,60,130,4,2,22,85,116,37,86,117" hai2="3,101,104,6,65,30,47,120,113,24,8,109,29" hai3="77,36,119,18,129,31,74,16,96,97,57,69,67"/><U25/><E123/><V66/><F120/><W48/><G119/><T11/><D127/><U98/><E37/><V132/><F109/><W14/><G36/><T128/><D128/><U51/><E130/><V87/><F132/><W44/><G69/><T133/><D133/><U100/><E51/><V40/><F87/><W125/><G31/><T88/><D75/><U42/><E42/><V134/><F134/><W111/><G125/><T107/><D107/><U43/><E43/><V62/><F113/><W17/><G111/><T81/><D46/><U59/><E59/><V19/><F19/><W112/><G77/><T91/><D0/><U78/><E116/><V93/><F104/><W106/><G74/><T26/><D11/><U126/><E126/><V72/><F72/><W49/><G106/><T34/><D34/><U90/><E78/><V114/><F114/><W110/><G110/><T21/><D21/><U54/><E117/><V122/><F122/><W73/><G73/><T121/><D121/><U32/><E32/><V20/><F30/><W35/><G35/><T92/><D91/><U124/><E124/><V52/><F52/><N who="3" m="31887" /><G67/><T50/><D50/><U84/><E2/><V70/><F70/><W118/><G112/><T33/><D33/><U102/><E90/><V64/><F40/><N who="3" m="24583" /><G118/><T38/><D38/><U12/><E12/><V94/><F47/><W76/><G76/><T115/><D115/><U5/><E98/><N who="3" m="37994" /><G129/><T105/><D105/><U10/><REACH who="1" step="1"/><E10/><AGARI ba="0,0" hai="10,14,16,17,18" m="37994,24583,31887" machi="10" ten="30,3900,0" yaku="8,1,54,2" doraHai="99" who="3" fromWho="1" sc="563,0,127,-39,150,0,160,39" />
</Scene>
<Scene>
<INIT seed="2,0,0,3,1,60" ten="563,88,150,199" oya="2" hai0="134,15,90,11,27,35,120,94,18,116,20,135,17" hai1="112,123,7,38,108,43,12,128,82,55,131,61,48" hai2="32,10,87,132,113,104,62,83,51,125,110,70,37" hai3="21,74,65,56,33,114,76,24,101,105,4,91,63"/><V50/><F37/><W77/><G33/><T2/><D120/><U58/><E82/><V89/><F113/><W64/><G114/><T75/><D75/><U71/><E7/><V9/><F104/><W99/><G4/><T109/><D109/><U14/><E12/><V96/><F32/><W19/><G74/><T115/><D115/><U67/><E14/><V111/><F96/><W25/><G25/><T121/><D121/><U13/><E112/><V6/><F132/><N who="0" m="50730" /><D35/><U5/><E123/><V124/><F10/><W22/><G22/><T8/><D116/><U28/><E28/><V36/><F36/><W72/><G72/><T53/><D53/><U59/><E108/><N who="2" m="41515" /><F62/><W66/><REACH who="3" step="1"/><G91/><REACH who="3" ten="563,88,150,189" step="2"/><T84/><D8/><N who="1" m="4239" /><E59/><V118/><F118/><W42/><G42/><T129/><D2/><U133/><E133/><V45/><F70/><W41/><G41/><T29/><D11/><U39/><E43/><N who="2" m="24895" /><F51/><W30/><G30/><T52/><D29/><U98/><E38/><V49/><F49/><W106/><G106/><T103/><D20/><U68/><E39/><V57/><F57/><W23/><G23/><T81/><D18/><U93/><E68/><V100/><F100/><W80/><G80/><T88/><D81/><U102/><E71/><V86/><F86/><W127/><G127/><T16/><D84/><U78/><E48/><V73/><F73/><W126/><G126/><T69/><D17/><U40/><E40/><V31/><F31/><W3/><G3/><AGARI ba="0,1" hai="3,6,9,83,87,89,124,125" m="24895,41515" machi="3" ten="30,2900,0" yaku="14,1,10,1" doraHai="60" who="2" fromWho="3" sc="563,0,88,0,150,39,189,-29" />
</Scene>
<Scene>
<INIT seed="2,1,0,0,0,73" ten="563,88,189,160" oya="2" hai0="69,29,2,23,17,78,30,60,133,124,39,16,132" hai1="126,25,59,10,51,34,28,8,79,131,86,83,13" hai2="72,57,48,45,104,118,27,119,129,106,88,113,90" hai3="46,0,43,52,20,50,70,110,35,24,84,11,111"/><V56/><F113/><W44/><G35/><T63/><D39/><U40/><E131/><V94/><F72/><W3/><G70/><T135/><D2/><U64/><E126/><V4/><F129/><W122/><G122/><T99/><D124/><U98/><E13/><V31/><F4/><W33/><G33/><T103/><D78/><U127/><E127/><V61/><F106/><W105/><G105/><N who="0" m="63743" /><D16/><U87/><E98/><V49/><F104/><W102/><G102/><T42/><D42/><U115/><E115/><V74/><F74/><W117/><G84/><T92/><D92/><U5/><E5/><V47/><F90/><W123/><G123/><T68/><D68/><U121/><E121/><V125/><F125/><W112/><G112/><T82/><D82/><U53/><E40/><V107/><F107/><W114/><G114/><T67/><D63/><U130/><E130/><V41/><F57/><W65/><G65/><T9/><D9/><U37/><E37/><V109/><F109/><N who="3" m="41483" /><G11/><T32/><D32/><U96/><E64/><V18/><F18/><N who="3" m="12311" /><G3/><T75/><D75/><U15/><E10/><V76/><F27/><AGARI ba="1,0" hai="17,23,27,29,30,60,67,69,132,133,135" m="63743" machi="27" ten="30,1000,0" yaku="20,1" doraHai="73" who="0" fromWho="2" sc="563,13,88,0,189,-13,160,0" />
</Scene>
<Scene>
<INIT seed="3,0,0,2,4,89" ten="576,88,176,160" oya="3" hai0="53,100,123,19,69,2,21,33,57,12,75,108,64" hai1="14,32,105,104,6,90,110,11,42,109,124,28,59" hai2="37,127,115,66,125,52,38,77,13,74,20,40,41" hai3="133,23,51,79,27,61,88,0,67,45,135,82,31"/><W71/><G0/><T30/><D108/><U43/><E124/><N who="2" m="47691" /><F115/><W134/><G79/><T119/><D123/><U55/><E43/><N who="2" m="16459" /><F66/><W63/><G67/><T46/><D119/><U116/><E116/><V91/><F74/><W83/><G71/><T122/><D122/><U49/><E42/><V34/><F77/><W111/><G111/><N who="1" m="42506" /><E90/><V54/><F34/><W65/><G65/><T98/><D75/><U56/><E59/><V44/><F91/><W9/><G88/><T62/><D2/><U97/><E97/><V85/><F85/><W73/><G73/><T78/><D78/><U47/><E47/><V36/><F13/><W81/><G45/><T92/><D46/><U39/><E39/><V126/><F20/><W18/><G51/><T95/><D33/><U131/><E131/><V93/><F93/><W10/><G10/><T4/><D95/><U107/><E107/><V114/><F126/><W106/><G106/><T58/><D69/><U24/><AGARI ba="0,0" hai="6,11,14,24,28,32,49,55,56,104,105" m="42506" machi="24" ten="30,1100,0" yaku="14,1" doraHai="89" who="1" fromWho="1" sc="576,-3,88,11,176,-3,160,-5" />
</Scene>
<Scene>
<INIT seed="4,0,0,4,1,9" ten="573,99,173,155" oya="0" hai0="35,36,46,0,72,95,102,132,47,61,78,88,57" hai1="74,85,134,97,2,81,101,21,70,1,86,29,34" hai2="131,91,20,48,15,52,73,24,128,62,59,129,83" hai3="4,71,111,43,135,107,104,64,33,50,120,8,66"/><T11/><D35/><U113/><E34/><V80/><F80/><W133/><G111/><T13/><D0/><U12/><E70/><V17/><F73/><W92/><G33/><T14/><D36/><U115/><E134/><N who="3" m="51210" /><G120/><T110/><D132/><U79/><E86/><N who="2" m="50655" /><F62/><N who="3" m="40343" /><G66/><N who="0" m="39215" /><D72/><U54/><E54/><V40/><F40/><W31/><G31/><T121/><D121/><U127/><E127/><V16/><F17/><W6/><G6/><N who="0" m="3319" /><D78/><U106/><E74/><V65/><F65/><W123/><G123/><T38/><D102/><U28/><E28/><V37/><F24/><W44/><G92/><T22/><D38/><AGARI ba="0,0" hai="15,16,20,37,38,48,52,59,128,129,131" m="50655" machi="38" ten="30,7700,0" yaku="19,1,52,1,54,2" doraHai="9" who="2" fromWho="0" sc="573,-77,99,0,173,77,155,0" />
</Scene>
<Scene>
<INIT seed="5,0,0,5,0,11" ten="496,99,250,155" oya="1" hai0="14,35,44,78,114,56,27,53,126,65,124,17,37" hai1="90,92,115,85,20,135,119,36,80,21,3,121,67" hai2="107,48,61,7,118,84,1,40,86,77,55,122,127" hai3="59,72,104,120,63,103,81,76,42,102,117,68,93"/><U130/><E119/><V31/><F122/><W23/><G120/><T38/><D114/><U46/><E121/><V73/><F107/><W66/><G117/><T47/><D78/><U51/><E36/><N who="0" m="13929" /><D65/><U6/><E115/><V88/><F127/><N who="0" m="48682" /><D27/><U8/><E135/><V82/><F61/><W19/><G104/><T30/><D30/><U94/><E130/><V13/><F31/><W83/><G68/><T69/><D35/><U43/><REACH who="1" step="1"/><E67/><REACH who="1" ten="496,89,250,155" step="2"/><V79/><F118/><W96/><G42/><T29/><D69/><U71/><E71/><V95/><F40/><W0/><G66/><T129/><D129/><U112/><E112/><V75/><F75/><W28/><G72/><T123/><D123/><U125/><E125/><V52/><F73/><W91/><G76/><T105/><D53/><U4/><E4/><V108/><F79/><W134/><G134/><T41/><D41/><U49/><E49/><V9/><F55/><W131/><G131/><T70/><D70/><U101/><E101/><V2/><F108/><W60/><G103/><T16/><D47/><AGARI ba="0,1" hai="1,2,7,9,13,47,48,52,77,82,84,86,88,95" machi="47" ten="30,7700,0" yaku="7,1,52,1,54,2" doraHai="11" who="2" fromWho="0" sc="496,-77,89,0,250,87,155,0" />
</Scene>
<Scene>
<INIT seed="6,0,0,5,1,106" ten="419,89,337,155" oya="2" hai0="84,114,105,28,77,54,68,15,125,35,33,76,103" hai1="13,61,94,99,9,32,87,51,97,29,46,64,67" hai2="45,131,24,4,129,117,135,57,72,5,78,98,71" hai3="73,50,7,115,75,104,43,74,90,42,58,118,49"/><V82/><F117/><W81/><G104/><T14/><D68/><U65/><E32/><V37/><F71/><W36/><G118/><T91/><D114/><U34/><E34/><V89/><F135/><W111/><G111/><T69/><D69/><U122/><E122/><V126/><F24/><W86/><G115/><T128/><D35/><U113/><E113/><V112/><F112/><W101/><G101/><T1/><D1/><U124/><E124/><V70/><F70/><W100/><G100/><T41/><D125/><U47/><E29/><V52/><F126/><W95/><G36/><T27/><D128/><N who="2" m="49226" /><F45/><W121/><G121/><T11/><D41/><U10/><E61/><N who="2" m="36007" /><F37/><W2/><G43/><T48/><D103/><U109/><E109/><V19/><F19/><W133/><G133/><T119/><D105/><U25/><E25/><V132/><F132/><W93/><G42/><T20/><D33/><U8/><E13/><N who="0" m="4617" /><D11/><U6/><E6/><V88/><F98/><N who="1" m="37385" /><E51/><V23/><F23/><W59/><G49/><T17/><D17/><U85/><E94/><V12/><F12/><W130/><G130/><T39/><D39/><U31/><E31/><V38/><F38/><W66/><G50/><T63/><D63/><U40/><E40/><V80/><F80/><W26/><G26/><T102/><D119/><U83/><E83/><V96/><F96/><W18/><G81/><N who="0" m="49551" /><D102/><U55/><E55/><V53/><F53/><W120/><G93/><T0/><D0/><U127/><E127/><V110/><F110/><W44/><G2/><T21/><D21/><U22/><E22/><RYUUKYOKU ba="0,0" sc="419,10,89,10,337,10,155,-30" hai0="20,27,28,48,54,76,77" hai1="8,9,10,46,47,64,65,67,85,87" hai2="4,5,72,78,82,88,89" />
</Scene>
<Scene>
<INIT seed="6,1,0,0,1,43" ten="429,99,347,125" oya="2" hai0="95,22,124,9,83,14,93,74,67,12,122,123,108" hai1="51,56,132,34,71,75,32,26,120,29,61,52,3" hai2="68,6,79,23,100,114,44,96,92,133,5,10,113" hai3="106,89,53,91,38,17,31,8,41,135,69,66,37"/><V33/><F33/><W73/><G106/><T28/><D108/><U121/><E75/><V90/><F68/><W4/><G73/><T36/><D36/><U119/><E119/><V49/><F79/><W15/><G135/><T78/><D124/><U110/><E110/><V13/><F133/><W70/><G37/><T27/><D14/><U81/><E132/><V48/><F48/><W50/><G31/><T39/><D39/><U129/><E129/><V112/><F23/><W54/><G54/><T131/><D131/><U115/><E3/><V63/><F63/><W128/><G128/><T45/><D45/><N who="1" m="27759" /><E71/><V109/><F109/><W58/><G69/><T19/><D67/><N who="1" m="39335" /><E81/><V102/><REACH who="2" step="1"/><F6/><REACH who="2" ten="429,99,337,125" step="2"/><W40/><G4/><T125/><REACH who="0" step="1"/><D125/><REACH who="0" ten="419,99,337,125" step="2"/><U0/><E120/><AGARI ba="1,2" hai="9,12,19,22,27,28,74,78,83,93,95,120,122,123" machi="120" ten="40,2600,0" yaku="1,1,2,1,53,0" doraHai="43" doraHaiUra="98" who="0" fromWho="1" sc="419,49,99,-29,337,0,125,0" />
</Scene>
<Scene>
<INIT seed="7,0,0,2,5,116" ten="468,70,337,125" oya="3" hai0="92,81,2,88,105,24,84,101,98,3,75,37,131" hai1="125,135,127,69,25,39,71,29,18,42,78,66,76" hai2="90,77,27,4,130,123,35,59,93,58,43,115,103" hai3="121,7,64,19,80,65,9,16,22,38,89,13,53"/><W20/><G38/><T111/><D111/><U133/><E18/><V82/><F130/><W73/><G121/><T99/><D37/><U83/><E25/><V102/><F4/><W126/><G126/><N who="1" m="48138" /><E29/><V8/><F43/><W85/><G73/><T122/><D122/><U32/><E32/><V0/><F8/><W86/><G86/><T95/><D131/><U44/><E83/><V118/><F0/><W55/><G19/><T57/><D57/><U54/><E78/><V52/><F118/><W70/><G22/><T129/><D129/><U60/><E76/><V21/><F115/><W96/><G96/><T10/><D10/><U46/><E69/><V51/><F35/><W128/><G128/><T113/><D113/><U63/><E63/><V33/><F33/><W124/><G124/><T117/><D24/><U56/><E46/><V68/><F68/><W26/><G70/><T119/><D3/><U23/><E23/><V112/><F112/><W106/><G106/><T104/><D2/><U34/><E34/><V120/><F59/><W17/><G17/><T72/><D105/><U5/><E5/><V12/><F12/><W36/><G7/><T87/><D75/><U107/><E107/><V49/><F103/><W108/><G13/><T94/><D72/><U132/><E71/><V67/><F102/><W100/><G100/><N who="0" m="60535" /><D104/><U61/><E61/><V114/><F114/><W134/><G9/><T110/><D110/><U109/><E109/><V11/><F123/><W28/><G26/><T74/><D74/><U45/><E45/><V15/><F120/><W97/><G108/><RYUUKYOKU ba="0,0" sc="468,15,70,15,337,-15,125,-15" hai0="81,84,87,88,92,95,98,101,117,119" hai1="39,42,44,54,56,60,66,132,133,135" owari="483,58.0,85,-41.0,322,12.0,110,-29.0" />
</Scene>
</mjloggm>