<mjloggm ver="2.3"><GO type="169"/><UN n0="%E3%81%BA%E3%82%8A%E3%81%8B%E3%82%93" n1="%41%53%41%50%49%4E" n2="%6D%61%63%6A%72" n3="%E3%81%B6%E3%81%A1%E3%82%83%E3%82%89%E3%81%A6%E3%81%83" dan="18,18,18,16" rate="2170,2199,2180,2065" sx="M,M,M,F"/><TAIKYOKU oya="0"/>

<Scene>
<INIT seed="0,0,0,2,1,44" ten="250,250,250,250" oya="0" hai0="119,87,125,21,64,102,7,2,116,74,126,26,120" hai1="83,4,128,118,98,12,17,27,52,43,108,84,41" hai2="73,70,115,60,11,18,15,19,61,59,89,124,55" hai3="121,82,35,90,71,50,38,134,54,53,30,42,16"/><T95/><D74/><U3/><E118/><V106/><F115/><W94/><G71/><T112/><D112/><U13/><E108/><V56/><F124/><N who="0" m="47722" /><D120/><U131/><E98/><V109/><F109/><W68/><G68/><T29/><D64/><U6/><E27/><V92/><F106/><W1/><G1/><T79/><D102/><U85/><E3/><V130/><F73/><W103/><G121/><T77/><D2/><U107/><E107/><V37/><F37/><W111/><G38/><T72/><D7/><U105/><E105/><V100/><F70/><W8/><G103/><T40/><D72/><U99/><E99/><V78/><F130/><W24/><G111/><T25/><D25/><U34/><E34/><V22/><F78/><N who="0" m="29706" /><D40/><U57/><E128/><V129/><F100/><W46/><G82/><T28/><D28/><U86/><E83/><V127/><F129/><W133/><G54/><T9/><D9/><N who="1" m="6319" /><E131/><V45/><F127/><W58/><G53/><T123/><D123/><U65/><E65/><V31/><F31/><W75/><G75/><T101/><D101/><U93/><E93/><V91/><F92/><W47/><G42/><N who="1" m="15882" /><E12/><V0/><F0/><W132/><G132/><T36/><D36/><U39/><E39/><V67/><F15/><W32/><G32/><T5/><D5/><U23/><E23/><V97/><F22/><W96/><G134/><T63/><D63/><AGARI ba="0,0" hai="4,6,52,57,63,84,85,86" m="15882,6319" machi="63" ten="30,2000,0" yaku="8,1,54,1" doraHai="44" who="1" fromWho="0" sc="250,-20,250,20,250,0,250,0" />
</Scene>
<Scene>
<INIT seed="1,0,0,2,0,131" ten="230,270,250,250" oya="1" hai0="3,50,45,120,25,18,10,129,23,84,66,91,112" hai1="97,14,20,117,99,92,78,8,41,34,47,100,60" hai2="124,79,116,93,48,13,106,1,75,121,96,105,9" hai3="76,30,81,70,125,43,104,127,28,40,89,54,7"/><U123/><E117/><V38/><F38/><W118/><G70/><T134/><D112/><U36/><E123/><V53/><F116/><W90/><G104/><T24/><D129/><U49/><E34/><V128/><F128/><W85/><G7/><T119/><D119/><U32/><E32/><V65/><F121/><W109/><G118/><T88/><D120/><U110/><E110/><V82/><F1/><W94/><G54/><T130/><D130/><U46/><E20/><V59/><F124/><N who="3" m="47691" /><G109/><T11/><D3/><U37/><E78/><V73/><F73/><N who="3" m="43151" /><G90/><N who="0" m="34347" /><D84/><U108/><E108/><V133/><F65/><W2/><G2/><T16/><D66/><U64/><E99/><V22/><F105/><W5/><G5/><T111/><D111/><U72/><E47/><V95/><F106/><W74/><G74/><T107/><D107/><U19/><REACH who="1" step="1"/><E72/><REACH who="1" ten="230,260,250,250" step="2"/><V126/><F126/><W77/><G77/><T31/><D31/><AGARI ba="0,1" hai="28,30,31,40,43,85,89,94" m="43151,47691" machi="31" ten="30,1000,0" yaku="18,1" doraHai="131" who="3" fromWho="0" sc="230,-10,260,0,250,0,250,20" />
</Scene>
<Scene>
<INIT seed="2,0,0,1,1,111" ten="220,260,250,270" oya="2" hai0="63,40,130,104,6,69,43,87,78,58,126,2,17" hai1="102,75,118,119,86,128,110,93,81,95,83,127,99" hai2="70,108,20,26,37,113,133,89,94,33,46,30,74" hai3="97,41,51,31,3,121,56,35,16,92,24,45,49"/><V14/><F70/><W103/><G121/><T15/><D69/><U114/><E110/><V29/><F108/><W10/><G56/><T44/><D104/><U9/><E9/><V34/><F74/><W55/><G3/><T98/><D126/><U25/><E25/><V134/><F113/><W54/><REACH who="3" step="1"/><G51/><REACH who="3" ten="220,260,250,260" step="2"/><T60/><D58/><U61/><E119/><V22/><F37/><W47/><G47/><T53/><D44/><U57/><E118/><V1/><F1/><W131/><G131/><T90/><D2/><U38/><E38/><V76/><F46/><W68/><G68/><T91/><D130/><U77/><E128/><V107/><F133/><W36/><G36/><T50/><D50/><U79/><E127/><V64/><F134/><W8/><G8/><T80/><D60/><U96/><E57/><V0/><F0/><W106/><G106/><T48/><D63/><U39/><E61/><V59/><F107/><W7/><G7/><T122/><D6/><U67/><E39/><V132/><F132/><W4/><G4/><T18/><D48/><U32/><E67/><V100/><F59/><W5/><G5/><T71/><D71/><U82/><E32/><V123/><F64/><W88/><G88/><T13/><D90/><N who="1" m="51543" /><E114/><V116/><F116/><W112/><G112/><T135/><D135/><U84/><E102/><V120/><F100/><W66/><G66/><T117/><D117/><U52/><E52/><V124/><F124/><W85/><G85/><T28/><D53/><U62/><E62/><V115/><F115/><W109/><G109/><T23/><D87/><RYUUKYOKU ba="0,1" sc="220,-15,260,15,250,-15,260,15" hai1="75,77,79,81,83,84,93,95,96,99" hai3="10,16,24,31,35,41,45,49,54,55,92,97,103" />
</Scene>
<Scene>
<INIT seed="3,1,1,3,3,39" ten="205,275,235,275" oya="3" hai0="123,7,67,45,58,94,96,8,64,114,103,121,16" hai1="50,0,112,120,14,86,21,115,59,102,44,116,41" hai2="56,1,11,132,85,109,60,79,15,48,6,77,29" hai3="36,118,128,62,42,99,37,18,25,125,38,107,76"/><W31/><G118/><T2/><D114/><U95/><E120/><V83/><F109/><W68/><G76/><T90/><D121/><U87/><E0/><V73/><F132/><W74/><G18/><T20/><D123/><U97/><E116/><V51/><F29/><W40/><G74/><T100/><D45/><U65/><E112/><V88/><F1/><W63/><G63/><T113/><D113/><U19/><E115/><V49/><REACH who="2" step="1"/><F73/><REACH who="2" ten="205,275,225,275" step="2"/><W84/><G128/><T3/><D3/><U66/><E66/><AGARI ba="1,2" hai="6,11,15,48,49,51,56,60,66,77,79,83,85,88" machi="66" ten="40,8000,1" yaku="1,1,2,1,8,1,54,1,53,0" doraHai="39" doraHaiUra="28" who="2" fromWho="1" sc="205,0,275,-83,225,103,275,0" />
</Scene>
<Scene>
<INIT seed="4,0,0,2,3,55" ten="205,192,328,275" oya="0" hai0="130,20,84,89,30,121,71,97,69,135,111,81,57" hai1="64,104,75,35,26,86,53,72,132,91,22,56,129" hai2="46,67,59,126,128,99,9,54,21,24,93,78,101" hai3="42,49,87,10,0,63,73,12,3,117,33,134,98"/><T31/><D121/><U80/><E104/><V96/><F128/><W105/><G73/><T14/><D130/><U45/><E129/><V1/><F126/><W119/><G33/><T27/><D135/><U123/><E123/><V2/><F78/><W106/><G134/><T39/><D39/><U110/><E110/><V60/><F9/><W18/><G87/><T100/><D111/><U83/><E35/><V65/><F96/><W62/><G98/><T116/><D116/><U95/><E132/><V68/><F46/><W37/><G37/><T4/><D30/><U79/><E64/><V120/><F120/><W114/><G49/><T70/><D4/><U112/><E45/><V32/><F32/><W115/><G18/><T131/><D14/><U8/><E8/><V102/><F102/><W61/><G10/><T90/><D131/><U82/><E112/><N who="3" m="43050" /><G12/><T16/><D89/><U113/><E113/><V88/><F101/><W41/><G41/><T118/><D31/><U107/><E107/><N who="3" m="40970" /><G42/><T66/><D118/><AGARI ba="0,0" hai="0,3,61,62,63,117,118,119" m="40970,43050" machi="118" ten="40,5200,0" yaku="28,2,15,1" doraHai="55" who="3" fromWho="0" sc="205,-52,192,0,328,0,275,52" />
</Scene>
<Scene>
<INIT seed="5,0,0,5,4,40" ten="153,192,328,327" oya="1" hai0="66,28,120,126,26,88,44,91,47,69,21,115,38" hai1="16,1,86,80,3,97,18,102,96,10,74,111,81" hai2="117,4,112,118,113,122,5,55,34,106,36,51,54" hai3="121,79,89,84,82,11,68,15,92,107,65,131,24"/><U127/><E127/><V103/><F34/><W29/><G121/><T37/><D126/><U22/><E111/><V0/><F36/><W45/><G107/><T31/><D115/><N who="2" m="44106" /><F122/><W50/><G131/><T20/><D120/><U46/><E74/><V132/><F132/><W87/><G68/><T130/><D66/><U73/><E73/><V60/><F60/><W98/><G65/><T6/><D69/><U41/><E80/><V61/><F61/><W58/><G58/><T71/><D71/><U100/><E96/><N who="2" m="61799" /><F55/><N who="3" m="30159" /><G24/><T32/><D26/><U33/><E33/><V83/><F83/><W2/><G29/><T77/><D32/><U94/><E102/><V49/><F49/><W9/><G2/><T48/><D48/><U72/><E72/><V114/><F114/><W76/><G11/><T17/><D17/><U75/><E18/><V35/><F35/><W12/><G9/><T125/><D125/><U123/><E10/><N who="2" m="2311" /><F5/><W70/><G70/><T52/><D6/><U104/><E104/><V23/><F23/><W124/><G124/><T108/><D108/><U25/><E75/><V95/><F95/><W8/><G8/><T105/><D105/><U13/><E123/><V93/><F93/><N who="3" m="54463" /><G79/><T67/><D77/><U99/><E99/><V109/><F109/><W7/><G7/><T116/><D116/><U30/><E81/><V129/><F129/><W43/><G43/><T134/><D67/><U133/><E133/><V64/><F64/><W78/><G78/><T56/><D134/><U59/><E3/><V63/><F63/><W27/><G27/><T62/><D130/><RYUUKYOKU ba="0,0" sc="153,-15,192,-15,328,15,327,15" hai2="51,54,117,118" hai3="12,15,76,82,84,92,98" />
</Scene>
<Scene>
<INIT seed="6,1,0,4,3,34" ten="138,177,343,342" oya="2" hai0="45,95,7,96,36,68,128,76,97,73,65,61,126" hai1="8,3,23,72,32,0,31,132,93,91,131,88,37" hai2="66,119,1,46,92,113,86,104,100,62,40,133,77" hai3="17,51,24,121,28,15,74,30,87,85,14,44,123"/><V48/><F119/><W25/><G74/><T11/><D126/><U55/><E72/><V102/><F113/><W5/><G5/><T42/><D128/><U9/><E37/><V83/><F133/><W78/><G78/><T10/><D95/><U27/><E131/><V122/><F122/><W135/><G135/><T89/><D89/><U110/><E110/><V2/><F104/><W125/><G125/><T129/><D129/><U29/><E132/><V105/><F105/><W38/><G38/><T57/><D11/><U39/><E39/><V79/><F79/><W47/><G51/><T117/><D117/><U98/><E9/><V56/><REACH who="2" step="1"/><F92/><REACH who="2" ten="138,177,333,342" step="2"/><W26/><G123/><T75/><D75/><U71/><E93/><V50/><F50/><W16/><G121/><T101/><D101/><AGARI ba="1,1" hai="1,2,40,46,48,56,62,66,77,83,86,100,101,102" machi="101" ten="40,7700,0" yaku="1,1,52,2,53,0" doraHai="34" doraHaiUra="19" who="2" fromWho="0" sc="138,-80,177,0,333,90,342,0" />
</Scene>
<Scene>
<INIT seed="6,2,0,4,4,43" ten="58,177,423,342" oya="2" hai0="117,24,110,92,10,122,14,46,123,0,19,53,30" hai1="114,5,26,116,8,135,52,119,57,82,95,132,17" hai2="66,56,4,74,76,48,62,37,13,59,98,88,126" hai3="29,106,109,113,40,80,83,11,28,131,45,115,2"/><V127/><F37/><W67/><G106/><T31/><D110/><U77/><E114/><N who="3" m="43530" /><G109/><T22/><D117/><U41/><E95/><N who="2" m="56679" /><F74/><W69/><G131/><T64/><D64/><U133/><E41/><V94/><F76/><W1/><G69/><T134/><D134/><U9/><E17/><V93/><F126/><W39/><G67/><T129/><D129/><U65/><E26/><V78/><F78/><W90/><G90/><T60/><D31/><N who="3" m="11849" /><G11/><N who="1" m="4170" /><E5/><V7/><F127/><W118/><G118/><T79/><D79/><U35/><E35/><V130/><F130/><W100/><G100/><T75/><D75/><N who="1" m="43327" /><E65/><V81/><F4/><W121/><G121/><T125/><D125/><U73/><E73/><V112/><F112/><W61/><G61/><AGARI ba="2,0" hai="52,57,61,116,119,132,133,135" m="43327,4170" machi="61" ten="30,2000,0" yaku="20,1,54,1" doraHai="43" who="1" fromWho="3" sc="58,0,177,26,423,0,342,-26" />
</Scene>
<Scene>
<INIT seed="7,0,0,3,0,29" ten="58,203,423,316" oya="3" hai0="13,41,86,110,67,26,113,98,32,16,31,80,22" hai1="100,61,0,4,5,109,127,50,65,17,1,106,118" hai2="81,38,24,115,7,93,129,62,66,68,8,103,75" hai3="117,54,39,57,71,64,82,114,99,19,6,37,3"/><W21/><G117/><T10/><D110/><U36/><E109/><V120/><F38/><W43/><G114/><T130/><D113/><U49/><E36/><V9/><F115/><W125/><G125/><T79/><D130/><U45/><E127/><V88/><F129/><W94/><G82/><T12/><D67/><U78/><E118/><V96/><F120/><W28/><G28/><T15/><D98/><U69/><E78/><V55/><F24/><W52/><G54/><T2/><REACH who="0" step="1"/><D41/><REACH who="0" ten="48,203,423,316" step="2"/><U128/><E65/><V134/><F134/><W35/><G64/><T104/><D104/><U133/><E106/><V97/><F55/><W132/><G71/><T87/><D87/><U11/><E69/><V108/><F108/><W135/><G132/><T76/><D76/><U27/><E133/><V25/><F25/><W77/><G135/><T111/><D111/><U47/><E27/><V30/><F30/><W90/><G77/><T122/><D122/><U59/><E128/><V95/><F66/><W92/><G43/><T40/><D40/><U63/><E0/><V18/><F96/><W131/><G131/><T123/><D123/><U83/><E1/><V105/><F97/><W33/><G39/><T20/><D20/><U107/><E107/><V48/><F105/><W44/><G37/><T70/><D70/><U74/><E74/><V73/><F73/><W53/><G53/><T102/><D102/><U51/><E100/><V42/><F75/><W126/><G126/><T14/><D14/><U112/><E112/><V58/><F68/><W46/><G99/><T116/><D116/><RYUUKYOKU ba="0,1" sc="48,30,203,-10,423,-10,316,-10" hai0="2,10,12,13,15,16,22,26,31,32,79,80,86" owari="78,-42.0,193,-21.0,423,52.0,306,11.0" />
</Scene>
</mjloggm>