<mjloggm ver="2.3"><GO type="169" lobby="0"/><UN n0="%E5%B2%A1%E6%9D%91" n1="%E5%8D%81%E5%85%AD%E5%A4%9C%E2%99%AA" n2="%41%53%41%50%49%4E" n3="%E7%A0%B4%E5%A3%8A%E9%AD%94%E7%A5%9E" dan="17,16,19,16" rate="2147,2033,2245,2103" sx="M,M,M,F"/><TAIKYOKU oya="0"/>

<Scene>
<INIT seed="0,0,0,5,3,100" ten="250,250,250,250" oya="0" hai0="42,26,47,29,73,44,81,65,82,48,64,104,76" hai1="135,113,51,83,79,66,110,120,22,14,88,56,38" hai2="74,106,15,61,101,59,75,52,53,116,89,92,119" hai3="31,129,96,2,68,123,94,80,19,20,13,108,6"/><T23/><D104/><U9/><E38/><V62/><F15/><W18/><G68/><T58/><D58/><U45/><E120/><V131/><F131/><W112/><G112/><T121/><D121/><U86/><E113/><V114/><F114/><W97/><G123/><T103/><D103/><U10/><E110/><V102/><F59/><W98/><G108/><T71/><D71/><U30/><E135/><V67/><F92/><W57/><G129/><T27/><D82/><U0/><E0/><V37/><F37/><W118/><G118/><T69/><D69/><U17/><E66/><V41/><F41/><W50/><G31/><T40/><REACH who="0" step="1"/><D26/><REACH who="0" ten="240,250,250,250" step="2"/><N who="1" m="16727" /><E56/><V70/><F70/><W54/><G57/><T11/><D11/><N who="1" m="6367" /><E79/><V99/><F67/><W117/><G80/><T8/><D8/><U32/><E32/><V90/><REACH who="2" step="1"/><F99/><REACH who="2" ten="240,250,240,250" step="2"/><W16/><G97/><T34/><D34/><U5/><E5/><V77/><F77/><W95/><G96/><T130/><D130/><U132/><E132/><V39/><F39/><AGARI ba="0,2" hai="23,27,29,39,40,42,44,47,48,64,65,73,76,81" machi="39" ten="30,11600,0" yaku="1,1,7,1,53,2" doraHai="100" doraHaiUra="60" who="0" fromWho="2" sc="240,136,250,0,240,-116,250,0" />
</Scene>
<Scene>
<INIT seed="0,1,0,2,2,25" ten="376,250,124,250" oya="0" hai0="59,14,99,43,65,31,21,87,73,69,10,119,51" hai1="111,6,100,63,40,130,28,92,66,129,95,67,61" hai2="135,54,62,115,108,32,20,78,75,16,41,52,104" hai3="72,114,123,9,60,121,80,109,35,120,47,1,106"/><T101/><D73/><U17/><E6/><V133/><F115/><W96/><G114/><T112/><D112/><U110/><E40/><V131/><F32/><W124/><G109/><N who="1" m="41482" /><E17/><V8/><F108/><W24/><G124/><T39/><D119/><U13/><E13/><V36/><F104/><W113/><G113/><T107/><D87/><U89/><E100/><V3/><F131/><N who="1" m="50185" /><E28/><V93/><F62/><N who="1" m="23561" /><E89/><V44/><F8/><W117/><G117/><T42/><D31/><U23/><E23/><V84/><F3/><W122/><G122/><T45/><D21/><U91/><E91/><N who="2" m="53479" /><F75/><W126/><G1/><T77/><D77/><U105/><E105/><V94/><F78/><W53/><G9/><T118/><D118/><U27/><E27/><N who="2" m="14727" /><F94/><AGARI ba="1,0" hai="66,67,92,94,95" m="23561,50185,41482" machi="94" ten="40,8000,1" yaku="28,2,14,1,19,1" doraHai="25" who="1" fromWho="2" sc="376,0,250,83,124,-83,250,0" />
</Scene>
<Scene>
<INIT seed="1,0,0,3,1,133" ten="376,333,41,250" oya="1" hai0="99,3,81,40,88,35,7,41,132,56,112,120,78" hai1="97,59,105,89,13,115,49,36,48,61,123,12,114" hai2="22,93,0,15,111,119,52,10,42,9,129,76,91" hai3="100,34,113,122,19,87,92,98,125,68,16,134,5"/><U21/><E123/><V95/><F119/><W45/><G122/><T127/><D120/><U1/><E1/><V74/><F111/><W47/><G113/><T39/><D112/><U77/><E36/><V118/><F118/><W62/><G134/><T28/><D132/><U84/><E114/><V54/><F129/><W82/><G34/><T66/><D39/><U17/><E115/><V79/><F42/><W90/><G5/><T75/><D35/><U11/><E105/><V101/><F0/><W44/><G125/><T51/><D28/><U37/><E77/><V67/><F74/><W30/><G30/><T69/><D69/><U116/><E97/><V64/><F22/><W121/><G121/><T58/><D127/><U55/><E37/><V14/><F91/><W31/><G31/><T73/><D73/><U20/><E21/><V29/><F29/><W38/><G38/><T72/><D72/><U32/><E32/><V108/><F108/><W43/><G43/><T104/><D104/><U131/><E131/><V23/><F23/><W126/><G126/><T4/><D3/><U128/><E128/><V65/><F65/><W71/><G68/><T60/><D40/><U96/><E96/><V26/><F101/><W53/><G71/><T94/><D41/><U25/><E13/><V103/><F103/><W57/><AGARI ba="0,0" hai="16,19,44,45,47,53,57,62,82,87,90,92,98,100" machi="57" ten="30,4000,0" yaku="0,1,8,1,54,1" doraHai="133" who="3" fromWho="3" sc="376,-10,333,-20,41,-10,250,40" />
</Scene>
<Scene>
<INIT seed="2,0,0,4,1,4" ten="366,313,31,290" oya="2" hai0="22,52,78,130,101,5,73,114,11,57,135,55,50" hai1="64,39,36,14,43,61,70,47,91,119,24,109,40" hai2="90,102,75,20,121,45,27,56,76,89,63,112,116" hai3="41,60,59,105,110,62,129,86,8,23,49,103,15"/><V51/><F116/><W38/><G110/><T96/><D114/><U0/><E91/><V42/><F112/><W126/><G129/><T68/><D68/><U93/><E93/><V48/><F121/><W33/><G126/><T26/><D130/><U104/><E119/><V28/><F75/><W46/><G33/><T80/><D135/><U132/><E14/><V92/><F76/><W99/><G23/><T98/><D55/><U21/><E0/><V88/><F48/><W118/><G118/><T19/><REACH who="0" step="1"/><D101/><REACH who="0" ten="356,313,31,290" step="2"/><U83/><E132/><V122/><F122/><W97/><G103/><T6/><D6/><U106/><E109/><V74/><F74/><W113/><G113/><T85/><D85/><U123/><E123/><V111/><F111/><W117/><G86/><T13/><AGARI ba="0,1" hai="5,11,13,19,22,26,50,52,57,73,78,80,96,98" machi="13" ten="20,8000,1" yaku="1,1,0,1,7,1,52,1,54,1,53,0" doraHai="4" doraHaiUra="71" who="0" fromWho="0" sc="356,90,313,-20,31,-40,290,-20" owari="446,55.0,293,9.0,-9,-51.0,270,-13.0" />
</Scene>
</mjloggm>