<mjloggm ver="2.3"><GO type="169" lobby="0"/><UN n0="%E5%9F%BA%E7%A4%8E%E8%AB%96" n1="%6D%65%24%6F" n2="%41%53%41%50%49%4E" n3="%E4%B8%80%E7%94%9F%E6%87%B8%E5%91%BD" dan="17,16,18,17" rate="2149.46,2084.49,2274.55,2191.91" sx="M,M,M,M"/><TAIKYOKU oya="0"/>

<Scene>
<INIT seed="0,0,0,3,4,71" ten="250,250,250,250" oya="0" hai0="79,61,19,68,132,116,98,54,15,34,95,4,58" hai1="80,133,40,90,112,62,18,121,66,69,111,86,110" hai2="14,13,102,50,29,101,64,57,49,37,105,17,91" hai3="53,107,93,130,52,25,0,134,94,1,43,7,35"/><T76/><D116/><U99/><E121/><V27/><F37/><W106/><G43/><T42/><D132/><U104/><E133/><V63/><F91/><W67/><G134/><T114/><D114/><U126/><E112/><V118/><F118/><W74/><G67/><T8/><D34/><U12/><E40/><V48/><F105/><W85/><G74/><T78/><D68/><U70/><E70/><V123/><F123/><W65/><G65/><T77/><N who="0" m="19456" /><DORA hai="108" /><T81/><D81/><U115/><E115/><V124/><F124/><W131/><G85/><T127/><D127/><U51/><E51/><V47/><F47/><W3/><G7/><T10/><D42/><U109/><E126/><V41/><F41/><W16/><G16/><T88/><REACH who="0" step="1"/><D4/><REACH who="0" ten="240,250,250,250" step="2"/><U5/><E5/><V125/><F125/><W56/><G35/><T122/><D122/><U73/><E73/><V26/><F13/><W55/><G25/><N who="2" m="9225" /><F29/><W83/><G56/><T128/><D128/><N who="3" m="49193" /><G83/><T31/><D31/><U100/><REACH who="1" step="1"/><E111/><REACH who="1" ten="240,240,250,250" step="2"/><V21/><AGARI ba="0,2" hai="14,17,21,48,49,50,57,63,64,101,102" m="9225" machi="21" ten="30,1100,0" yaku="8,1" doraHai="71,108" who="2" fromWho="2" sc="240,-5,240,-3,250,31,250,-3" />
</Scene>
<Scene>
<INIT seed="1,0,0,1,4,18" ten="235,237,281,247" oya="1" hai0="40,59,80,12,84,54,32,87,74,50,123,26,0" hai1="62,105,73,85,133,104,8,128,69,112,36,131,22" hai2="3,115,42,121,57,116,21,9,66,55,95,35,33" hai3="82,71,56,86,16,117,20,111,37,63,98,52,39"/><U90/><E112/><V108/><F116/><W106/><G71/><T103/><D0/><U89/><E73/><V81/><F121/><W15/><G117/><T61/><D123/><U114/><E114/><V17/><F115/><W91/><REACH who="3" step="1"/><G111/><REACH who="3" ten="235,237,281,237" step="2"/><T113/><D113/><U101/><E133/><V134/><F108/><W31/><G31/><T83/><D74/><U43/><E36/><V25/><F134/><W77/><G77/><T92/><D80/><U23/><E43/><V102/><F81/><W60/><G60/><T30/><D83/><U34/><E34/><V120/><F42/><W130/><G130/><N who="1" m="49706" /><E101/><AGARI ba="0,1" hai="15,16,20,37,39,52,56,63,82,86,91,98,101,106" machi="101" ten="40,8000,1" yaku="1,1,52,1,54,2,53,0" doraHai="18" doraHaiUra="64" who="3" fromWho="1" sc="235,0,237,-80,281,0,237,90" />
</Scene>
<Scene>
<INIT seed="2,0,0,4,5,57" ten="235,157,281,327" oya="2" hai0="1,69,60,66,85,38,106,127,37,55,72,23,0" hai1="34,113,19,33,16,27,128,97,45,133,135,41,107" hai2="104,7,20,24,32,29,67,109,39,77,63,95,47" hai3="12,94,64,87,76,9,98,89,108,28,73,14,70"/><V6/><F104/><W81/><G108/><T102/><D72/><U129/><E107/><V65/><F109/><W35/><G35/><N who="1" m="13322" /><E97/><V131/><F131/><N who="1" m="50249" /><E41/><V92/><F77/><W80/><G28/><T48/><D85/><U62/><E62/><V5/><F32/><W10/><G14/><T120/><D102/><U130/><N who="1" m="50257" /><U75/><DORA hai="83" /><E45/><V116/><F116/><W31/><G31/><T122/><D106/><U36/><E36/><V118/><F118/><W111/><G111/><T82/><D38/><U13/><E75/><V52/><F65/><W49/><G49/><T96/><D37/><U50/><E50/><N who="2" m="28767" /><F39/><W11/><G12/><T105/><D66/><U126/><E113/><V30/><F30/><W90/><G64/><T58/><D69/><U2/><E2/><V4/><N who="2" m="1024" /><DORA hai="79" /><V3/><F3/><W115/><REACH who="3" step="1"/><G70/><REACH who="3" ten="235,157,281,317" step="2"/><T54/><D0/><U51/><E51/><V43/><F43/><W8/><N who="3" m="2560" /><DORA hai="119" /><W46/><G46/><T84/><D48/><U124/><E27/><V91/><F67/><W56/><G56/><T88/><D58/><U101/><E101/><V25/><F25/><W123/><G123/><T15/><D1/><U18/><E13/><V61/><F61/><W110/><G110/><T53/><D60/><U100/><E100/><V74/><F63/><W26/><G26/><T112/><D15/><U78/><E78/><V125/><F24/><W86/><G86/><T44/><D120/><U93/><E93/><V114/><F95/><W71/><G71/><T21/><D122/><U68/><E68/><V132/><F92/><RYUUKYOKU ba="0,1" sc="235,-15,157,15,281,-15,317,15" hai1="16,18,19,124,126,133,135" hai3="73,76,80,81,87,89,90,94,98,115" />
</Scene>
<Scene>
<INIT seed="3,1,1,1,4,100" ten="220,172,266,332" oya="3" hai0="84,13,9,64,79,50,30,115,109,66,25,102,118" hai1="11,6,123,134,110,59,72,108,132,51,76,68,89" hai2="122,65,82,61,24,77,93,125,73,1,31,120,41" hai3="60,42,5,111,104,37,130,71,39,98,2,90,91"/><W126/><G130/><T0/><D118/><U49/><E68/><V26/><F1/><W95/><G126/><T45/><D0/><U33/><E33/><V92/><F125/><W88/><G111/><N who="1" m="42538" /><E123/><N who="2" m="47147" /><F41/><W22/><G104/><T15/><D115/><U97/><E72/><V124/><F124/><W48/><G48/><T99/><D109/><U112/><E76/><V55/><F55/><W3/><G3/><T133/><D133/><N who="1" m="51307" /><E112/><V54/><F54/><W101/><G42/><T113/><D113/><U58/><E89/><V16/><F16/><W67/><REACH who="3" step="1"/><G22/><REACH who="3" ten="220,172,266,322" step="2"/><T86/><D50/><N who="1" m="18955" /><E97/><V4/><F61/><W10/><AGARI ba="1,2" hai="2,5,10,37,39,60,67,71,88,90,91,95,98,101" machi="10" ten="30,6000,0" yaku="1,1,0,1,54,1,53,0" doraHai="100" doraHaiUra="107" who="3" fromWho="3" sc="220,-21,172,-21,266,-21,322,83" />
</Scene>
<Scene>
<INIT seed="3,2,0,5,2,130" ten="199,151,245,405" oya="3" hai0="59,86,29,5,70,66,16,88,75,78,111,63,84" hai1="40,123,133,7,51,80,82,22,110,31,17,131,109" hai2="44,107,96,92,53,90,47,57,19,1,127,83,56" hai3="27,20,102,46,113,124,117,74,4,50,33,87,54"/><W99/><G74/><T106/><D106/><U36/><E123/><V67/><F127/><W115/><G117/><T25/><D111/><N who="1" m="42507" /><E36/><V81/><F1/><W6/><G33/><T135/><D135/><U71/><E71/><V65/><F107/><W28/><G124/><T91/><D5/><U116/><E31/><V30/><F30/><W62/><G87/><T11/><D70/><U114/><E114/><V24/><F24/><W100/><G115/><T69/><D69/><U93/><E116/><V95/><F19/><W118/><G118/><T23/><D75/><U68/><E68/><V38/><F38/><W128/><G128/><T73/><D73/><U42/><E131/><V112/><F112/><W12/><G113/><T126/><D126/><U9/><E51/><V41/><F41/><N who="1" m="15977" /><E93/><V3/><F3/><W60/><G60/><T35/><D35/><U34/><E34/><V18/><F92/><W85/><G62/><T129/><D129/><U58/><E58/><V52/><F95/><W98/><G50/><T32/><D32/><U76/><E76/><V15/><F57/><W61/><G61/><T43/><D43/><U105/><E105/><V97/><F56/><W49/><G49/><T120/><D120/><U13/><E133/><V2/><F2/><AGARI ba="2,0" hai="2,7,9,13,17,22,80,82" m="15977,42507" machi="2" ten="30,1000,0" yaku="14,1" doraHai="130" who="1" fromWho="2" sc="199,0,151,16,245,-16,405,0" />
</Scene>
<Scene>
<INIT seed="4,0,0,0,2,103" ten="199,167,229,405" oya="0" hai0="102,2,28,87,123,32,57,3,14,134,62,89,11" hai1="82,70,17,101,99,55,69,107,88,78,6,54,84" hai2="127,75,117,92,35,19,125,71,116,47,4,104,0" hai3="110,72,5,22,96,112,128,114,8,65,106,30,64"/><T9/><D123/><U45/><E6/><V74/><F71/><W63/><G110/><T94/><D134/><U36/><E17/><V24/><F47/><W40/><G72/><N who="2" m="27689" /><F92/><W73/><G73/><T68/><D68/><U93/><E54/><V34/><F104/><W60/><G40/><T129/><D129/><U50/><REACH who="1" step="1"/><E36/><REACH who="1" ten="199,157,229,405" step="2"/><V7/><F4/><W18/><G18/><T27/><D9/><U118/><E118/><V41/><F7/><W42/><G5/><T48/><D3/><U38/><E38/><V105/><F0/><W131/><G8/><T98/><D2/><U59/><E59/><V25/><F19/><W66/><G131/><T56/><D48/><U80/><E80/><V53/><F53/><W113/><G128/><T122/><D122/><U119/><E119/><V124/><F116/><W1/><G1/><T33/><D57/><U43/><E43/><V58/><F41/><W135/><G42/><T90/><D56/><U115/><E115/><V13/><F58/><W52/><G113/><T46/><D46/><U95/><E95/><V39/><F39/><W23/><G114/><T97/><D62/><U49/><E49/><V86/><F117/><W120/><G63/><T132/><D132/><U31/><E31/><V111/><F125/><W79/><G112/><T108/><D108/><U21/><E21/><V121/><F111/><W29/><G120/><T91/><D33/><U44/><E44/><V16/><F121/><W20/><G135/><T12/><D11/><U67/><E67/><V83/><F127/><W85/><G60/><T37/><D37/><RYUUKYOKU ba="0,1" sc="199,-10,157,30,229,-10,405,-10" hai1="45,50,55,69,70,78,82,84,88,93,99,101,107" />
</Scene>
<Scene>
<INIT seed="5,1,1,1,3,63" ten="189,187,219,395" oya="1" hai0="12,99,55,60,86,105,101,53,82,36,104,47,17" hai1="94,10,39,133,127,62,8,30,11,59,134,6,92" hai2="112,70,85,40,116,67,106,87,75,38,51,88,42" hai3="35,102,78,45,9,4,1,114,25,121,3,89,131"/><U117/><E117/><V98/><F116/><W21/><G121/><T31/><D31/><U48/><E39/><V77/><F38/><W108/><G108/><T46/><D105/><U16/><E127/><V115/><F51/><W54/><G35/><T109/><D109/><U119/><E119/><V20/><F85/><W57/><G102/><T68/><D46/><U33/><E48/><V27/><F77/><W113/><G78/><T122/><D122/><U81/><E81/><V56/><F70/><W71/><G71/><T74/><D74/><U5/><E33/><V14/><F14/><N who="3" m="5415" /><G45/><T72/><D72/><U132/><E30/><N who="2" m="17767" /><F75/><W93/><G131/><T128/><D128/><U79/><E79/><V123/><F98/><N who="3" m="57647" /><G21/><T73/><D73/><U7/><REACH who="1" step="1"/><E16/><REACH who="1" ten="189,177,219,395" step="2"/><V0/><F123/><W13/><G25/><T61/><D36/><U90/><E90/><V23/><F88/><W69/><G114/><T76/><D17/><U107/><E107/><V15/><F106/><W110/><G113/><T49/><D76/><U64/><AGARI ba="1,2" hai="5,6,7,8,10,11,59,62,64,92,94,132,133,134" machi="64" ten="40,18000,2" yaku="1,1,0,1,29,2,20,1,52,1,53,0" doraHai="63" doraHaiUra="124" who="1" fromWho="1" sc="189,-61,177,203,219,-61,395,-61" />
</Scene>
<Scene>
<INIT seed="5,2,0,3,4,25" ten="128,380,158,334" oya="1" hai0="135,29,50,131,128,92,7,71,46,75,80,115,53" hai1="133,63,3,134,102,89,27,55,112,69,44,94,84" hai2="8,74,116,32,52,70,30,108,1,88,72,86,51" hai3="96,109,123,24,62,56,57,79,9,21,6,67,119"/><U93/><E3/><V87/><F108/><W81/><G109/><T37/><D71/><U18/><E112/><V58/><F116/><W0/><G119/><T2/><D115/><U122/><E122/><V121/><F121/><W26/><G123/><T16/><D37/><U114/><E114/><V33/><F70/><W125/><G125/><T118/><D118/><U23/><E69/><V104/><F104/><W101/><G57/><T54/><D135/><N who="1" m="51723" /><E102/><V100/><F100/><W14/><G0/><T13/><D7/><U39/><E39/><V76/><F76/><W47/><G47/><T15/><D2/><U17/><E94/><V34/><F86/><W130/><G130/><T91/><D13/><U68/><E68/><V90/><F30/><W41/><G41/><T65/><D29/><N who="1" m="17663" /><E63/><V66/><F66/><W95/><G21/><T11/><D65/><U111/><E111/><V120/><F120/><W113/><G113/><T107/><D107/><U22/><E22/><V127/><F127/><W42/><G42/><T36/><D36/><U60/><E60/><V61/><F61/><W82/><G82/><T31/><D31/><U77/><E77/><V106/><F106/><W4/><G4/><T38/><D38/><U20/><E20/><V45/><F1/><W124/><G124/><T5/><D5/><U99/><E84/><AGARI ba="2,0" hai="6,9,14,24,26,56,62,67,79,81,84,95,96,101" machi="84" ten="30,2000,0" yaku="7,1,8,1" doraHai="25" who="3" fromWho="1" sc="128,0,380,-26,158,0,334,26" />
</Scene>
<Scene>
<INIT seed="6,0,0,3,3,88" ten="128,354,158,360" oya="2" hai0="58,27,59,5,61,14,84,8,4,36,119,31,82" hai1="100,39,10,132,107,29,18,73,117,17,121,52,95" hai2="111,16,99,69,54,134,9,60,135,51,118,63,103" hai3="120,130,48,101,92,30,76,49,89,19,23,38,104"/><V96/><F118/><W128/><G38/><T87/><D36/><U80/><E117/><V32/><F32/><W6/><G30/><T93/><D119/><U74/><E107/><V116/><F116/><W129/><G120/><T105/><D105/><U43/><E121/><V47/><F111/><W122/><G122/><T15/><D59/><U22/><E132/><N who="2" m="50731" /><F69/><W79/><G6/><T83/><D83/><U41/><E39/><V77/><F77/><N who="3" m="29771" /><G101/><T44/><D44/><U86/><E74/><V106/><F96/><N who="3" m="57359" /><G104/><T131/><D131/><U24/><E73/><V28/><F28/><W3/><G3/><T81/><D81/><U70/><E70/><V115/><F115/><W53/><G53/><T75/><D75/><U78/><E52/><V62/><F62/><W46/><G46/><T11/><D82/><U13/><E29/><V68/><F68/><W26/><AGARI ba="0,0" hai="19,23,26,48,49,128,129,130" m="57359,29771" machi="26" ten="40,2700,0" yaku="19,1,52,1" doraHai="88" who="3" fromWho="3" sc="128,-7,354,-7,158,-13,360,27" />
</Scene>
<Scene>
<INIT seed="7,0,0,1,5,12" ten="121,347,145,387" oya="3" hai0="0,132,84,100,65,116,19,90,35,107,111,46,66" hai1="80,69,96,124,89,131,62,6,4,92,30,18,121" hai2="93,119,134,41,10,29,23,5,37,123,20,51,72" hai3="117,63,27,24,1,130,79,32,58,81,125,7,85"/><W88/><G117/><T45/><D116/><U106/><E121/><V31/><F119/><W59/><G130/><T126/><D111/><U129/><E124/><V97/><F72/><W14/><G1/><T115/><D0/><U74/><E30/><V57/><F37/><W118/><G118/><T28/><D126/><U61/><E4/><V73/><F73/><W50/><G125/><T86/><D132/><U15/><E6/><V16/><F134/><W3/><G3/><T25/><D115/><U44/><E44/><N who="2" m="25999" /><F5/><W70/><G70/><T48/><D107/><U22/><E69/><V52/><F10/><N who="3" m="4447" /><G32/><T108/><D100/><U34/><E34/><V128/><F128/><N who="1" m="49225" /><E106/><V104/><F104/><W67/><G79/><AGARI ba="0,0" hai="15,18,22,61,62,74,79,80,89,92,96" m="49225" machi="79" ten="30,2000,0" yaku="19,1,52,1" doraHai="12" who="1" fromWho="3" sc="121,0,347,20,145,0,387,-20" owari="121,-38.0,367,46.0,145,-25.0,367,17.0" />
</Scene>
</mjloggm>