<mjloggm ver="2.3"><GO type="169" lobby="0"/><UN n0="%41%53%41%50%49%4E" n1="%41%70%70%6C%65%2A" n2="%E3%81%A1%E3%81%8F%E3%81%8D" n3="%E3%82%B3%E3%83%8F%E3%83%AB%E3%82%B9%E3%82%BF%E3%83%BC" dan="18,16,18,16" rate="2240.13,2063.48,2218.34,2087.11" sx="M,M,M,F"/><TAIKYOKU oya="0"/>

<Scene>
<INIT seed="0,0,0,2,1,61" ten="250,250,250,250" oya="0" hai0="41,104,81,130,128,103,35,25,107,125,132,122,120" hai1="101,100,105,20,108,82,63,43,97,33,36,116,65" hai2="129,32,109,127,8,70,30,12,3,56,0,112,26" hai3="87,73,47,57,18,64,88,78,69,15,118,66,4"/><T10/><D41/><U102/><E33/><V62/><F62/><W99/><G69/><T55/><D55/><U34/><E34/><V9/><F9/><W72/><G118/><T24/><D81/><U17/><E116/><V95/><F95/><W117/><G117/><T79/><D35/><U27/><E108/><V84/><F84/><W53/><G72/><T51/><D10/><U2/><E2/><V29/><F29/><W94/><G4/><T121/><D51/><U6/><E6/><V28/><F28/><W19/><G47/><T115/><D79/><U42/><E82/><V91/><F91/><N who="3" m="55775" /><G78/><T131/><D103/><U135/><E135/><V59/><F59/><W123/><G123/><T22/><D22/><U89/><E89/><V52/><F52/><W45/><G45/><T71/><D71/><U85/><E85/><V11/><F70/><W114/><G114/><T54/><D54/><U75/><E75/><V86/><F112/><W134/><G134/><T76/><D76/><U96/><E36/><V7/><F3/><W60/><G73/><T98/><D115/><U46/><E46/><V68/><F0/><W93/><G19/><T106/><D98/><N who="1" m="37995" /><E105/><V80/><F32/><W58/><G57/><AGARI ba="0,0" hai="17,20,27,42,43,57,63,65,100,101,102" m="37995" machi="57" ten="30,2000,0" yaku="8,1,52,1" doraHai="61" who="1" fromWho="3" sc="250,0,250,20,250,0,250,-20" />
</Scene>
<Scene>
<INIT seed="1,0,0,3,5,120" ten="250,270,250,230" oya="1" hai0="17,42,89,128,104,36,14,61,43,75,82,100,52" hai1="84,112,28,130,35,93,103,71,41,58,15,121,0" hai2="54,60,127,20,117,6,5,30,68,106,46,102,125" hai3="33,23,7,119,12,133,131,50,19,111,114,74,39"/><U10/><E112/><V109/><F117/><W94/><G39/><T32/><D32/><U63/><E71/><V76/><F76/><W16/><G119/><T13/><D128/><U24/><E121/><V115/><F115/><W105/><G114/><T95/><D36/><U53/><E0/><V44/><F102/><W18/><G105/><T1/><D1/><U124/><E124/><V62/><F106/><W96/><G33/><T56/><D14/><U66/><E41/><V118/><F118/><W107/><G107/><T81/><D104/><U25/><E25/><V40/><F20/><W122/><G74/><T70/><D100/><U31/><E31/><V72/><F30/><W67/><G122/><T126/><D70/><U85/><E130/><V77/><F77/><W79/><G79/><T116/><D126/><U37/><E37/><V22/><F72/><W134/><G67/><T83/><D75/><U47/><E47/><V55/><F68/><W64/><G64/><T86/><REACH who="0" step="1"/><D116/><REACH who="0" ten="240,270,250,230" step="2"/><U108/><E35/><V26/><F127/><W92/><G131/><T8/><AGARI ba="0,1" hai="8,13,17,42,43,52,56,61,81,82,83,86,89,95" machi="8" ten="30,12000,2" yaku="1,1,2,1,0,1,8,1,54,1,53,1" doraHai="120" doraHaiUra="59" who="0" fromWho="0" sc="240,130,270,-60,250,-30,230,-30" />
</Scene>
<Scene>
<INIT seed="2,0,0,1,5,76" ten="370,210,220,200" oya="2" hai0="52,7,43,71,88,127,1,79,95,108,86,113,57" hai1="40,44,98,72,61,5,122,131,78,35,13,32,55" hai2="48,101,100,27,74,134,31,37,117,28,66,81,91" hai3="107,111,0,64,102,130,104,25,69,22,45,99,23"/><V97/><F117/><W75/><G0/><T123/><D113/><U9/><E131/><V120/><F37/><W8/><G130/><T46/><D123/><U41/><E41/><V80/><F120/><W119/><G119/><T90/><D108/><U63/><E98/><V67/><F134/><W87/><G8/><T68/><D127/><U115/><E115/><V20/><F74/><W38/><G75/><T84/><D79/><U39/><E122/><V93/><F31/><W51/><G38/><T3/><D3/><U50/><E32/><V21/><F20/><W36/><G36/><T16/><D16/><U58/><E35/><V112/><F112/><W17/><G111/><T10/><D46/><U29/><E29/><V62/><F48/><W118/><G118/><T129/><D43/><U103/><E103/><N who="2" m="39499" /><F62/><W26/><G87/><T126/><D126/><U89/><E89/><V124/><F124/><W33/><G33/><T132/><D132/><U83/><AGARI ba="0,0" hai="5,9,13,39,40,44,50,55,58,61,63,72,78,83" machi="83" ten="30,2000,0" yaku="0,1,52,1" doraHai="76" who="1" fromWho="1" sc="370,-5,210,20,220,-10,200,-5" />
</Scene>
<Scene>
<INIT seed="3,0,0,0,0,86" ten="365,230,210,195" oya="3" hai0="41,110,40,90,18,79,85,16,102,48,25,100,19" hai1="2,49,66,44,128,45,50,17,30,88,117,103,71" hai2="134,4,89,107,52,70,123,43,28,54,7,77,55" hai3="115,80,112,65,72,106,114,99,84,111,26,36,5"/><W124/><G36/><T31/><D110/><U73/><E73/><V62/><F107/><W23/><G72/><T39/><D39/><U20/><E2/><V75/><F28/><W33/><G33/><T126/><D126/><U22/><E117/><V96/><F43/><W116/><G116/><T108/><D108/><U46/><E103/><N who="0" m="39465" /><D79/><U125/><E125/><V63/><F123/><W64/><G124/><T127/><D127/><U61/><E30/><V105/><F134/><W0/><G111/><T35/><D35/><U94/><E128/><V58/><F105/><W82/><G99/><T119/><D119/><U132/><E132/><V11/><F77/><W47/><G106/><T21/><D48/><U27/><REACH who="1" step="1"/><E22/><REACH who="1" ten="365,220,210,195" step="2"/><V129/><F75/><W122/><G122/><T6/><D21/><U68/><E68/><V98/><F129/><W78/><G0/><T130/><D31/><U1/><E1/><V13/><F70/><W74/><G5/><T3/><D6/><U10/><E10/><V59/><F7/><W42/><G114/><T81/><D3/><U83/><E83/><V97/><REACH who="2" step="1"/><F89/><REACH who="2" ten="365,220,200,195" step="2"/><N who="3" m="51335" /><G115/><T131/><D130/><U101/><E101/><V51/><F51/><N who="3" m="27127" /><G112/><T37/><D131/><U95/><E95/><V109/><F109/><W133/><G133/><T76/><D37/><U60/><E60/><AGARI ba="0,2" hai="4,11,13,52,54,55,58,59,60,62,63,96,97,98" machi="60" ten="40,5200,0" yaku="1,1,8,1,54,1,53,0" doraHai="86" doraHaiUra="69" who="2" fromWho="1" sc="365,0,220,-52,200,72,195,0" />
</Scene>
<Scene>
<INIT seed="4,0,0,2,1,24" ten="365,168,272,195" oya="0" hai0="55,21,94,17,130,82,133,79,32,109,30,3,132" hai1="48,118,112,120,56,6,78,70,93,57,129,38,76" hai2="36,98,40,72,73,123,18,84,12,4,44,95,108" hai3="0,75,69,128,46,61,23,54,31,71,100,96,104"/><T8/><D130/><U5/><E118/><V80/><F123/><W77/><G128/><T16/><D109/><U43/><E129/><V102/><F4/><W97/><G0/><T122/><D122/><U114/><E120/><V14/><F108/><W117/><G117/><T63/><D94/><U13/><E38/><V20/><REACH who="2" step="1"/><F12/><REACH who="2" ten="365,168,262,195" step="2"/><W91/><G71/><T126/><D3/><U103/><E13/><V105/><F105/><W37/><G69/><T121/><D121/><U22/><E70/><V27/><F27/><W106/><G106/><T107/><D107/><U134/><E6/><V62/><F62/><W28/><G61/><T65/><D63/><U53/><E5/><V127/><F127/><W85/><G23/><T25/><D126/><U34/><E22/><V81/><F81/><N who="3" m="45247" /><G96/><T41/><D21/><U19/><E34/><V60/><F60/><W49/><G37/><T86/><D32/><U45/><E112/><V26/><F26/><W125/><G125/><T68/><D25/><U124/><E114/><V115/><F115/><W50/><G50/><T88/><D68/><U111/><E124/><V33/><F33/><W39/><G39/><T35/><D35/><U90/><E111/><V116/><F116/><W135/><G135/><T92/><D17/><U11/><E134/><V87/><F87/><W83/><G83/><T1/><D16/><U10/><E19/><V42/><F42/><W58/><G58/><T89/><D133/><U47/><E43/><V67/><F67/><W64/><G64/><T66/><D82/><U131/><E131/><V52/><F52/><RYUUKYOKU ba="0,1" sc="365,-15,168,-15,262,15,195,15" hai2="14,18,20,36,40,44,72,73,80,84,95,98,102" hai3="28,31,46,49,54,85,91,97,100,104" />
</Scene>
<Scene>
<INIT seed="5,1,1,5,1,46" ten="350,153,277,210" oya="1" hai0="98,33,58,94,32,74,29,134,110,76,114,34,24" hai1="62,75,133,130,48,43,63,1,80,68,54,8,116" hai2="0,15,79,105,59,84,77,5,61,92,87,123,42" hai3="44,121,70,118,27,82,101,47,19,126,2,12,91"/><U17/><E116/><V132/><F105/><W69/><G2/><T39/><D110/><U16/><E133/><V113/><F123/><W56/><G121/><T57/><D134/><U122/><E122/><V85/><F132/><W96/><G118/><T22/><D114/><U21/><E130/><V28/><F0/><W9/><G126/><T45/><D74/><U124/><E124/><V65/><F113/><W119/><G119/><T106/><D76/><N who="2" m="29258" /><F42/><W89/><G69/><T7/><D106/><U83/><E75/><V3/><F3/><W40/><G70/><T135/><D135/><U109/><E109/><V26/><F26/><W125/><G125/><T128/><D7/><U117/><E117/><V99/><F28/><W93/><G56/><T30/><D30/><U53/><E68/><V97/><F92/><W81/><G27/><T60/><D128/><U95/><E95/><V104/><F104/><W25/><G25/><T10/><D24/><N who="1" m="14375" /><E43/><V111/><F111/><W36/><G82/><N who="1" m="31274" /><E1/><V20/><F20/><W100/><G81/><T102/><D22/><U6/><E6/><V90/><F5/><W120/><G120/><T55/><D29/><U86/><E86/><V131/><F85/><W107/><G107/><T23/><D23/><U66/><E66/><V49/><F87/><W72/><G72/><T103/><D33/><U14/><E54/><N who="2" m="32207" /><F131/><W50/><REACH who="3" step="1"/><G101/><REACH who="3" ten="350,153,277,200" step="2"/><N who="0" m="60631" /><D34/><U31/><E31/><V13/><F90/><W67/><G67/><T115/><D32/><U11/><E11/><V127/><F65/><W88/><G88/><T73/><D115/><U78/><E78/><RYUUKYOKU ba="1,2" sc="350,-15,153,15,277,-15,200,15" hai1="8,14,17,48,53,62,63" hai3="9,12,19,36,40,44,47,50,89,91,93,96,100" />
</Scene>
<Scene>
<INIT seed="5,2,2,3,5,83" ten="335,168,262,215" oya="1" hai0="30,125,17,50,75,67,122,132,118,91,96,16,28" hai1="22,126,68,40,102,81,58,4,78,90,135,19,49" hai2="59,33,23,46,43,13,41,73,72,76,86,54,120" hai3="57,110,85,61,48,79,25,11,97,127,60,119,114"/><U128/><E68/><V2/><F33/><W84/><G114/><T21/><D118/><U98/><E128/><V47/><F2/><W133/><G110/><T37/><D75/><U105/><E135/><V109/><F109/><W95/><G133/><T82/><D37/><U45/><E4/><V51/><F120/><W36/><G36/><T69/><D132/><U56/><E90/><V65/><F65/><W106/><G106/><T52/><D122/><U71/><E71/><V93/><F73/><W38/><G38/><T88/><D125/><U108/><E126/><V24/><F72/><W121/><G121/><T115/><D115/><U62/><E62/><N who="3" m="24170" /><G79/><T112/><D67/><U14/><E108/><V29/><F13/><W101/><G119/><T94/><D17/><U104/><REACH who="1" step="1"/><E105/><REACH who="1" ten="335,158,262,215" step="2"/><V123/><F123/><W100/><G127/><T89/><D69/><U77/><E77/><V55/><F76/><W113/><G113/><T39/><D112/><U107/><E107/><V99/><F41/><W116/><G116/><T53/><D91/><U130/><E130/><V20/><F43/><W134/><G134/><T10/><D89/><U32/><E32/><V70/><F70/><W18/><G101/><T74/><D88/><U131/><E131/><V7/><F7/><W9/><G100/><T15/><D94/><U66/><E66/><V6/><F93/><W124/><G95/><T31/><D53/><U63/><E63/><V27/><F55/><W129/><G124/><T3/><D52/><U1/><E1/><V117/><F54/><W80/><G129/><T35/><D3/><RYUUKYOKU ba="2,3" sc="335,-10,158,30,262,-10,215,-10" hai1="14,19,22,40,45,49,56,58,78,81,98,102,104" />
</Scene>
<Scene>
<INIT seed="5,3,3,4,1,87" ten="325,188,252,205" oya="1" hai0="52,8,115,113,117,122,112,44,38,119,59,18,83" hai1="23,120,88,133,28,27,63,48,2,95,53,46,10" hai2="129,36,116,56,70,40,86,110,5,50,20,73,32" hai3="15,85,72,109,34,69,131,130,12,3,67,75,6"/><U51/><E120/><V22/><F110/><W19/><G34/><T66/><D122/><U58/><E133/><V78/><F70/><W105/><G105/><T104/><D104/><U124/><E124/><V100/><F32/><W13/><G109/><T89/><D66/><U77/><E77/><V0/><F116/><W62/><G6/><T99/><D8/><U76/><E76/><V128/><F100/><W45/><G3/><T17/><D44/><U31/><E2/><V80/><F73/><W91/><G45/><T16/><D38/><U1/><E1/><V71/><F71/><W37/><G37/><T21/><D21/><U96/><E10/><N who="2" m="2343" /><F36/><W125/><G19/><T14/><D14/><U93/><E51/><V49/><F49/><W64/><G64/><T55/><D55/><N who="1" m="34271" /><E93/><V9/><F9/><W114/><G114/><T65/><D65/><U11/><E11/><V97/><F97/><W4/><G4/><T107/><D107/><U25/><E25/><V102/><F102/><W61/><G61/><N who="0" m="36071" /><D83/><U29/><AGARI ba="3,3" hai="23,27,28,29,31,46,48,53,88,95,96" m="34271" machi="29" ten="30,6000,0" yaku="8,1,52,1,54,1" doraHai="87" who="1" fromWho="1" sc="325,-23,188,99,252,-23,205,-23" />
</Scene>
<Scene>
<INIT seed="5,4,0,1,5,37" ten="302,287,229,182" oya="1" hai0="120,111,75,46,1,5,113,15,121,110,99,57,80" hai1="9,35,124,52,41,131,13,115,82,72,30,45,90" hai2="53,11,31,77,102,6,106,92,94,107,128,71,85" hai3="108,97,27,84,83,54,133,28,22,103,8,118,66"/><U10/><E124/><V44/><F71/><W96/><G108/><T125/><D113/><U78/><E115/><V68/><F68/><W38/><G118/><T109/><D125/><U67/><E67/><V4/><F31/><W2/><G133/><T21/><D1/><U33/><E30/><V7/><F128/><W134/><G134/><T19/><D5/><U122/><E122/><N who="0" m="47209" /><D57/><U88/><E10/><V39/><F11/><W100/><G66/><T43/><D99/><U3/><E3/><V63/><F77/><W60/><G38/><N who="0" m="21879" /><D80/><U135/><E135/><V104/><F102/><W127/><G127/><T34/><D75/><U112/><E112/><V116/><F116/><W50/><G60/><T119/><D119/><U76/><E76/><V130/><F130/><W36/><G36/><T65/><D65/><U42/><E131/><V56/><REACH who="2" step="1"/><F85/><REACH who="2" ten="302,287,219,182" step="2"/><W132/><G132/><T0/><D0/><U64/><E78/><V16/><F16/><W26/><G103/><T29/><D29/><U61/><E72/><V114/><F114/><W70/><G70/><T49/><D34/><U23/><E33/><V129/><F129/><W117/><G100/><T59/><D110/><U18/><E35/><V12/><F12/><W40/><G117/><T55/><AGARI ba="4,1" hai="15,19,21,49,55,59,109,111" m="21879,47209" machi="55" ten="30,2000,0" yaku="13,1,52,1" doraHai="37" who="0" fromWho="0" sc="302,42,287,-14,219,-9,182,-9" />
</Scene>
<Scene>
<INIT seed="6,0,0,1,1,102" ten="344,273,210,173" oya="2" hai0="80,67,123,84,62,70,87,124,1,37,40,104,58" hai1="31,103,64,27,75,88,83,19,26,77,52,82,112" hai2="120,69,118,79,46,53,50,134,74,44,94,7,32" hai3="101,38,106,4,126,119,130,60,109,96,92,34,98"/><V90/><F120/><W18/><G119/><T72/><D123/><U107/><E64/><V55/><F69/><W68/><G109/><T3/><D124/><U86/><E112/><V42/><F118/><W71/><G126/><T114/><D114/><U33/><E52/><V57/><F32/><W59/><G38/><T113/><D113/><U128/><E128/><V131/><F131/><W48/><G4/><T5/><D104/><U24/><E19/><V41/><F134/><W36/><G36/><T12/><D12/><U15/><E15/><V6/><F79/><W2/><G2/><T11/><D3/><U93/><E83/><V13/><F74/><W10/><G34/><T99/><D99/><AGARI ba="0,0" hai="24,26,27,31,33,75,77,82,86,88,93,99,103,107" machi="99" ten="40,8000,1" yaku="24,2,52,1,54,1" doraHai="102" who="1" fromWho="0" sc="344,-80,273,80,210,0,173,0" />
</Scene>
<Scene>
<INIT seed="7,0,0,3,5,68" ten="264,353,210,173" oya="3" hai0="56,71,26,73,81,122,101,15,36,119,60,79,66" hai1="76,129,77,25,80,89,84,46,4,1,9,52,94" hai2="120,85,33,72,63,130,14,17,13,112,41,95,11" hai3="93,107,74,103,16,0,65,134,124,98,115,102,78"/><W58/><G0/><T32/><D119/><U29/><E129/><V111/><F111/><W67/><G115/><T49/><D122/><U125/><E125/><V8/><F72/><W82/><G124/><T110/><D110/><U92/><E92/><V59/><F112/><W21/><G134/><T70/><D36/><U90/><E52/><N who="2" m="34279" /><F33/><W132/><G132/><T127/><D127/><U55/><E46/><V86/><F130/><W31/><G31/><T51/><D101/><U3/><E55/><V28/><F120/><W117/><G117/><T43/><D43/><U39/><E39/><V128/><F128/><W18/><G58/><T99/><D99/><U113/><E3/><V64/><F41/><W40/><G40/><T48/><D15/><U121/><E113/><V114/><F114/><W123/><G123/><T10/><D10/><U57/><E57/><V96/><F28/><W87/><G18/><T50/><D50/><U108/><E108/><V34/><F64/><W109/><G109/><T7/><D7/><U61/><E61/><V131/><F34/><W2/><G2/><T42/><D42/><U38/><E38/><V100/><F131/><W27/><REACH who="3" step="1"/><G103/><REACH who="3" ten="264,353,210,163" step="2"/><T118/><D118/><U75/><E121/><V30/><F30/><W135/><G135/><T104/><D70/><U37/><E29/><V116/><F116/><W6/><G6/><AGARI ba="0,1" hai="6,8,11,13,14,17,85,86,95,96,100" m="34279" machi="6" ten="30,2000,0" yaku="8,1,54,1" doraHai="68" who="2" fromWho="3" sc="264,0,353,0,210,30,163,-20" owari="264,6.0,353,46.0,240,-16.0,143,-36.0" />
</Scene>
</mjloggm>