<mjloggm ver="2.3"><GO type="169"/><UN n0="%E3%82%B9%E3%83%BC%E3%83%8B" n1="%E3%81%A7%E3%81%93%E3%81%98" n2="%41%53%41%50%49%4E" n3="%E3%81%97%E3%81%8A%E3%82%84%E3%81%A0%E3%82%93" dan="16,17,18,17" rate="2059,2155,2244,2127" sx="M,M,M,F"/><TAIKYOKU oya="0"/>

<Scene>
<INIT seed="0,0,0,4,2,10" ten="250,250,250,250" oya="0" hai0="30,70,39,127,21,67,15,113,90,119,105,33,108" hai1="130,34,11,80,132,125,89,87,131,121,81,96,122" hai2="0,37,48,42,85,35,92,3,45,9,41,115,52" hai3="123,43,19,71,46,4,53,83,8,98,88,68,134"/><T128/><RYUUKYOKU type="yao9" ba="0,0" sc="250,0,250,0,250,0,250,0" hai0="15,21,30,33,39,67,70,90,105,108,113,119,127,128" />
</Scene>
<Scene>
<INIT seed="0,1,0,4,0,123" ten="250,250,250,250" oya="0" hai0="41,115,34,101,69,110,31,109,3,70,87,45,55" hai1="80,37,98,111,121,28,90,14,83,50,21,77,104" hai2="120,9,86,117,127,103,39,131,129,112,78,16,107" hai3="57,48,72,88,92,11,76,102,5,96,62,126,51"/><T100/><D3/><U125/><E37/><V44/><F120/><W135/><G135/><T53/><D115/><U134/><E121/><V108/><F112/><W23/><G126/><T36/><D87/><U25/><E134/><V114/><F114/><W33/><G33/><T43/><D31/><U61/><E125/><V132/><F132/><W97/><G23/><T133/><D34/><U82/><E77/><V91/><F78/><W7/><G7/><T27/><D27/><U56/><E50/><V26/><F127/><W75/><G75/><T46/><D133/><U73/><E73/><V58/><F117/><W2/><G76/><T67/><D67/><U38/><E38/><AGARI ba="1,0" hai="36,38,41,43,45,46,53,55,69,70,100,101,109,110" machi="38" ten="25,9600,0" yaku="22,2,52,2" doraHai="123" who="0" fromWho="1" sc="250,99,250,-99,250,0,250,0" />
</Scene>
<Scene>
<INIT seed="0,2,0,4,2,82" ten="349,151,250,250" oya="0" hai0="49,97,99,74,105,61,9,62,31,69,124,11,51" hai1="40,36,19,22,38,86,21,28,24,114,73,65,94" hai2="15,111,103,122,2,68,125,84,58,93,29,80,50" hai3="113,83,26,4,117,88,100,39,54,71,115,107,75"/><T128/><D74/><U96/><E73/><V27/><F122/><W52/><G117/><T5/><D31/><U95/><E114/><V10/><F68/><W37/><G71/><T130/><D69/><U132/><E132/><V133/><F133/><W17/><G4/><T134/><D134/><U70/><E40/><V13/><F111/><W77/><G100/><T25/><D105/><U42/><E42/><V120/><F120/><W23/><G107/><T46/><D25/><U127/><E127/><V7/><F125/><W3/><G3/><T98/><D124/><U109/><E109/><V126/><F126/><W91/><G113/><T89/><D89/><U135/><E135/><V8/><F50/><N who="0" m="18954" /><D46/><U56/><E70/><V16/><F58/><W64/><G64/><T131/><D5/><U44/><E44/><V66/><F66/><W116/><G116/><T104/><D104/><U112/><E112/><V45/><F45/><W102/><G102/><T47/><D47/><U67/><E67/><V1/><F93/><W59/><G115/><T20/><D20/><U92/><E96/><V57/><F57/><W12/><G26/><T6/><D6/><U48/><E65/><V34/><REACH who="2" step="1"/><F103/><REACH who="2" ten="349,151,240,250" step="2"/><W35/><G59/><T55/><D55/><N who="1" m="31847" /><E38/><V63/><F63/><AGARI ba="2,1" hai="9,11,61,62,63,97,98,99,128,130,131" m="18954" machi="63" ten="40,7700,0" yaku="28,2,19,1" doraHai="82" who="0" fromWho="2" sc="349,93,151,0,240,-83,250,0" />
</Scene>
<Scene>
<INIT seed="0,3,0,2,1,99" ten="442,151,157,250" oya="0" hai0="41,129,29,98,65,57,58,21,107,100,18,113,60" hai1="9,47,133,115,31,124,48,103,112,91,20,11,131" hai2="135,93,6,76,5,46,86,35,104,119,55,77,13" hai3="61,134,126,94,26,64,78,19,27,70,82,16,71"/><T79/><D113/><N who="1" m="43595" /><E124/><V45/><F35/><W101/><G126/><T73/><D41/><N who="1" m="24687" /><E131/><V95/><F104/><W38/><G38/><T81/><D29/><U87/><E133/><V14/><F135/><W36/><G36/><T30/><D30/><U127/><E127/><V69/><F55/><W4/><G4/><T15/><REACH who="0" step="1"/><D129/><REACH who="0" ten="432,151,157,250" step="2"/><U63/><E31/><V122/><F122/><W111/><G134/><T54/><D54/><U102/><E20/><V80/><F119/><W83/><G64/><T23/><D23/><U121/><E121/><V89/><F69/><AGARI ba="3,1" hai="15,18,21,57,58,60,65,69,73,79,81,98,100,107" machi="69" ten="30,5800,0" yaku="1,1,7,1,52,1,53,0" doraHai="99" doraHaiUra="24" who="0" fromWho="2" sc="432,77,151,0,157,-67,250,0" />
</Scene>
<Scene>
<INIT seed="0,4,0,2,3,131" ten="509,151,90,250" oya="0" hai0="134,50,65,63,19,122,20,113,75,105,22,66,3" hai1="15,13,11,8,49,129,47,61,87,89,17,44,35" hai2="110,123,124,4,93,24,58,101,79,12,14,118,57" hai3="99,59,102,68,2,51,36,130,95,26,7,112,106"/><T92/><D92/><U127/><E129/><V38/><F123/><W83/><G36/><T34/><D34/><U90/><E127/><V39/><F124/><W52/><G68/><T76/><D105/><U46/><E35/><V40/><F110/><W120/><G130/><T71/><D3/><U33/><E33/><V132/><F132/><W64/><G120/><T116/><D116/><U126/><E126/><V103/><F118/><W10/><G112/><T78/><D113/><U77/><E61/><V108/><F108/><W29/><G83/><T41/><D122/><U81/><REACH who="1" step="1"/><E49/><REACH who="1" ten="509,141,90,250" step="2"/><V117/><F117/><W18/><G64/><T114/><D114/><U56/><E56/><V100/><F57/><W98/><G59/><T31/><D65/><U45/><N who="1" m="11776" /><DORA hai="111" /><U43/><E43/><V119/><F40/><W25/><G51/><T23/><D50/><U72/><E72/><V135/><F119/><W125/><G125/><T1/><D41/><U53/><E53/><V6/><F58/><W42/><G52/><T21/><D75/><U133/><E133/><V107/><F135/><W109/><G42/><T104/><D134/><U88/><E88/><V74/><F74/><W94/><G109/><T80/><D66/><U69/><E69/><V9/><F39/><W128/><G128/><T115/><D63/><U0/><E0/><V82/><F38/><W96/><G2/><T73/><D71/><U32/><E32/><V86/><F100/><W97/><G102/><T84/><D73/><U54/><E54/><V55/><F101/><W28/><N who="3" m="24576" /><DORA hai="85" /><W48/><G48/><RYUUKYOKU ba="4,1" sc="509,-10,141,30,90,-10,250,-10" hai1="8,11,13,15,17,77,81,87,89,90" />
</Scene>
<Scene>
<INIT seed="1,5,1,2,2,41" ten="499,171,80,240" oya="1" hai0="1,23,35,10,68,27,130,123,12,66,47,116,55" hai1="109,127,93,87,70,58,29,54,36,8,97,51,84" hai2="117,101,22,26,106,110,53,108,17,73,64,56,75" hai3="107,118,90,88,89,71,98,124,91,19,28,95,4"/><U113/><E113/><V125/><F117/><W102/><G71/><T25/><D116/><U46/><E70/><V82/><F125/><W45/><G124/><T42/><D55/><U120/><E120/><V76/><F64/><W9/><G118/><T104/><D104/><U65/><E127/><V85/><F101/><W44/><G28/><T38/><D123/><U72/><E72/><V32/><F106/><W18/><G18/><T15/><D130/><U96/><E109/><N who="2" m="42091" /><F32/><W83/><G19/><T105/><D105/><U61/><E36/><V11/><F11/><W135/><G135/><T119/><D119/><U92/><E8/><V128/><F128/><W5/><G5/><T79/><D79/><U31/><E93/><V40/><F40/><W0/><REACH who="3" step="1"/><G83/><REACH who="3" ten="499,171,80,230" step="2"/><T121/><D68/><U43/><E43/><V67/><F82/><W24/><G24/><T37/><D27/><U74/><E92/><V134/><F134/><W133/><G133/><T33/><D25/><U60/><E31/><V50/><F26/><W16/><G16/><T126/><D42/><U7/><E29/><V131/><F17/><W30/><G30/><T6/><D6/><U21/><E7/><V94/><F131/><W129/><G129/><T20/><D126/><U115/><E115/><V59/><F94/><W63/><G63/><T14/><D121/><U111/><E111/><V49/><F22/><W122/><G122/><T57/><D20/><U81/><E21/><V103/><F49/><W114/><G114/><T48/><D23/><U112/><E112/><V78/><F50/><W80/><G80/><RYUUKYOKU ba="5,2" sc="499,-10,171,-10,80,-10,230,30" hai3="0,4,9,44,45,88,89,90,91,95,98,102,107" />
</Scene>
<Scene>
<INIT seed="2,6,2,4,3,85" ten="489,161,70,260" oya="2" hai0="34,133,89,39,71,75,18,55,105,17,129,135,117" hai1="88,73,68,35,54,116,1,126,24,93,95,83,101" hai2="118,46,6,92,74,28,78,56,108,110,121,49,84" hai3="90,58,113,59,120,11,62,37,123,119,20,40,66"/><V30/><F121/><W26/><G119/><T36/><D105/><U132/><E116/><V67/><F118/><W12/><G113/><T42/><D75/><U47/><E1/><V38/><F38/><N who="0" m="14378" /><D42/><U14/><E68/><V41/><F74/><W43/><G37/><T0/><D34/><U7/><E126/><V86/><F6/><N who="3" m="3191" /><G123/><T9/><D71/><U57/><E132/><N who="0" m="50761" /><D117/><U22/><E35/><V115/><F86/><W87/><G59/><T114/><D114/><U70/><E70/><V60/><F115/><W94/><G120/><T19/><D55/><U91/><E47/><V50/><F50/><W81/><G81/><T5/><D89/><N who="1" m="34379" /><E73/><V106/><F106/><W82/><G82/><T25/><D129/><U80/><E80/><N who="2" m="47127" /><F92/><W32/><G32/><T111/><D111/><AGARI ba="6,2" hai="28,30,41,46,49,56,60,67,108,110,111" m="47127" machi="111" ten="30,2900,0" yaku="14,1,10,1" doraHai="85" who="2" fromWho="0" sc="489,-47,161,0,70,67,260,0" />
</Scene>
<Scene>
<INIT seed="2,7,0,2,2,117" ten="442,161,137,260" oya="2" hai0="9,30,76,32,111,20,125,53,78,62,67,51,131" hai1="112,101,127,61,73,99,36,91,84,29,2,120,7" hai2="21,35,18,8,81,94,50,90,40,106,116,87,102" hai3="10,103,83,48,57,0,75,17,109,64,105,56,19"/><V89/><F116/><W69/><G69/><T23/><D111/><U52/><E112/><V46/><F35/><W24/><G105/><T31/><D131/><U72/><E36/><V100/><F106/><W85/><G75/><T37/><D37/><U42/><E42/><V74/><F8/><W39/><G39/><T77/><D125/><U130/><E29/><N who="0" m="10761" /><D32/><U12/><E2/><V5/><F5/><W115/><G109/><T70/><D70/><U93/><E130/><V27/><REACH who="2" step="1"/><F74/><REACH who="2" ten="442,161,127,260" step="2"/><W68/><G10/><T121/><D9/><N who="1" m="4159" /><E127/><V59/><F59/><W33/><G57/><N who="0" m="37327" /><D121/><U66/><E120/><V25/><F25/><W44/><G24/><T79/><D79/><U60/><E73/><V16/><F16/><W65/><G17/><T113/><D113/><U124/><E72/><V26/><F26/><W49/><G19/><T123/><D123/><U54/><E124/><V135/><F135/><W104/><G56/><AGARI ba="7,1" hai="20,23,51,53,56,76,77,78" m="37327,10761" machi="56" ten="30,1000,0" yaku="8,1" doraHai="117" who="0" fromWho="3" sc="442,41,161,0,127,0,260,-31" />
</Scene>
<Scene>
<INIT seed="3,0,0,2,2,44" ten="483,161,127,229" oya="3" hai0="130,108,36,72,56,0,102,45,13,134,15,92,34" hai1="6,60,48,63,64,42,33,114,107,29,95,103,74" hai2="132,115,1,54,118,4,73,41,57,101,7,2,62" hai3="65,104,98,120,100,21,97,55,124,61,71,86,125"/><W5/><G120/><T66/><D0/><U3/><E114/><V27/><F115/><W87/><G5/><T93/><D72/><U19/><E74/><V49/><F118/><W26/><G97/><T69/><D69/><U126/><E126/><N who="3" m="48746" /><G55/><T67/><D34/><U37/><E37/><V116/><F132/><W75/><G75/><T106/><D134/><U20/><E107/><V25/><F116/><W23/><G23/><T70/><D70/><U79/><E79/><V10/><F73/><W59/><G71/><T135/><D135/><U53/><E42/><V82/><F82/><W113/><G113/><T119/><D106/><U77/><E77/><V109/><F109/><W52/><G65/><T121/><D121/><U11/><E64/><V40/><F101/><W35/><G35/><T88/><D67/><U78/><E78/><V17/><F4/><W127/><N who="3" m="48754" /><W31/><AGARI ba="0,0" hai="21,26,31,52,59,61,86,87,98,100,104" m="48754" machi="31" ten="40,7800,0" yaku="4,1,18,1,54,1" doraHai="44" who="3" fromWho="3" sc="483,-26,161,-26,127,-26,229,78" />
</Scene>
<Scene>
<INIT seed="3,1,0,0,4,110" ten="457,135,101,307" oya="3" hai0="15,57,47,75,120,48,116,39,60,6,44,80,127" hai1="54,56,126,20,7,4,5,53,25,88,98,42,107" hai2="37,71,74,52,63,33,36,123,9,73,69,35,92" hai3="12,82,24,129,101,106,32,28,51,1,108,45,100"/><W23/><G1/><T86/><D75/><N who="2" m="28682" /><F92/><W109/><G129/><T65/><D120/><U72/><E72/><V14/><F14/><W103/><G82/><T77/><D127/><U61/><E126/><V8/><F123/><W22/><G106/><T27/><D116/><U105/><E42/><V134/><F63/><W95/><G95/><T0/><D0/><U118/><E118/><V133/><F9/><W41/><REACH who="3" step="1"/><G12/><REACH who="3" ten="457,135,101,297" step="2"/><T13/><D6/><U91/><E105/><V79/><F79/><W16/><G16/><T94/><D94/><N who="1" m="56647" /><E107/><V78/><F78/><W84/><G84/><T10/><D10/><U19/><E91/><V58/><F8/><W29/><G29/><T34/><D15/><U3/><E3/><V2/><F2/><W50/><G50/><T26/><D13/><U11/><E11/><V40/><F37/><W99/><G99/><T102/><D39/><U125/><E125/><V31/><F31/><W76/><G76/><T49/><D102/><U67/><AGARI ba="1,1" hai="4,5,7,19,20,25,53,54,56,61,67" m="56647" machi="67" ten="30,2000,0" yaku="8,1,54,1" doraHai="110" who="1" fromWho="1" sc="457,-6,135,33,101,-6,297,-11" />
</Scene>
<Scene>
<INIT seed="4,0,0,4,0,6" ten="451,168,95,286" oya="0" hai0="115,102,81,88,9,14,41,33,29,94,83,12,52" hai1="80,28,78,32,120,98,106,74,63,79,50,16,131" hai2="40,49,97,61,36,64,91,4,123,3,7,37,67" hai3="58,13,17,112,119,86,21,75,39,92,134,85,48"/><T56/><D115/><U69/><E120/><V124/><F123/><W109/><G39/><T122/><D122/><U89/><E131/><V117/><F124/><W130/><G75/><T113/><D113/><U87/><E50/><V100/><F117/><W22/><G119/><T68/><D68/><U15/><E28/><V46/><F91/><W90/><G112/><T107/><D41/><U125/><E32/><V103/><F103/><W55/><G130/><T135/><D135/><U45/><E125/><V34/><F34/><W128/><G128/><T129/><D14/><U53/><E45/><V76/><F76/><W38/><G38/><T25/><D102/><U70/><E78/><V99/><F99/><W72/><G72/><T108/><D107/><U44/><E44/><V60/><F60/><W101/><G101/><T82/><D108/><U73/><E73/><V127/><F7/><W95/><G134/><T51/><D129/><U24/><E106/><V84/><F84/><W96/><G109/><T10/><REACH who="0" step="1"/><D12/><REACH who="0" ten="441,168,95,286" step="2"/><U71/><E15/><V5/><F127/><W31/><G95/><T54/><D54/><U62/><E53/><V59/><F40/><W8/><G55/><T27/><D27/><U26/><E26/><V104/><F100/><W132/><G13/><T23/><D23/><N who="1" m="13415" /><E74/><V30/><F104/><W43/><G22/><T118/><D118/><U65/><E65/><V111/><F64/><W110/><G21/><T20/><D20/><U93/><E71/><V121/><F67/><W42/><G132/><T105/><D105/><U2/><E2/><V116/><F121/><RYUUKYOKU ba="0,1" sc="441,15,168,15,95,-15,286,-15" hai0="9,10,25,29,33,51,52,56,81,82,83,88,94" hai1="62,63,69,70,79,80,87,89,93,98" />
</Scene>
<Scene>
<INIT seed="4,1,1,3,0,76" ten="456,183,80,271" oya="0" hai0="26,71,74,1,36,51,67,123,53,98,19,55,50" hai1="81,44,115,95,91,69,113,128,86,30,80,15,31" hai2="129,104,11,114,18,121,39,106,68,120,110,77,84" hai3="124,42,34,73,89,66,57,100,99,14,16,132,93"/><T107/><D1/><U25/><E69/><V10/><F68/><W59/><G34/><T35/><D36/><U17/><E128/><V7/><F39/><W118/><G118/><T70/><D74/><U48/><E15/><V0/><F110/><W12/><G132/><T103/><D123/><U60/><E17/><V82/><F129/><W8/><G124/><T27/><D19/><U125/><E60/><V4/><F18/><N who="3" m="8455" /><G73/><T13/><D13/><U94/><E94/><V83/><F114/><N who="1" m="43529" /><E125/><V23/><F77/><W130/><G42/><T2/><D2/><U135/><E135/><V52/><F0/><W112/><G130/><T64/><D71/><U5/><E5/><V131/><F84/><W111/><G111/><T28/><D27/><U97/><E86/><V122/><F131/><W46/><G46/><T72/><D72/><U41/><E31/><V61/><F122/><W33/><G33/><AGARI ba="1,1" hai="25,30,33,41,44,48,80,81,91,95,97" m="43529" machi="33" ten="30,7700,0" yaku="15,1,11,1,52,2" doraHai="76" who="1" fromWho="3" sc="456,0,183,90,80,0,271,-80" />
</Scene>
<Scene>
<INIT seed="5,0,0,2,2,24" ten="456,273,80,191" oya="1" hai0="6,129,111,109,130,70,93,75,37,65,28,72,116" hai1="124,82,86,99,39,63,108,45,102,104,135,35,88" hai2="29,10,58,78,64,85,9,43,48,25,68,121,15" hai3="18,50,113,40,103,19,67,56,41,107,73,1,34"/><U61/><E124/><V23/><F121/><W114/><G1/><T74/><D37/><U71/><E135/><V92/><F68/><W84/><G73/><T106/><D6/><U27/><E108/><N who="0" m="41545" /><D65/><U33/><E71/><V79/><F10/><W125/><G125/><T47/><D70/><U21/><E39/><V118/><F118/><W110/><G34/><T57/><D57/><U62/><REACH who="1" step="1"/><E45/><REACH who="1" ten="456,263,80,191" step="2"/><N who="2" m="25663" /><F58/><W17/><G114/><T134/><D47/><U96/><E96/><V31/><F64/><W12/><G110/><T69/><D69/><U38/><E38/><V30/><F92/><W53/><G113/><T123/><D134/><U49/><E49/><V101/><F101/><W42/><G103/><T60/><D93/><U133/><E133/><V11/><F11/><W128/><G107/><T80/><D116/><U131/><E131/><V13/><F13/><W7/><G128/><T22/><D123/><U46/><E46/><V0/><F0/><W98/><G12/><T105/><D105/><U51/><E51/><V8/><F8/><W122/><G122/><T117/><D106/><U100/><E100/><V126/><F126/><W115/><G50/><T59/><D117/><U76/><E76/><N who="2" m="29227" /><F85/><W95/><G84/><T55/><D80/><U3/><E3/><V87/><F87/><W66/><G115/><T83/><D83/><U5/><E5/><AGARI ba="0,1" hai="5,9,15,23,25,29,30,31" m="29227,25663" machi="5" ten="30,7700,0" yaku="8,1,52,3" doraHai="24" who="2" fromWho="1" sc="456,0,263,-77,80,87,191,0" />
</Scene>
<Scene>
<INIT seed="6,0,0,0,4,58" ten="456,186,167,191" oya="2" hai0="26,125,97,75,73,13,10,126,61,108,19,70,52" hai1="135,50,6,91,116,115,102,63,68,15,1,47,28" hai2="18,86,57,133,11,34,40,60,131,74,105,16,121" hai3="64,33,110,35,71,104,77,5,51,65,41,2,127"/><V123/><F74/><W4/><G104/><T87/><D108/><U38/><E116/><V99/><F34/><W106/><G106/><T120/><D120/><U134/><E1/><V21/><F131/><W81/><G110/><T111/><D111/><U53/><E115/><V118/><F118/><W7/><G2/><T54/><D97/><U39/><E102/><V114/><F114/><W48/><G127/><N who="0" m="48651" /><D87/><U17/><E6/><V101/><F133/><N who="1" m="50697" /><E28/><V112/><F112/><W8/><G8/><T113/><D113/><U92/><E68/><V79/><F40/><W130/><G130/><T56/><D70/><U66/><E66/><V12/><F79/><W3/><G3/><T103/><D103/><U72/><E72/><N who="0" m="27721" /><D26/><U124/><E124/><V36/><F36/><W90/><G71/><T22/><D54/><U89/><E89/><V62/><F86/><W31/><G41/><T84/><D84/><N who="1" m="52327" /><E39/><V49/><F123/><W23/><G77/><T88/><D88/><U78/><E78/><V76/><F76/><W43/><G90/><T109/><D109/><U82/><E38/><V132/><F132/><W42/><G42/><T14/><D14/><U98/><E98/><V94/><F105/><W128/><G43/><T59/><D59/><U119/><E119/><V122/><F121/><W117/><G117/><T0/><D0/><U24/><E24/><N who="2" m="14375" /><F122/><W20/><G128/><T69/><D69/><U9/><E82/><V107/><F107/><W37/><G81/><T83/><D83/><U29/><E29/><V85/><F85/><W129/><G37/><T55/><D55/><AGARI ba="0,0" hai="11,12,18,49,55,57,60,62,94,99,101" m="14375" machi="55" ten="30,12000,1" yaku="6,1,8,1,52,2,54,1" doraHai="58" who="2" fromWho="0" sc="456,-120,186,0,167,120,191,0" />
</Scene>
<Scene>
<INIT seed="6,1,0,0,0,79" ten="336,186,287,191" oya="2" hai0="87,100,34,52,69,18,21,76,68,24,59,106,83" hai1="70,98,86,51,135,89,40,102,82,39,99,29,43" hai2="119,118,78,108,55,101,36,2,105,104,127,63,61" hai3="112,74,13,133,50,19,94,5,97,71,25,6,90"/><V27/><F2/><W3/><G74/><T45/><D34/><U28/><E70/><V49/><F36/><W91/><G71/><T33/><D33/><U57/><E135/><V44/><F127/><W54/><G133/><T129/><D129/><U58/><E39/><V16/><F108/><W46/><G3/><T131/><D131/><U123/><E123/><V121/><F121/><W14/><G112/><T114/><D114/><U37/><E37/><V85/><F63/><W0/><G0/><T125/><D125/><U32/><E32/><V1/><F1/><W88/><G25/><T42/><D100/><U128/><E128/><V4/><F4/><W95/><G14/><T113/><D106/><U22/><E99/><V64/><F104/><W132/><G132/><T124/><D124/><U120/><E120/><V81/><F101/><W80/><G80/><T47/><D47/><N who="1" m="26087" /><E43/><V73/><F73/><W96/><G91/><T62/><D113/><U26/><E29/><V12/><F27/><W77/><G77/><T67/><D67/><U109/><E109/><V130/><F105/><W8/><AGARI ba="1,0" hai="5,6,8,13,19,46,50,54,88,90,94,95,96,97" machi="8" ten="20,8000,1" yaku="0,1,7,1,9,1,8,1,54,1" doraHai="79" who="3" fromWho="3" sc="336,-21,186,-21,287,-41,191,83" />
</Scene>
<Scene>
<INIT seed="7,0,0,1,1,49" ten="315,165,246,274" oya="3" hai0="23,121,131,105,112,9,58,127,3,73,30,106,122" hai1="11,107,25,34,114,104,108,125,56,70,0,81,32" hai2="59,133,68,45,36,103,76,96,60,135,75,17,77" hai3="128,63,18,94,16,43,54,88,64,27,124,61,82"/><W10/><G124/><T120/><D73/><U7/><E108/><V13/><F68/><W119/><G119/><T113/><D127/><U117/><E125/><V47/><F75/><W66/><G43/><T92/><D131/><U50/><E117/><V19/><F76/><W38/><G38/><T40/><D40/><U28/><E114/><N who="0" m="44137" /><D92/><U129/><E129/><V53/><F77/><W101/><G128/><T100/><D58/><U99/><E81/><V20/><F19/><N who="3" m="7211" /><G10/><T86/><D86/><U90/><E70/><V55/><F36/><W26/><G101/><T93/><D93/><U78/><E78/><V15/><F15/><W42/><G42/><T118/><D118/><U21/><E90/><V83/><F83/><W72/><G72/><T80/><D80/><U22/><E34/><V116/><F116/><W74/><G74/><T102/><D23/><U1/><E1/><V44/><REACH who="2" step="1"/><F55/><REACH who="2" ten="315,165,236,274" step="2"/><W130/><G130/><T132/><D132/><U8/><E8/><V35/><F35/><W2/><G2/><T31/><D120/><U4/><E4/><V126/><F126/><W67/><G54/><T91/><D9/><U89/><E89/><V6/><F6/><W69/><G69/><T98/><D3/><U39/><E39/><V84/><F84/><N who="3" m="52487" /><G82/><T134/><D134/><U33/><E33/><V41/><F41/><W111/><G111/><T109/><D109/><U123/><E123/><N who="0" m="47113" /><D91/><U110/><E110/><V71/><F71/><W29/><G29/><T62/><D30/><U37/><E37/><V51/><F51/><W48/><G48/><T115/><D115/><RYUUKYOKU ba="0,1" sc="315,-15,165,-15,236,15,274,15" hai2="13,17,20,44,45,47,53,59,60,96,103,133,135" hai3="26,27,61,63,64,66,67" />
</Scene>
<Scene>
<INIT seed="7,1,1,4,4,77" ten="300,150,251,289" oya="3" hai0="70,64,26,0,110,12,61,123,90,60,98,5,11" hai1="79,86,78,10,40,76,37,32,38,16,111,113,74" hai2="117,67,45,102,28,43,135,129,122,130,15,21,119" hai3="3,57,53,83,71,54,42,2,31,7,112,124,13"/><W9/><G71/><T29/><D110/><U48/><E111/><V121/><F102/><W114/><G31/><T8/><D123/><N who="2" m="47114" /><F135/><W20/><G42/><T106/><D61/><U95/><E32/><V107/><F107/><W25/><G124/><T49/><D49/><U22/><E74/><V59/><F15/><W96/><G96/><T62/><D62/><U127/><E127/><V52/><F67/><W66/><G66/><T27/><D90/><U44/><E10/><V94/><F94/><W30/><G83/><T97/><D106/><U68/><E68/><V126/><F126/><W89/><G89/><T23/><D27/><U80/><E95/><V63/><F21/><W109/><G109/><T34/><D23/><U69/><E69/><V19/><F19/><AGARI ba="1,1" hai="0,5,8,11,12,19,26,29,34,60,64,70,97,98" machi="19" ten="30,1000,0" yaku="7,1" doraHai="77" who="0" fromWho="2" sc="300,23,150,0,251,-13,289,0" owari="323,42.0,150,-35.0,238,-16.0,289,9.0" />
</Scene>
</mjloggm>