<mjloggm ver="2.3"><GO type="169"/><UN n0="%E6%B3%B0%E6%B0%8F" n1="%E3%83%A8%E3%83%BC%E3%83%87%E3%83%AB%E9%A3%9F%E3%81%B9%E6%94%BE%E9%A1%8C" n2="%41%53%41%50%49%4E" n3="%E3%81%A9%E3%81%86%E3%81%9F%E3%81%AC%E3%81%8D%EF%BC%8D%EF%BC%91" dan="16,16,18,17" rate="2106,2112,2176,2158" sx="M,F,M,M"/><TAIKYOKU oya="0"/><BYE who="3" /><UN n3="%E3%81%A9%E3%81%86%E3%81%9F%E3%81%AC%E3%81%8D%EF%BC%8D%EF%BC%91" />

<Scene>
<INIT seed="0,0,0,3,3,28" ten="250,250,250,250" oya="0" hai0="33,100,27,62,95,1,43,75,114,5,74,16,86" hai1="101,55,122,131,127,77,125,13,65,112,41,63,103" hai2="2,12,39,40,99,36,15,85,73,128,119,132,53" hai3="87,124,123,57,32,113,89,19,46,23,6,17,121"/><T14/><D114/><U110/><E122/><N who="3" m="46602" /><G89/><T49/><D62/><U107/><E112/><V38/><F119/><W34/><G57/><T71/><D71/><U84/><E41/><V115/><F115/><W133/><G87/><T37/><D37/><U76/><E55/><V80/><F2/><W35/><G113/><T25/><D43/><U106/><E13/><V117/><F117/><W81/><G81/><T82/><D49/><U90/><E65/><V109/><F73/><W111/><G111/><T94/><D1/><U56/><E56/><V8/><F109/><W52/><G124/><N who="1" m="47690" /><E63/><V126/><F126/><W130/><G130/><T7/><D100/><N who="1" m="38475" /><E110/><V92/><F128/><W10/><G133/><T78/><D74/><U120/><E120/><V64/><F132/><W118/><G118/><T61/><D75/><U97/><E97/><V79/><F64/><W72/><G72/><T102/><D61/><U4/><E4/><N who="0" m="1609" /><D33/><N who="3" m="8449" /><W29/><DORA hai="24" /><G46/><T0/><D102/><U96/><E96/><V66/><F99/><W108/><G108/><T91/><D78/><N who="1" m="30315" /><E131/><V3/><F66/><W26/><G52/><T48/><D48/><U22/><E22/><V18/><F53/><W11/><G11/><N who="0" m="6239" /><D0/><AGARI ba="0,0" hai="0,6,10,17,19,23,26,29" m="8449,46602" machi="0" ten="40,16000,3" yaku="13,1,34,2,52,5" doraHai="28,24" who="3" fromWho="0" sc="250,-160,250,0,250,0,250,160" />
</Scene>
<Scene>
<INIT seed="1,0,0,0,1,24" ten="90,250,250,410" oya="1" hai0="44,73,23,118,45,108,120,12,41,72,117,128,35" hai1="107,54,37,3,53,5,115,39,9,69,89,58,125" hai2="21,114,124,22,85,135,103,76,0,33,17,29,77" hai3="113,116,131,92,42,65,104,8,4,78,83,127,36"/><U134/><E115/><V84/><F0/><W64/><G113/><T95/><D35/><U97/><E69/><V94/><F114/><W40/><G127/><T122/><D108/><U20/><E125/><V56/><F124/><W79/><G104/><T49/><D95/><U123/><E53/><V32/><F135/><W62/><G131/><T67/><D128/><U74/><E74/><V14/><F103/><W111/><G111/><T47/><D67/><U82/><E123/><N who="0" m="47145" /><D23/><U63/><E134/><V57/><F94/><W38/><G92/><T59/><D12/><U93/><E107/><V71/><F14/><W61/><G8/><T90/><D90/><U68/><E68/><V1/><F71/><W102/><G102/><T28/><D28/><U81/><E81/><V19/><F1/><W133/><G133/><T46/><D59/><U27/><REACH who="1" step="1"/><E82/><REACH who="1" ten="90,240,250,410" step="2"/><V6/><F6/><W30/><G4/><T15/><D73/><U50/><E50/><V31/><AGARI ba="0,1" hai="17,19,21,22,29,31,32,33,56,57,76,77,84,85" machi="31" ten="25,8000,1" yaku="0,1,22,2,52,2" doraHai="24" who="2" fromWho="2" sc="90,-20,240,-40,250,90,410,-20" />
</Scene>
<Scene>
<INIT seed="2,0,0,3,0,58" ten="70,200,340,390" oya="2" hai0="79,41,123,33,118,120,111,93,18,107,71,52,1" hai1="119,91,104,75,35,88,14,106,45,26,11,109,2" hai2="27,127,3,36,34,28,129,20,108,76,67,80,46" hai3="124,51,57,59,69,115,62,16,12,30,23,43,31"/><V102/><F3/><W22/><G124/><T74/><D93/><U77/><E2/><V70/><F127/><W39/><G39/><T42/><D18/><U78/><E119/><V112/><F112/><W50/><G115/><T29/><D29/><N who="3" m="10761" /><G69/><T82/><D52/><U84/><E26/><V110/><F129/><W128/><G128/><T126/><D82/><U114/><E35/><V8/><F102/><W94/><G59/><T15/><D15/><U95/><E45/><V117/><F8/><N who="3" m="6151" /><G94/><T81/><D81/><N who="1" m="49167" /><E14/><V85/><F117/><W87/><G87/><T4/><D118/><U99/><E11/><V32/><F46/><N who="3" m="25951" /><G51/><T5/><D1/><U103/><E114/><V72/><F36/><W90/><G90/><T125/><D126/><U54/><E54/><AGARI ba="0,0" hai="22,23,54,57,62" m="25951,6151,10761" machi="54" ten="30,3900,0" yaku="8,1,52,1,54,1" doraHai="58" who="3" fromWho="1" sc="70,0,200,-39,340,0,390,39" />
</Scene>
<Scene>
<INIT seed="3,0,0,2,4,23" ten="70,161,340,429" oya="3" hai0="13,80,42,95,89,5,81,7,116,58,3,39,33" hai1="28,74,56,27,135,85,123,78,1,41,16,107,104" hai2="131,133,134,75,93,45,17,115,21,97,59,79,11" hai3="124,106,100,69,49,32,10,121,128,71,14,44,64"/><W43/><G121/><T50/><D116/><U99/><E1/><V113/><F11/><W53/><G32/><T87/><D3/><U55/><E123/><V34/><F34/><W65/><G124/><T130/><D130/><U90/><E41/><V52/><F45/><N who="3" m="27823" /><G14/><T19/><D39/><U4/><E4/><V82/><F131/><W118/><G10/><T72/><D33/><U102/><E107/><V8/><F8/><W122/><G100/><T48/><D48/><U35/><E135/><N who="2" m="51723" /><F17/><W109/><G106/><T0/><D0/><U29/><E29/><V26/><F21/><W9/><G9/><T66/><D42/><U111/><E111/><V57/><F26/><W15/><G15/><T119/><D119/><U62/><E16/><V103/><F59/><W92/><G92/><T132/><D132/><U126/><E126/><V112/><F112/><W108/><G122/><T22/><D72/><U125/><E125/><V117/><F117/><W83/><G83/><T96/><D80/><U120/><E120/><V38/><F38/><N who="3" m="21623" /><G118/><T60/><REACH who="0" step="1"/><D50/><AGARI ba="0,0" hai="50,52,57,75,79,82,93,97,103,113,115" m="51723" machi="50" ten="30,2000,0" yaku="20,1,54,1" doraHai="23" who="2" fromWho="0" sc="70,-20,161,0,340,20,429,0" />
</Scene>
<Scene>
<INIT seed="4,0,0,4,1,112" ten="50,161,360,429" oya="0" hai0="125,88,85,118,81,0,2,117,95,30,13,36,97" hai1="121,52,69,92,130,67,43,10,120,19,116,74,110" hai2="132,94,32,70,6,124,1,133,23,72,53,87,71" hai3="65,82,15,4,80,34,90,49,18,59,42,98,106"/><T25/><D36/><U24/><E74/><V40/><F72/><W131/><G34/><T108/><D125/><U50/><E110/><V22/><F32/><W57/><G131/><T35/><D108/><U21/><E43/><V28/><F124/><W134/><G134/><N who="2" m="51817" /><F40/><W11/><G106/><T14/><D14/><U99/><E130/><V84/><F53/><N who="3" m="31919" /><G42/><T89/><REACH who="0" step="1"/><D13/><REACH who="0" ten="40,161,360,429" step="2"/><U129/><E120/><V9/><F1/><AGARI ba="0,1" hai="0,1,2,25,30,35,81,85,88,89,95,97,117,118" machi="1" ten="40,12000,1" yaku="1,1,2,1,52,2,54,1,53,0" doraHai="112" doraHaiUra="48" who="0" fromWho="2" sc="40,130,161,0,360,-120,429,0" />
</Scene>
<Scene>
<INIT seed="4,1,0,1,2,46" ten="170,161,240,429" oya="0" hai0="45,114,34,60,103,16,74,101,52,33,69,107,92" hai1="113,64,28,37,10,23,105,108,78,24,121,94,63" hai2="25,133,87,106,115,111,109,47,49,99,4,104,127" hai3="119,59,38,26,131,100,48,32,128,42,130,126,122"/><T72/><D107/><U118/><E105/><V8/><F115/><W11/><G119/><T117/><D117/><U68/><E113/><V96/><F133/><W27/><G126/><T76/><D114/><U120/><E118/><V53/><F127/><W84/><G122/><T50/><D34/><U67/><E37/><V9/><F25/><W129/><G100/><T56/><D33/><U82/><E108/><V21/><F21/><W65/><G32/><T62/><D69/><U13/><E67/><V41/><F106/><W134/><G134/><T1/><D1/><U43/><E94/><V12/><F87/><W2/><G84/><T116/><D116/><U123/><E43/><V93/><F104/><W135/><G135/><T29/><D29/><U125/><E125/><V22/><F22/><W132/><G132/><T90/><D62/><U66/><E66/><V6/><F41/><W14/><G2/><T77/><D74/><U80/><REACH who="1" step="1"/><E78/><REACH who="1" ten="170,151,240,429" step="2"/><V31/><F109/><W39/><G39/><T89/><D76/><U102/><E102/><V7/><F111/><W30/><G38/><T15/><D101/><U35/><E35/><V95/><F93/><W20/><G65/><T40/><D103/><U73/><E73/><V91/><F95/><W51/><G42/><T97/><D89/><U61/><E61/><V70/><F91/><W86/><G131/><T124/><D124/><U44/><E44/><V17/><F47/><W81/><G130/><T88/><D90/><U85/><E85/><V112/><F112/><W98/><G86/><T19/><D72/><U57/><E57/><RYUUKYOKU ba="1,1" sc="170,-10,151,30,240,-10,429,-10" hai1="10,13,23,24,28,63,64,68,80,82,120,121,123" />
</Scene>
<Scene>
<INIT seed="5,2,1,5,0,28" ten="160,181,230,419" oya="1" hai0="6,49,110,22,14,100,70,104,54,51,68,0,57" hai1="101,65,9,132,112,69,64,90,86,111,16,118,87" hai2="5,76,79,35,91,12,92,88,27,106,11,23,95" hai3="73,108,59,93,84,46,53,31,80,134,116,89,52"/><U25/><E118/><V44/><F106/><W123/><G108/><T96/><D110/><U33/><E111/><V99/><F44/><W4/><G123/><T98/><D0/><U117/><E117/><V131/><F35/><W17/><G116/><T39/><D39/><U29/><E101/><V122/><F131/><W2/><G134/><T56/><D96/><U97/><E132/><V38/><F38/><W20/><G31/><T126/><D126/><U119/><E119/><V67/><F67/><W125/><G125/><T129/><D129/><U43/><E43/><V107/><F107/><W121/><G121/><T102/><D100/><U41/><E41/><V3/><F3/><W32/><G32/><T8/><REACH who="0" step="1"/><D22/><REACH who="0" ten="150,181,230,419" step="2"/><U37/><E37/><V10/><F122/><W78/><G2/><T36/><D36/><U26/><E97/><N who="2" m="57479" /><F10/><W18/><G20/><T50/><D50/><U75/><E9/><V135/><F135/><W77/><G73/><T71/><D71/><U127/><E75/><V128/><F128/><W24/><G84/><T48/><D48/><U30/><E69/><V113/><F113/><W81/><G78/><T105/><D105/><U40/><E127/><V85/><F85/><W124/><G77/><T103/><D103/><U7/><E112/><V58/><F58/><W61/><G59/><T1/><D1/><U66/><E87/><V47/><F47/><W82/><G46/><T83/><D83/><U115/><E115/><V34/><F34/><W60/><G81/><T94/><D94/><U130/><E33/><V19/><AGARI ba="2,2" hai="5,11,12,19,23,27,76,79,91,95,99" m="57479" machi="19" ten="30,2000,0" yaku="8,1,54,1" doraHai="28" who="2" fromWho="2" sc="150,-7,181,-12,230,46,419,-7" />
</Scene>
<Scene>
<INIT seed="6,0,0,3,2,71" ten="143,169,276,412" oya="2" hai0="69,0,44,135,134,101,9,4,99,130,10,38,84" hai1="127,23,105,17,122,1,39,119,45,7,41,83,48" hai2="65,125,5,120,109,75,47,77,93,13,124,15,114" hai3="53,16,70,30,68,133,54,86,128,3,129,115,31"/><V85/><F120/><W91/><G3/><T108/><D108/><U126/><E119/><V26/><F109/><W14/><G133/><N who="0" m="50699" /><D69/><N who="3" m="26729" /><G115/><T25/><D25/><U76/><E105/><V21/><F114/><W32/><G32/><T79/><D10/><N who="1" m="2415" /><E122/><V19/><F75/><W80/><G31/><T113/><D113/><U73/><E48/><V2/><F65/><W103/><G103/><T22/><D22/><U92/><E92/><V110/><F110/><W37/><G37/><T27/><D27/><AGARI ba="0,0" hai="17,23,27,39,41,45,73,76,83,126,127" m="2415" machi="27" ten="30,2000,0" yaku="25,1,52,1" doraHai="71" who="1" fromWho="0" sc="143,-20,169,20,276,0,412,0" />
</Scene>
<Scene>
<INIT seed="7,0,0,2,2,46" ten="123,189,276,412" oya="3" hai0="47,57,58,71,3,80,86,117,10,126,55,39,32" hai1="30,43,4,106,18,116,94,0,16,68,69,84,66" hai2="21,77,85,45,15,9,104,28,33,99,7,38,107" hai3="48,95,34,65,61,25,54,133,79,8,53,115,50"/><W110/><G115/><T12/><D3/><U22/><E106/><V19/><F99/><W41/><G79/><T63/><D32/><U93/><E116/><V5/><F5/><W67/><G8/><T82/><D117/><U108/><E108/><V44/><F77/><W87/><G25/><T131/><D131/><U62/><E68/><V113/><F113/><W102/><G34/><T109/><D109/><U122/><E122/><V2/><F85/><W119/><G119/><T97/><D126/><U125/><E125/><V114/><F114/><W35/><G35/><T60/><D71/><U88/><E43/><N who="2" m="22647" /><F45/><N who="3" m="25647" /><G87/><T36/><D97/><U129/><E129/><V27/><AGARI ba="0,0" hai="2,7,9,15,19,21,27,28,33,104,107" m="22647" machi="27" ten="30,1100,0" yaku="24,1" doraHai="46" who="2" fromWho="2" sc="123,-3,189,-3,276,11,412,-5" owari="120,-38.0,186,-21.0,287,9.0,407,50.0" />
</Scene>
</mjloggm>