<mjloggm ver="2.3"><GO type="169" lobby="0"/><UN n0="%EF%BC%BC%28%EF%BC%BE%6F%EF%BC%BE%29%EF%BC%8F%E2%98%85" n1="%41%53%41%50%49%4E" n2="%E3%81%A4%E3%81%B0%E3%81%8D%E3%81%A1%30%33" n3="%73%61%77%6C%79" dan="17,19,17,17" rate="2134.32,2253.42,2206.72,2158.62" sx="M,M,M,M"/><TAIKYOKU oya="0"/>

<Scene>
<INIT seed="0,0,0,5,2,94" ten="250,250,250,250" oya="0" hai0="112,105,67,49,63,34,51,89,32,103,75,22,118" hai1="46,18,31,97,127,69,13,134,126,107,120,29,117" hai2="90,95,87,10,114,85,128,133,41,72,81,78,135" hai3="25,74,9,15,14,50,83,84,64,96,21,60,86"/><T28/><D75/><U8/><E117/><V17/><F17/><W101/><G74/><T116/><D112/><U70/><E120/><V66/><F66/><W61/><G50/><T0/><D0/><U131/><E131/><V12/><F12/><W99/><G86/><T40/><D89/><U124/><E134/><N who="2" m="51211" /><F10/><W20/><G101/><T23/><D23/><U113/><E113/><V104/><F41/><W1/><G1/><T2/><D2/><U39/><E46/><V38/><F38/><W48/><G48/><N who="0" m="18507" /><D22/><U129/><E129/><V44/><F44/><W109/><G109/><T79/><D79/><U3/><E39/><V62/><F62/><W47/><G47/><T55/><D55/><U71/><REACH who="1" step="1"/><E3/><REACH who="1" ten="250,240,250,250" step="2"/><V7/><F114/><W57/><G61/><T108/><D63/><U106/><E106/><V59/><F104/><W53/><G64/><T65/><D67/><U52/><E52/><V80/><F128/><W68/><G68/><T88/><D105/><U37/><E37/><V30/><F59/><W119/><G119/><T115/><D65/><U6/><E6/><V35/><F7/><W125/><G53/><T5/><D5/><U93/><E93/><V123/><F123/><W121/><G57/><T36/><D118/><U100/><AGARI ba="0,1" hai="8,13,18,29,31,69,70,71,97,100,107,124,126,127" machi="100" ten="40,12000,2" yaku="1,1,0,1,18,1,52,1,53,3" doraHai="94" doraHaiUra="132" who="1" fromWho="1" sc="250,-60,240,130,250,-30,250,-30" />
</Scene>
<Scene>
<INIT seed="1,0,0,0,3,120" ten="190,370,220,220" oya="1" hai0="82,94,135,73,48,85,75,57,81,72,20,90,51" hai1="121,93,79,11,100,133,102,101,67,115,122,54,32" hai2="25,15,113,114,2,0,86,23,26,53,7,40,35" hai3="19,129,52,47,12,84,78,77,45,131,16,99,28"/><U55/><E115/><N who="2" m="44043" /><F40/><W109/><G28/><T134/><D20/><U70/><E32/><V60/><F53/><W112/><G112/><T30/><D30/><U92/><E133/><N who="0" m="50697" /><D57/><U29/><E29/><N who="2" m="19895" /><F60/><W66/><G66/><T111/><D111/><U31/><E31/><N who="2" m="17855" /><F86/><W33/><G33/><T98/><D82/><U125/><E67/><V5/><F15/><W127/><G109/><T61/><D61/><U41/><E41/><V116/><F116/><W130/><G99/><T64/><D64/><U22/><E121/><V87/><F87/><W58/><G84/><T80/><D80/><U106/><E122/><V124/><F124/><W103/><G127/><T27/><D27/><U107/><E125/><V6/><AGARI ba="0,0" hai="0,2,5,6,7" m="17855,19895,44043" machi="6" ten="30,4000,0" yaku="11,1,34,2" doraHai="120" who="2" fromWho="2" sc="190,-10,370,-20,220,40,220,-10" />
</Scene>
<Scene>
<INIT seed="2,0,0,1,1,29" ten="180,350,260,210" oya="2" hai0="42,84,63,43,75,110,60,129,66,14,25,93,57" hai1="6,127,67,7,89,77,120,19,130,38,97,62,86" hai2="59,50,34,87,24,9,115,105,71,21,70,48,100" hai3="31,51,47,102,64,69,13,58,118,33,1,2,107"/><V17/><F115/><W39/><G118/><T74/><D110/><U37/><E130/><V85/><F70/><W52/><G107/><T10/><D129/><U46/><E127/><V79/><F71/><W109/><G102/><T28/><D63/><U68/><E120/><V15/><F34/><W95/><G109/><T44/><D84/><U112/><E112/><V81/><F105/><W54/><G95/><T92/><D75/><U88/><E77/><V61/><F87/><W135/><G135/><T26/><D74/><U53/><E97/><V126/><F100/><W35/><G31/><T106/><D106/><U132/><E132/><V8/><F126/><W83/><G83/><T55/><D66/><U32/><E32/><N who="3" m="12362" /><G13/><T122/><D122/><U134/><E134/><V117/><F117/><W121/><G54/><T4/><D43/><U104/><E104/><V101/><F101/><W18/><G18/><T128/><D128/><U49/><E19/><V124/><F124/><W76/><G76/><T22/><REACH who="0" step="1"/><D26/><REACH who="0" ten="170,350,260,210" step="2"/><U111/><E111/><V20/><F24/><W5/><G121/><T108/><D108/><U41/><E86/><V82/><F85/><W123/><G123/><T78/><D78/><U23/><E67/><V73/><F73/><W125/><G125/><T36/><AGARI ba="0,1" hai="4,10,14,22,25,28,36,42,44,55,57,60,92,93" machi="36" ten="20,2700,0" yaku="1,1,0,1,7,1,53,0" doraHai="29" doraHaiUra="80" who="0" fromWho="0" sc="170,37,350,-7,260,-13,210,-7" />
</Scene>
<Scene>
<INIT seed="3,0,0,4,3,42" ten="207,343,247,203" oya="3" hai0="115,64,97,16,8,71,105,74,104,54,52,22,84" hai1="82,75,96,81,66,119,57,76,124,69,10,125,21" hai2="32,53,34,88,122,80,67,20,1,89,99,93,56" hai3="117,15,2,41,126,39,51,49,55,9,129,91,45"/><W127/><G117/><T62/><D74/><U94/><E69/><V38/><F1/><W128/><G2/><T36/><D36/><U7/><E119/><V31/><F38/><W61/><G91/><T18/><D115/><U26/><E81/><V68/><F68/><W58/><G15/><T48/><D54/><U37/><E37/><V112/><F112/><W98/><G98/><T11/><D84/><U92/><E57/><V110/><F110/><W44/><G9/><T107/><D97/><U131/><E66/><V47/><F67/><N who="3" m="39351" /><G39/><T30/><D30/><N who="1" m="17743" /><E131/><AGARI ba="0,0" hai="41,44,45,49,51,55,126,127,128,129,131" m="39351" machi="131" ten="30,12000,1" yaku="19,1,34,2,52,2" doraHai="42" who="3" fromWho="1" sc="207,0,343,-120,247,0,203,120" />
</Scene>
<Scene>
<INIT seed="3,1,0,2,0,18" ten="207,223,247,323" oya="3" hai0="69,106,83,9,124,0,30,12,134,78,21,115,80" hai1="81,97,47,11,67,105,22,92,44,94,122,88,126" hai2="10,71,89,129,102,48,107,28,98,6,87,53,100" hai3="55,25,103,13,50,114,77,101,40,57,29,132,14"/><W128/><G114/><T39/><D115/><U76/><E122/><V82/><F129/><W63/><G128/><T131/><D131/><U125/><E105/><V123/><F123/><W37/><G132/><T15/><D69/><U85/><E67/><V35/><F102/><W91/><G37/><T42/><D106/><U68/><E68/><V133/><F133/><W26/><G77/><T58/><D134/><U112/><E112/><V116/><F71/><W23/><G91/><T38/><D124/><N who="1" m="47723" /><E11/><V74/><F116/><W3/><G3/><T4/><D83/><U2/><E2/><V52/><F74/><W73/><G73/><N who="0" m="43087" /><D58/><U95/><E47/><V20/><F35/><W65/><G40/><T86/><D86/><N who="1" m="48423" /><E44/><V66/><F66/><W61/><G61/><T96/><D96/><U27/><E97/><V5/><F48/><W93/><G93/><T19/><D38/><U72/><E72/><V31/><F31/><AGARI ba="1,0" hai="22,27,31,85,88,92,94,95" m="48423,47723" machi="31" ten="30,3900,0" yaku="18,1,52,1,54,1" doraHai="18" who="1" fromWho="2" sc="207,0,223,42,247,-42,323,0" />
</Scene>
<Scene>
<INIT seed="4,0,0,2,0,85" ten="207,265,205,323" oya="0" hai0="75,21,59,54,65,48,14,83,127,30,88,78,93" hai1="111,135,68,29,102,110,98,125,11,109,31,99,63" hai2="13,6,27,58,41,32,62,39,53,49,10,82,51" hai3="70,19,15,38,28,16,133,36,52,8,7,129,57"/><T0/><D0/><U66/><E135/><V116/><F116/><W119/><G119/><T72/><D127/><U17/><E125/><V97/><F39/><W90/><G129/><T61/><D75/><U67/><E98/><V103/><F41/><W64/><G133/><T79/><D79/><U96/><E96/><V91/><F32/><W95/><G38/><T69/><D14/><U118/><E118/><V71/><F27/><W40/><G70/><T114/><D114/><U46/><E67/><V1/><F1/><W117/><G117/><T105/><D105/><U128/><E128/><V106/><REACH who="2" step="1"/><F71/><REACH who="2" ten="207,265,195,323" step="2"/><W120/><G36/><T121/><D121/><U33/><E33/><V131/><F131/><W89/><G120/><T43/><D43/><U81/><E68/><V20/><F20/><W104/><G40/><T73/><D21/><U94/><E110/><V101/><F101/><W2/><G2/><T76/><D30/><U47/><E31/><V9/><F9/><W77/><G28/><T80/><D93/><U12/><E29/><V113/><F113/><W18/><G104/><T23/><D23/><U92/><E111/><V100/><F100/><W132/><G132/><T56/><D69/><N who="1" m="42207" /><E92/><V134/><F134/><W3/><G3/><T115/><D115/><U34/><E34/><V25/><F25/><W74/><G95/><T123/><D123/><U42/><E109/><V126/><F126/><W5/><G8/><T107/><D107/><U50/><E81/><V44/><F44/><W84/><G15/><T37/><D37/><N who="1" m="21839" /><E47/><V26/><F26/><W86/><G57/><RYUUKYOKU ba="0,1" sc="207,10,265,10,195,10,323,-30" hai0="48,54,56,59,61,65,72,73,76,78,80,83,88" hai1="11,12,17,50,94,99,102" hai2="6,10,13,49,51,53,58,62,82,91,97,103,106" />
</Scene>
<Scene>
<INIT seed="4,1,1,3,4,134" ten="217,275,205,293" oya="0" hai0="93,67,8,19,92,56,54,42,70,71,89,61,52" hai1="16,40,128,33,65,105,23,73,80,90,4,111,131" hai2="29,58,129,109,95,94,21,102,5,63,79,99,108" hai3="24,55,83,115,43,38,1,0,72,46,100,12,113"/><T31/><D31/><U47/><E111/><V121/><F121/><W118/><G118/><T119/><D119/><U60/><E33/><V30/><F79/><N who="3" m="44519" /><G100/><T59/><D42/><U32/><E32/><V133/><F5/><W78/><G78/><T135/><D135/><U117/><E105/><V126/><F133/><W86/><G55/><T116/><D116/><U77/><E4/><V14/><F129/><W53/><G86/><T124/><D93/><U25/><E90/><V104/><F104/><W35/><G53/><T122/><D122/><U48/><REACH who="1" step="1"/><E117/><REACH who="1" ten="217,265,205,293" step="2"/><V2/><F108/><W45/><G35/><T11/><D89/><U6/><E6/><V91/><F91/><W103/><G1/><T114/><D92/><U10/><E10/><V49/><F95/><W20/><G0/><T68/><D11/><U9/><E9/><V132/><F2/><W110/><G110/><T44/><D8/><U97/><E97/><V34/><F34/><W81/><G81/><T76/><D76/><U82/><E82/><V74/><F132/><W37/><G103/><T127/><D114/><U17/><E17/><N who="2" m="10423" /><F109/><W28/><G115/><T85/><D19/><U22/><E22/><V106/><F106/><W50/><G113/><T98/><D98/><U7/><E7/><V130/><F99/><W112/><G112/><T27/><D85/><U75/><E75/><V96/><F74/><W39/><G12/><T36/><D27/><U13/><E13/><V120/><F120/><W57/><G20/><T3/><D3/><U88/><E88/><V51/><F96/><W84/><G24/><RYUUKYOKU ba="1,2" sc="217,-10,265,30,205,-10,293,-10" hai1="16,23,25,40,47,48,60,65,73,77,80,128,131" />
</Scene>
<Scene>
<INIT seed="5,2,2,4,2,45" ten="207,295,195,283" oya="1" hai0="65,58,130,24,48,62,117,97,118,64,89,125,53" hai1="135,133,49,22,1,112,39,8,127,56,109,21,90" hai2="126,111,94,17,71,3,78,60,85,10,51,120,110" hai3="105,76,18,116,29,68,63,55,81,36,37,75,72"/><U20/><E39/><V121/><F78/><W103/><G72/><T41/><D125/><U33/><E33/><V101/><F101/><W129/><G129/><T2/><D2/><U70/><E70/><V92/><F85/><W91/><G116/><T46/><D130/><U52/><E127/><V16/><F126/><W99/><G55/><T7/><D7/><N who="1" m="1135" /><E90/><V50/><F3/><W115/><G115/><T44/><D24/><U54/><E54/><V47/><F47/><W4/><G4/><T42/><D89/><U123/><E123/><V86/><F86/><W30/><G18/><T13/><D13/><U88/><E88/><V132/><F60/><W84/><G36/><N who="0" m="21543" /><D97/><U95/><E95/><V14/><F14/><W19/><G19/><T134/><D134/><N who="1" m="51211" /><E109/><V59/><F132/><W128/><G37/><N who="0" m="21839" /><D65/><U15/><E112/><V5/><F5/><W0/><G0/><T114/><D114/><U77/><E77/><V25/><F25/><W6/><G128/><T100/><D100/><U38/><E38/><V74/><F10/><W67/><G6/><T61/><D61/><U108/><E108/><V35/><F35/><W31/><G31/><T106/><D106/><U57/><E15/><V27/><F27/><W43/><G43/><T82/><D82/><AGARI ba="2,2" hai="29,30,63,67,68,75,76,81,82,84,91,99,103,105" machi="82" ten="30,1000,0" yaku="7,1" doraHai="45" who="3" fromWho="0" sc="207,-16,295,0,195,0,283,36" />
</Scene>
<Scene>
<INIT seed="6,0,0,0,0,72" ten="191,295,195,319" oya="2" hai0="61,8,48,109,118,122,55,123,3,1,94,10,39" hai1="44,65,126,53,107,130,59,69,30,56,117,114,71" hai2="32,9,46,103,35,89,0,67,78,5,92,14,42" hai3="124,4,95,81,33,111,129,90,131,43,66,25,116"/><V76/><F67/><W74/><G111/><T102/><D39/><U127/><E107/><V20/><F103/><W87/><G116/><T18/><D109/><U49/><E30/><V6/><F35/><W86/><G74/><T99/><D118/><U119/><E114/><V68/><F68/><N who="1" m="26185" /><E130/><V7/><F32/><W113/><G113/><T29/><D29/><U37/><E59/><V110/><F20/><W73/><G73/><T91/><D61/><N who="1" m="38055" /><E37/><V97/><F110/><W31/><G124/><AGARI ba="0,0" hai="44,49,53,117,119,124,126,127" m="38055,26185" machi="124" ten="30,3900,0" yaku="18,1,34,2" doraHai="72" who="1" fromWho="3" sc="191,0,295,39,195,0,319,-39" />
</Scene>
<Scene>
<INIT seed="7,0,0,2,3,71" ten="191,334,195,280" oya="3" hai0="85,72,25,5,41,116,44,46,53,87,61,132,124" hai1="84,129,123,35,3,4,59,115,48,40,14,113,56" hai2="75,109,42,66,2,0,119,126,27,60,63,97,128" hai3="111,127,10,88,106,54,15,6,98,16,110,9,57"/><W133/><G133/><T122/><D72/><U134/><E35/><V36/><F75/><W80/><G106/><T39/><D116/><U81/><E123/><V17/><F109/><N who="3" m="41483" /><G127/><T11/><D122/><U29/><E3/><V26/><F36/><W90/><G98/><T125/><D132/><U70/><E70/><V130/><F42/><W51/><G80/><T12/><D25/><U31/><E129/><V37/><F37/><W69/><G69/><T96/><D96/><U18/><E4/><V13/><F97/><W28/><G28/><N who="1" m="10826" /><E134/><V74/><F126/><N who="0" m="48746" /><D61/><U93/><E93/><V104/><F63/><W118/><G118/><T67/><D67/><U83/><E83/><V7/><F60/><W105/><G105/><T62/><D62/><U73/><E73/><V22/><F74/><W65/><G65/><T100/><D100/><U49/><E115/><V89/><F104/><W34/><G34/><T58/><D58/><N who="1" m="22059" /><E40/><V33/><F119/><W32/><G32/><T135/><D135/><U103/><E113/><V1/><F33/><W99/><G99/><T76/><D76/><N who="1" m="46119" /><E103/><V38/><F66/><W78/><G78/><T45/><D45/><U95/><E95/><V82/><F128/><W64/><G64/><T120/><D120/><U131/><E131/><V102/><F130/><W30/><G30/><T112/><D112/><U92/><E92/><V68/><F102/><W86/><G86/><T94/><D94/><U52/><E49/><AGARI ba="0,0" hai="5,11,12,39,41,44,46,49,53,85,87" m="48746" machi="49" ten="30,2000,0" yaku="18,1,52,1" doraHai="71" who="0" fromWho="1" sc="191,20,334,-20,195,0,280,0" owari="211,-19.0,314,41.0,195,-30.0,280,8.0" />
</Scene>
</mjloggm>