<mjloggm ver="2.3"><GO type="169" lobby="0"/><UN n0="%E3%82%A8%E3%83%88%E3%81%BA%E3%83%B3" n1="%E3%81%B9%E3%81%A3%E3%81%93%E3%83%BC%E2%99%AA" n2="%E3%81%8E%E3%81%A3%E3%81%97%E3%82%8A%E5%8E%B3%E9%81%B8" n3="%41%53%41%50%49%4E" dan="16,17,16,19" rate="2142.96,2144.63,2075.73,2278.89" sx="F,F,M,M"/><TAIKYOKU oya="0"/>

<Scene>
<INIT seed="0,0,0,1,5,126" ten="250,250,250,250" oya="0" hai0="38,14,83,60,45,134,109,75,90,0,104,115,98" hai1="17,107,42,105,15,131,25,76,39,52,73,92,10" hai2="19,18,85,94,79,29,88,89,117,129,67,114,16" hai3="11,93,101,135,96,72,40,24,103,74,1,81,133"/><T124/><D0/><U27/><E92/><V71/><F114/><W46/><G101/><T113/><D124/><U91/><E91/><V37/><F37/><W26/><G26/><T68/><D134/><N who="3" m="51209" /><G81/><T4/><D109/><U53/><E105/><V32/><F117/><W21/><G11/><T63/><D4/><U35/><E107/><V12/><F129/><W120/><G1/><T31/><D31/><U30/><E131/><V77/><F12/><W110/><G110/><T78/><D14/><U65/><E65/><V99/><F67/><W58/><G58/><T41/><D68/><U122/><E122/><V34/><F71/><W61/><G61/><T80/><D80/><U111/><E111/><V87/><F99/><W50/><G120/><T116/><D116/><U95/><E95/><V2/><F2/><W49/><G50/><T55/><D90/><U106/><E106/><V118/><F118/><W48/><G48/><T47/><D47/><U36/><E27/><V125/><F94/><W97/><G97/><T128/><D128/><U84/><E36/><V5/><F125/><W23/><G23/><T127/><D127/><U62/><E62/><V51/><F51/><W7/><G7/><T112/><REACH who="0" step="1"/><D55/><REACH who="0" ten="240,250,250,250" step="2"/><U100/><E52/><V102/><F5/><W3/><G3/><T57/><D57/><U8/><E53/><V28/><F19/><AGARI ba="0,1" hai="19,21,24,40,46,49,72,74,93,96,103" m="51209" machi="19" ten="30,1000,0" yaku="20,1" doraHai="126" who="3" fromWho="2" sc="240,0,250,0,250,-10,250,20" />
</Scene>
<Scene>
<INIT seed="1,0,0,1,4,7" ten="240,250,240,270" oya="1" hai0="56,25,71,54,125,17,77,57,38,39,74,9,47" hai1="119,44,45,105,116,27,6,33,130,129,87,96,40" hai2="15,86,16,80,93,37,48,106,107,41,134,52,67" hai3="115,18,65,21,69,85,72,99,66,114,98,34,19"/><U132/><E132/><V94/><F67/><W81/><G34/><T61/><D125/><U92/><E87/><V100/><F134/><W2/><G2/><T62/><D71/><U50/><E6/><V131/><F131/><N who="1" m="50185" /><E45/><V121/><F121/><W11/><G72/><T103/><D103/><N who="1" m="62695" /><E92/><V5/><F5/><W22/><G85/><T84/><D74/><U60/><E60/><V8/><F37/><W120/><G81/><T14/><D47/><U68/><E68/><V113/><F113/><W82/><G82/><T32/><D84/><U133/><E133/><V46/><F41/><W43/><G43/><T31/><REACH who="0" step="1"/><D77/><REACH who="0" ten="230,250,240,270" step="2"/><U75/><E75/><V28/><F28/><AGARI ba="0,1" hai="27,28,33,40,44,50,116,119" m="62695,50185" machi="28" ten="30,1500,0" yaku="19,1" doraHai="7" who="1" fromWho="2" sc="230,0,250,25,240,-15,270,0" />
</Scene>
<Scene>
<INIT seed="1,1,0,0,4,22" ten="230,275,225,270" oya="1" hai0="131,79,3,122,28,85,43,88,78,14,109,50,87" hai1="123,82,63,9,101,17,39,11,64,106,132,27,31" hai2="6,98,18,90,51,91,89,105,93,19,23,29,72" hai3="77,33,34,121,44,16,30,67,103,12,94,114,76"/><U47/><E123/><V0/><F72/><W66/><G121/><T133/><D3/><U46/><E132/><V59/><F105/><W1/><G1/><T60/><D122/><U126/><E126/><V112/><F112/><W110/><G114/><T56/><D133/><U95/><E82/><V35/><F35/><W38/><G110/><T84/><D109/><U96/><E39/><V7/><F29/><W15/><G15/><T25/><D131/><U2/><E2/><V125/><F125/><W36/><G34/><T5/><D50/><U75/><E75/><V111/><F19/><W62/><G66/><T61/><D43/><U127/><E106/><V130/><F130/><W74/><G94/><T97/><D60/><U124/><E124/><V13/><F111/><W10/><G103/><T99/><D79/><U128/><E128/><V102/><F0/><W116/><G116/><T117/><D78/><U135/><E135/><V57/><REACH who="2" step="1"/><F51/><REACH who="2" ten="230,275,215,270" step="2"/><W58/><G74/><T69/><D117/><U68/><E127/><V48/><F48/><W49/><G36/><T4/><D4/><AGARI ba="1,1" hai="4,6,7,13,18,23,57,59,89,90,91,93,98,102" machi="4" ten="40,2600,0" yaku="1,1,8,1,53,0" doraHai="22" doraHaiUra="100" who="2" fromWho="0" sc="230,-29,275,0,215,39,270,0" />
</Scene>
<Scene>
<INIT seed="2,0,0,5,0,112" ten="201,275,254,270" oya="2" hai0="44,131,64,54,47,124,99,69,105,41,102,35,24" hai1="103,94,79,86,101,25,72,10,8,68,118,52,2" hai2="42,33,90,56,30,104,76,37,80,111,1,49,3" hai3="65,22,11,98,89,78,123,36,6,93,128,51,43"/><V134/><F104/><W100/><G123/><T9/><D124/><U130/><E68/><V19/><F134/><W122/><G122/><T109/><D109/><U14/><E130/><V12/><F111/><W106/><G128/><T16/><D131/><U21/><E2/><V132/><F37/><W87/><G36/><T107/><D107/><U5/><E72/><V39/><F39/><W110/><G110/><T119/><D54/><U95/><E10/><V75/><F132/><W45/><G22/><T82/><D82/><N who="1" m="47455" /><E118/><V55/><F42/><W40/><G65/><T18/><D119/><U92/><E52/><V96/><F33/><W126/><G78/><T34/><D34/><U13/><E13/><V29/><F1/><W120/><G120/><T81/><D81/><U73/><E73/><V70/><F70/><W62/><G62/><N who="0" m="40087" /><D41/><U116/><E116/><V83/><F3/><W127/><REACH who="3" step="1"/><G43/><REACH who="3" ten="201,275,254,260" step="2"/><T71/><D71/><U63/><E63/><V77/><F77/><W125/><G125/><T84/><D9/><U85/><E85/><V28/><F76/><W121/><G121/><T32/><D84/><U57/><E21/><N who="2" m="11495" /><F75/><W53/><G53/><T7/><D35/><U114/><E103/><V46/><F46/><W60/><G60/><T66/><D47/><U135/><E101/><V17/><F55/><W0/><AGARI ba="0,1" hai="0,6,11,40,45,51,87,89,93,98,100,106,126,127" machi="0" ten="30,2000,0" yaku="1,1,0,1,53,0" doraHai="112" doraHaiUra="48" who="3" fromWho="3" sc="201,-5,275,-5,254,-10,260,30" />
</Scene>
<Scene>
<INIT seed="3,0,0,4,3,106" ten="196,270,244,290" oya="3" hai0="46,71,20,51,6,77,119,12,9,81,7,91,134" hai1="135,127,25,84,3,39,22,50,100,94,75,55,82" hai2="65,109,96,131,108,57,112,67,35,88,97,118,60" hai3="101,124,99,48,29,80,103,15,83,70,53,45,111"/><W73/><G70/><T8/><D134/><U105/><E39/><V64/><F112/><W68/><G68/><T87/><D119/><U52/><E3/><V11/><F118/><W110/><G124/><T125/><D125/><U5/><E135/><V1/><F35/><W16/><G29/><T43/><D71/><U56/><E5/><N who="2" m="1455" /><F131/><W14/><G14/><T107/><D107/><U123/><E127/><V132/><F132/><W4/><G4/><T98/><D20/><U130/><E130/><V86/><F96/><W21/><G99/><T116/><D116/><U23/><E105/><V17/><F17/><W78/><REACH who="3" step="1"/><G83/><REACH who="3" ten="196,270,244,280" step="2"/><T44/><D98/><U93/><E82/><N who="2" m="49239" /><F97/><W2/><G2/><T10/><D6/><U47/><E100/><AGARI ba="0,1" hai="15,16,21,45,48,53,73,78,80,100,101,103,110,111" machi="100" ten="40,12000,1" yaku="1,1,52,1,54,1,53,1" doraHai="106" doraHaiUra="79" who="3" fromWho="1" sc="196,0,270,-120,244,0,280,130" />
</Scene>
<Scene>
<INIT seed="3,1,0,3,0,65" ten="196,150,244,410" oya="3" hai0="33,132,32,34,103,15,119,73,21,134,75,79,42" hai1="41,91,70,54,109,49,95,20,23,19,2,122,46" hai2="76,6,3,102,101,74,110,71,29,55,117,126,59" hai3="5,37,12,60,89,133,16,44,27,13,11,57,98"/><W93/><G133/><N who="0" m="51307" /><D42/><U43/><E2/><V107/><F117/><W52/><G37/><T77/><D119/><U118/><E122/><V125/><F29/><W58/><G27/><T1/><D1/><U31/><E118/><V127/><F110/><W90/><G44/><T25/><D15/><N who="1" m="9343" /><E70/><V10/><F71/><W85/><G57/><T111/><D111/><U135/><E135/><V121/><F121/><W48/><G60/><T80/><D103/><U105/><E105/><V63/><F107/><W67/><G67/><T66/><D66/><U106/><E106/><V51/><F63/><W0/><REACH who="3" step="1"/><G16/><REACH who="3" ten="196,150,244,400" step="2"/><N who="0" m="12455" /><D79/><U92/><E109/><V100/><F76/><W40/><G40/><T45/><D45/><U53/><E43/><V17/><F17/><W64/><G64/><T47/><D47/><U123/><E123/><V130/><F130/><W36/><G36/><T68/><D68/><U8/><E41/><V131/><F131/><W62/><G62/><T124/><D124/><U24/><E54/><V88/><F127/><W26/><G26/><T9/><D9/><U61/><E61/><V99/><F125/><W86/><G86/><AGARI ba="1,1" hai="32,33,34,73,75,77,80,86" m="12455,51307" machi="86" ten="40,2600,0" yaku="20,1,54,1" doraHai="65" who="0" fromWho="3" sc="196,39,150,0,244,0,400,-29" />
</Scene>
<Scene>
<INIT seed="4,0,0,0,3,82" ten="235,150,244,371" oya="0" hai0="97,53,25,107,39,37,112,110,123,91,46,4,127" hai1="30,5,93,40,45,3,12,27,48,26,84,41,134" hai2="11,17,44,51,66,0,90,98,120,68,22,114,83" hai3="131,70,15,43,104,35,76,31,75,16,132,100,103"/><T115/><D123/><U129/><E134/><V18/><F120/><W71/><G132/><T67/><D67/><U109/><E109/><V32/><F32/><W116/><G116/><T72/><D72/><U50/><E3/><V87/><F114/><N who="0" m="43562" /><D110/><U57/><E129/><V101/><F66/><W108/><G108/><T49/><D127/><U6/><E12/><N who="2" m="7327" /><F68/><W24/><G131/><T38/><D4/><U36/><E36/><V80/><F80/><W99/><G76/><T9/><D9/><U58/><E30/><V79/><F0/><W2/><G75/><T60/><D60/><U73/><E73/><V20/><F18/><W92/><G2/><T124/><D124/><U118/><E118/><V55/><F79/><W63/><G63/><T52/><D25/><U61/><E61/><V64/><F64/><W19/><G71/><T105/><D53/><U56/><E27/><V10/><F10/><W77/><G70/><T81/><D97/><U121/><E26/><V59/><F59/><W126/><G126/><T8/><D8/><U47/><E121/><V54/><F55/><W89/><G15/><T106/><D81/><U88/><AGARI ba="0,0" hai="5,6,40,41,45,47,48,50,56,57,58,84,88,93" machi="88" ten="30,8000,1" yaku="0,1,9,1,8,1,52,1,54,1" doraHai="82" who="1" fromWho="1" sc="235,-40,150,80,244,-20,371,-20" />
</Scene>
<Scene>
<INIT seed="5,0,0,0,3,84" ten="195,230,224,351" oya="1" hai0="104,134,125,121,113,69,0,96,100,99,59,103,91" hai1="36,21,60,19,40,114,49,65,28,73,105,64,85" hai2="119,106,74,55,52,70,1,9,34,57,17,53,132" hai3="124,71,81,35,93,79,58,88,43,62,101,37,77"/><U130/><E73/><V44/><F119/><W116/><G35/><T108/><D108/><U68/><E105/><V45/><F106/><W67/><G116/><T42/><D69/><U82/><E130/><V48/><F74/><W133/><G133/><T22/><D0/><U7/><E7/><V112/><F70/><W54/><G124/><T61/><D134/><U47/><E114/><V11/><F34/><W39/><G101/><T63/><D125/><U95/><E64/><V2/><F132/><W66/><G66/><T25/><D113/><U30/><E95/><V135/><F135/><W51/><G81/><T10/><D10/><N who="2" m="3594" /><F112/><W29/><G29/><T83/><D42/><U110/><E36/><V94/><F94/><W27/><G27/><T86/><D121/><U80/><E80/><V56/><F1/><W111/><G111/><T120/><D120/><U87/><E87/><V122/><F2/><W131/><G131/><T123/><D123/><U118/><E118/><V97/><F97/><N who="3" m="57511" /><G39/><T76/><D76/><U98/><E98/><N who="0" m="37417" /><D104/><U16/><E110/><V38/><F38/><W115/><G115/><T3/><D3/><U13/><REACH who="1" step="1"/><E19/><REACH who="1" ten="195,220,224,351" step="2"/><V128/><F17/><W78/><G78/><AGARI ba="0,1" hai="13,16,21,28,30,40,47,49,60,65,68,78,82,85" machi="78" ten="30,11600,0" yaku="1,1,2,1,7,1,54,1,53,0" doraHai="84" doraHaiUra="126" who="1" fromWho="3" sc="195,0,220,126,224,0,351,-116" />
</Scene>
<Scene>
<INIT seed="5,1,0,5,4,12" ten="195,346,224,235" oya="1" hai0="78,63,25,9,72,66,26,49,65,76,17,134,21" hai1="19,133,24,43,7,14,62,95,84,79,110,47,85" hai2="53,112,44,39,86,71,132,98,81,101,22,103,80" hai3="113,42,58,87,13,6,111,5,67,83,4,90,125"/><U114/><E110/><V116/><F71/><W1/><G111/><T131/><D131/><U117/><E117/><V74/><F116/><W108/><G108/><T51/><D134/><U33/><E133/><V32/><F32/><W35/><G1/><T60/><D9/><U127/><E127/><V31/><F132/><W38/><G35/><T118/><D118/><U96/><E114/><V93/><F112/><W3/><G3/><T55/><D72/><U121/><E121/><V124/><F124/><W11/><G125/><T115/><D115/><U57/><E79/><V106/><F103/><W97/><G113/><T129/><D129/><U120/><E7/><V104/><F74/><W40/><G38/><T122/><D55/><U77/><E24/><N who="2" m="16791" /><F39/><W41/><G97/><T100/><D21/><U16/><E33/><V99/><F98/><W68/><G68/><T130/><D130/><U23/><E19/><V69/><F69/><W126/><G126/><T30/><D30/><U109/><E77/><V135/><F135/><W20/><G20/><T123/><D100/><N who="1" m="60447" /><E109/><V45/><F106/><W8/><G8/><T61/><D61/><AGARI ba="1,0" hai="4,5,6,11,13,40,41,42,58,61,67,83,87,90" machi="61" ten="40,1300,0" yaku="8,1" doraHai="12" who="3" fromWho="0" sc="195,-16,346,0,224,0,235,16" />
</Scene>
<Scene>
<INIT seed="6,0,0,1,4,120" ten="179,346,224,251" oya="2" hai0="111,105,113,70,98,47,86,25,7,91,34,100,32" hai1="58,35,26,5,99,29,85,92,83,48,125,112,78" hai2="62,51,57,97,108,19,114,6,87,8,133,49,23" hai3="16,131,129,76,67,135,46,13,1,27,82,95,110"/><V66/><F114/><W53/><G1/><T127/><D113/><U73/><E112/><V96/><F133/><W77/><G135/><T33/><D127/><U20/><E125/><V17/><F108/><W36/><G110/><T9/><D111/><U119/><E119/><V3/><F87/><W40/><G67/><T81/><D70/><U80/><E5/><V123/><F123/><W88/><G27/><T84/><D47/><U55/><E80/><V122/><F122/><W44/><G44/><T132/><D132/><U72/><E35/><V118/><F118/><W31/><G53/><T109/><D109/><U65/><E65/><V43/><F19/><W45/><G45/><T30/><REACH who="0" step="1"/><D84/><REACH who="0" ten="169,346,224,251" step="2"/><U134/><E134/><V10/><F43/><W90/><G46/><T79/><D79/><U42/><E42/><V21/><F97/><W106/><G76/><T126/><D126/><U22/><E99/><V56/><F96/><W59/><G77/><T12/><AGARI ba="0,1" hai="7,9,12,25,30,32,33,34,81,86,91,98,100,105" machi="12" ten="20,2700,0" yaku="1,1,0,1,7,1,53,0" doraHai="120" doraHaiUra="117" who="0" fromWho="0" sc="169,37,346,-7,224,-13,251,-7" />
</Scene>
<Scene>
<INIT seed="7,0,0,3,2,44" ten="206,339,211,244" oya="3" hai0="83,87,84,9,54,116,2,98,78,25,100,118,38" hai1="15,11,123,57,80,46,21,129,72,14,73,112,55" hai2="37,93,58,104,74,47,126,94,65,1,117,122,133" hai3="27,59,19,89,97,66,32,95,26,114,7,13,63"/><W135/><G114/><T29/><D38/><U4/><E123/><V43/><F117/><W50/><G135/><T56/><D84/><U101/><E112/><V110/><F110/><W0/><G32/><T76/><D76/><U12/><E129/><V24/><F74/><W20/><G0/><T77/><D77/><U70/><E70/><V79/><F79/><W124/><G7/><T132/><D132/><U81/><E101/><V130/><F133/><W113/><G113/><T40/><D40/><U33/><E33/><V61/><F1/><W103/><G124/><T34/><D9/><U60/><E72/><V105/><F126/><W106/><G106/><T131/><D131/><U23/><E73/><V42/><F42/><W30/><G103/><T86/><D86/><U88/><E46/><V45/><F45/><W53/><REACH who="3" step="1"/><G30/><REACH who="3" ten="206,339,211,234" step="2"/><T49/><D2/><U91/><E4/><V107/><F130/><W121/><G121/><T31/><D29/><U128/><E128/><V17/><F122/><W51/><G51/><T134/><D134/><U48/><E48/><V62/><F61/><W125/><G125/><T85/><D85/><N who="1" m="50215" /><E11/><V3/><F3/><W22/><G22/><N who="1" m="8202" /><E91/><V6/><F6/><W8/><G8/><T16/><D16/><U115/><E115/><V39/><F39/><W82/><G82/><AGARI ba="0,1" hai="12,14,15,55,57,60,81,82" m="8202,50215" machi="82" ten="30,2000,0" yaku="8,1,54,1" doraHai="44" who="1" fromWho="3" sc="206,0,339,30,211,0,234,-20" owari="206,-29.0,369,47.0,211,-19.0,214,1.0" />
</Scene>
</mjloggm>