<mjloggm ver="2.3"><GO type="169" lobby="0"/><UN n0="%E3%81%93%E3%81%BE%E3%81%A3%E3%81%95%E3%82%93" n1="%E3%83%88%E3%82%B7%E3%83%95%E3%83%BC%E3%83%8B" n2="%41%53%41%50%49%4E" n3="%E3%81%9D%E3%81%AE%E4%B8%80%E6%96%B9%E3%81%AA%E3%81%84%E3%82%8F%EF%BD%9E" dan="16,16,19,16" rate="2085.20,2048.85,2288.94,2053.68" sx="M,M,M,M"/><TAIKYOKU oya="0"/>

<Scene>
<INIT seed="0,0,0,1,1,127" ten="250,250,250,250" oya="0" hai0="81,118,116,130,72,91,108,75,134,14,78,133,20" hai1="6,11,48,0,19,73,131,42,100,61,111,15,37" hai2="117,26,63,103,66,16,4,10,59,62,95,9,29" hai3="121,49,112,24,32,25,132,50,107,88,30,109,67"/><T54/><D54/><U101/><E37/><V64/><F117/><W60/><G107/><T89/><D20/><U97/><E73/><V106/><F4/><W56/><G112/><T114/><D14/><U70/><E111/><V68/><F16/><W8/><G109/><T77/><D108/><U125/><E125/><V58/><F68/><W12/><G132/><T17/><D17/><U110/><E110/><V36/><F106/><W120/><G25/><T93/><D114/><U123/><E123/><N who="3" m="47178" /><G88/><N who="0" m="33867" /><D93/><U41/><E48/><V22/><REACH who="2" step="1"/><F36/><REACH who="2" ten="250,250,240,250" step="2"/><W98/><G8/><T71/><D71/><U21/><E61/><V27/><F27/><W92/><G12/><T102/><D118/><U52/><E70/><V135/><F135/><N who="0" m="51722" /><D116/><U57/><E19/><V69/><F69/><W31/><G31/><T94/><D78/><U83/><E15/><V28/><F28/><W53/><G30/><T82/><D77/><U44/><E6/><V84/><F84/><W2/><G24/><T115/><D115/><U104/><E104/><V18/><F18/><W113/><G113/><T45/><D75/><U65/><E21/><V23/><F23/><W38/><G38/><T46/><D72/><U43/><E11/><V47/><F47/><W80/><G2/><T40/><D45/><U85/><E44/><V96/><AGARI ba="0,1" hai="9,10,22,26,29,58,59,62,63,64,66,95,96,103" machi="96" ten="30,12000,2" yaku="1,1,0,1,9,1,25,2,8,1,53,0" doraHai="127" doraHaiUra="87" who="2" fromWho="2" sc="250,-60,250,-30,240,130,250,-30" />
</Scene>
<Scene>
<INIT seed="1,0,0,1,0,37" ten="190,220,370,220" oya="1" hai0="115,64,101,113,88,102,89,128,123,67,26,135,97" hai1="111,22,52,87,30,12,82,76,48,33,84,1,24" hai2="53,25,122,63,10,133,90,66,40,126,79,14,118" hai3="74,134,132,11,80,119,3,69,124,109,71,46,39"/><U127/><E1/><V125/><F118/><W104/><G119/><T91/><D123/><U83/><E127/><V68/><F122/><W45/><G45/><T29/><D135/><N who="3" m="51753" /><G104/><T106/><D101/><U59/><E111/><V43/><F133/><W5/><G109/><T7/><D7/><U131/><E131/><V73/><F53/><W20/><G20/><T96/><D128/><U44/><E12/><V103/><F103/><W100/><G100/><T36/><D36/><U58/><REACH who="1" step="1"/><E33/><REACH who="1" ten="190,210,370,220" step="2"/><V112/><F125/><W77/><G124/><T19/><D106/><U85/><E85/><V117/><F126/><W42/><AGARI ba="0,1" hai="3,5,11,39,42,46,69,71,74,77,80" m="51753" machi="42" ten="30,7900,0" yaku="25,1,20,1,23,1,52,1" doraHai="37" who="3" fromWho="3" sc="190,-20,210,-39,370,-20,220,89" />
</Scene>
<Scene>
<INIT seed="2,0,0,4,2,36" ten="170,171,350,309" oya="2" hai0="125,89,134,61,1,78,88,123,110,76,6,133,79" hai1="60,12,20,35,37,119,24,55,38,100,130,41,42" hai2="80,72,53,81,118,48,49,30,97,27,71,39,16" hai3="132,4,15,54,114,128,0,46,31,69,67,34,14"/><V84/><F118/><W5/><G128/><T109/><D6/><U2/><E119/><V21/><F39/><W93/><G93/><T8/><D8/><U102/><E2/><V103/><F71/><W131/><G131/><T104/><D61/><U68/><E130/><V45/><F72/><W51/><G132/><N who="0" m="50795" /><D1/><U127/><E127/><V3/><F3/><W111/><G15/><T63/><D63/><U83/><E68/><V47/><F84/><W124/><G14/><T18/><D18/><N who="1" m="12311" /><E35/><V29/><F29/><W57/><G69/><T50/><D50/><U126/><E38/><V73/><F73/><W120/><G34/><T107/><D123/><U122/><E37/><V108/><F108/><N who="0" m="41578" /><D125/><U99/><E126/><V52/><F30/><W115/><G124/><T86/><D86/><U11/><E122/><V121/><F121/><W106/><G120/><T56/><D56/><N who="1" m="34847" /><E12/><V9/><F9/><W135/><G135/><T92/><D92/><AGARI ba="0,0" hai="16,21,27,45,47,48,49,52,53,80,81,92,97,103" machi="92" ten="30,12000,1" yaku="7,1,9,1,8,1,54,2" doraHai="36" who="2" fromWho="0" sc="170,-120,171,0,350,120,309,0" />
</Scene>
<Scene>
<INIT seed="2,1,0,5,3,61" ten="50,171,470,309" oya="2" hai0="44,22,52,23,118,65,15,16,97,86,129,50,124" hai1="135,123,101,18,70,46,100,131,111,60,37,87,19" hai2="36,62,21,67,68,98,127,64,85,42,49,1,10" hai3="112,108,55,29,33,31,5,103,11,117,53,77,27"/><V8/><F36/><W59/><G117/><T75/><D75/><U63/><E111/><V107/><F127/><W110/><G31/><T94/><D118/><U56/><E123/><V74/><F74/><W106/><G77/><T20/><D124/><U41/><E135/><V113/><F113/><W126/><G112/><T109/><D109/><N who="3" m="42089" /><G126/><T119/><D119/><U120/><E131/><V28/><F1/><N who="3" m="431" /><G59/><T40/><D129/><U57/><E70/><V26/><F85/><W71/><G71/><T125/><D86/><U114/><E114/><V80/><F80/><W79/><G79/><T99/><D125/><U51/><E120/><V82/><F82/><W88/><G88/><N who="0" m="55495" /><D99/><AGARI ba="1,0" hai="27,29,33,53,55,99,103,106" m="431,42089" machi="99" ten="30,1000,0" yaku="14,1" doraHai="61" who="3" fromWho="0" sc="50,-13,171,0,470,0,309,13" />
</Scene>
<Scene>
<INIT seed="3,0,0,5,4,115" ten="37,171,470,322" oya="3" hai0="111,126,45,27,80,35,123,103,109,18,93,38,119" hai1="9,58,99,131,83,5,60,84,94,40,2,64,125" hai2="34,17,20,91,135,25,7,29,37,39,88,92,85" hai3="53,79,23,55,63,77,90,89,133,104,30,67,96"/><W82/><G133/><T72/><D123/><U98/><E125/><V41/><F135/><W28/><G104/><T61/><D126/><U134/><E134/><V78/><F78/><W52/><G96/><T107/><D107/><U32/><E131/><V130/><F130/><W36/><G36/><T71/><D72/><U122/><E122/><V100/><F100/><W3/><G3/><T102/><D80/><U112/><E112/><V86/><F7/><W113/><G113/><T66/><D45/><U74/><E32/><V46/><F39/><W87/><G77/><T48/><D48/><U42/><E74/><V24/><F91/><W56/><REACH who="3" step="1"/><G30/><REACH who="3" ten="37,171,470,312" step="2"/><T73/><D103/><U33/><E99/><AGARI ba="0,1" hai="17,20,24,25,29,34,37,41,46,85,86,88,92,99" machi="99" ten="30,2000,0" yaku="7,1,54,1" doraHai="115" who="2" fromWho="1" sc="37,0,171,-20,470,30,312,0" />
</Scene>
<Scene>
<INIT seed="4,0,0,3,2,98" ten="37,151,500,312" oya="0" hai0="24,40,84,109,15,37,11,76,8,65,102,82,94" hai1="59,78,108,46,14,10,2,83,53,61,129,49,75" hai2="88,0,45,132,27,135,63,95,116,39,111,80,105" hai3="19,81,117,20,99,72,31,119,100,22,42,77,34"/><T28/><D109/><U89/><E129/><V23/><F111/><W4/><G4/><T130/><D130/><U118/><E108/><V87/><F0/><W86/><G42/><T96/><D65/><U25/><E118/><V64/><F116/><W69/><G69/><T32/><D8/><U70/><E2/><V21/><F105/><W16/><G34/><T13/><D15/><U57/><E25/><V112/><F112/><W26/><G72/><T107/><D40/><U128/><E128/><V134/><F45/><W68/><G68/><T17/><D37/><U67/><E89/><V123/><F39/><W97/><G97/><T58/><D58/><U113/><E113/><V1/><F1/><W104/><REACH who="3" step="1"/><G31/><REACH who="3" ten="37,151,500,302" step="2"/><T92/><AGARI ba="0,1" hai="11,13,17,24,28,32,76,82,84,92,94,96,102,107" machi="92" ten="30,3000,0" yaku="0,1,52,1" doraHai="98" who="0" fromWho="0" sc="37,40,151,-10,500,-10,302,-10" />
</Scene>
<Scene>
<INIT seed="4,1,0,3,1,96" ten="77,141,490,292" oya="0" hai0="84,50,103,124,114,122,32,18,46,113,54,6,133" hai1="77,30,23,74,27,98,127,59,19,64,80,125,131" hai2="49,33,134,41,90,75,9,17,135,105,118,39,128" hai3="36,87,4,108,15,117,60,51,40,81,126,67,2"/><T53/><D122/><U1/><E1/><V58/><F75/><W115/><G117/><T100/><D32/><U83/><E131/><V63/><F33/><W57/><G2/><T34/><D34/><U47/><E83/><V112/><F39/><W97/><G108/><T48/><D6/><U13/><E47/><N who="2" m="25839" /><F90/><W37/><G115/><N who="0" m="44043" /><D133/><N who="2" m="50698" /><F112/><W86/><G4/><T7/><D7/><U82/><E82/><V116/><F105/><W70/><G15/><T76/><D124/><U123/><E123/><V91/><F128/><W111/><G111/><T26/><D84/><U130/><E130/><V11/><F91/><W72/><G87/><T55/><D76/><U95/><E125/><V42/><F42/><W88/><G86/><T8/><D48/><U94/><E127/><V20/><F9/><W3/><G51/><T44/><D46/><U45/><E45/><V25/><F11/><W102/><G126/><T66/><D66/><AGARI ba="1,0" hai="17,20,25,58,63,66,116,118" m="50698,25839" machi="66" ten="30,1000,0" yaku="20,1" doraHai="96" who="2" fromWho="0" sc="77,-13,141,0,490,13,292,0" />
</Scene>
<Scene>
<INIT seed="5,0,0,1,5,56" ten="64,141,503,292" oya="1" hai0="83,94,99,113,104,65,79,116,7,98,80,100,8" hai1="118,112,39,101,127,44,126,117,66,69,63,0,92" hai2="130,95,85,57,28,27,17,125,49,110,25,24,87" hai3="31,38,41,51,62,16,55,71,109,78,45,103,131"/><U5/><E92/><V86/><F110/><W133/><G31/><T48/><D116/><N who="1" m="44651" /><E101/><V96/><F130/><W114/><G109/><T135/><D135/><U102/><E102/><V115/><F125/><N who="1" m="47625" /><E5/><V129/><F115/><W73/><G114/><T76/><D113/><U67/><E112/><V18/><F129/><W93/><G131/><T42/><D65/><N who="1" m="41151" /><E0/><V88/><F28/><W72/><G103/><T64/><D104/><U58/><E58/><V77/><F77/><W33/><G93/><T32/><D99/><U106/><E106/><V22/><F18/><W21/><G78/><N who="0" m="29739" /><D32/><U34/><E34/><V40/><F57/><N who="3" m="33023" /><G33/><T89/><D64/><U30/><E30/><V15/><F96/><W91/><G91/><T121/><D89/><U36/><E36/><V122/><F88/><W26/><G133/><T12/><D121/><U84/><E84/><V107/><F122/><W105/><G105/><T10/><D10/><U54/><E54/><V128/><F107/><W59/><G59/><T20/><D20/><U4/><E4/><V61/><F128/><W60/><G73/><T37/><D37/><U124/><N who="1" m="47633" /><U111/><DORA hai="43" /><E111/><V82/><F95/><W70/><G72/><T6/><D7/><U2/><E2/><V52/><F86/><W81/><G81/><T90/><D100/><U50/><E50/><V134/><F82/><W119/><G119/><T108/><D108/><U46/><E39/><V75/><F75/><W132/><G132/><T11/><D11/><U123/><E123/><V29/><F134/><W74/><G74/><T14/><D14/><RYUUKYOKU ba="0,0" sc="64,10,141,10,503,-30,292,10" hai0="6,8,12,42,48,80,83,90,94,98" hai1="44,46,66,67" hai3="16,21,26,38,41,45,60,62,70,71" />
</Scene>
<Scene>
<INIT seed="5,1,0,0,3,58" ten="74,151,473,302" oya="1" hai0="0,21,56,104,15,82,10,2,103,57,63,79,34" hai1="121,75,106,76,83,128,30,4,39,38,97,95,5" hai2="102,93,81,105,17,27,23,133,130,26,120,99,73" hai3="108,113,20,85,111,59,88,115,70,12,55,72,92"/><U40/><E121/><V46/><F120/><W51/><G70/><T122/><D122/><U123/><E123/><V25/><F130/><W91/><G72/><T44/><D34/><U7/><E128/><V112/><F112/><N who="3" m="43083" /><G91/><T16/><D44/><U101/><E30/><V94/><F133/><W45/><G45/><T127/><D127/><U47/><REACH who="1" step="1"/><E106/><REACH who="1" ten="74,141,473,302" step="2"/><V8/><F105/><W80/><G111/><T71/><D104/><U118/><E118/><V60/><F27/><W125/><G108/><T33/><D33/><U28/><E28/><V69/><F26/><W35/><G125/><T61/><D103/><U1/><E1/><V11/><F25/><W37/><G35/><T96/><D0/><U64/><E64/><V78/><F102/><W65/><G65/><T90/><D2/><U135/><E135/><V24/><F24/><W124/><G124/><T87/><D71/><U84/><E84/><V66/><F66/><W110/><G110/><T134/><D134/><U42/><E42/><V49/><F69/><W62/><G85/><T29/><D29/><U68/><E68/><V132/><F132/><W119/><G119/><T13/><D79/><U116/><E116/><V67/><F78/><W14/><G14/><T98/><D96/><U22/><E22/><V18/><F99/><W19/><G12/><T117/><D98/><U131/><E131/><V109/><F23/><W3/><G20/><T32/><D32/><U6/><N who="1" m="1024" /><DORA hai="126" /><U53/><E53/><V100/><F109/><W52/><G55/><T50/><D117/><U114/><E114/><V43/><F67/><RYUUKYOKU ba="1,1" sc="74,-10,141,30,473,-10,302,-10" hai1="38,39,40,47,75,76,83,95,97,101" />
</Scene>
<Scene>
<INIT seed="5,2,1,5,0,126" ten="64,171,463,292" oya="1" hai0="110,118,73,61,112,85,59,37,69,125,3,47,133" hai1="51,62,54,107,14,30,93,91,132,34,40,43,114" hai2="15,55,2,123,130,99,95,80,131,56,113,84,65" hai3="33,24,9,42,79,19,46,44,88,1,11,8,134"/><U17/><E107/><V111/><F111/><W23/><G134/><T96/><RYUUKYOKU type="yao9" ba="2,1" sc="64,0,171,0,463,0,292,0" hai0="3,37,47,59,61,69,73,85,96,110,112,118,125,133" />
</Scene>
<Scene>
<INIT seed="5,3,1,4,1,134" ten="64,171,463,292" oya="1" hai0="14,103,70,130,30,94,51,105,120,69,121,98,63" hai1="54,62,126,57,20,85,47,61,35,33,100,21,18" hai2="133,82,58,125,3,24,75,127,45,28,10,101,36" hai3="46,52,8,1,25,67,60,128,72,108,31,79,102"/><U123/><E123/><V38/><F133/><W81/><G108/><T93/><D130/><U73/><E73/><V107/><F101/><W23/><G102/><T122/><D30/><U76/><E100/><V7/><F107/><W19/><G128/><T104/><D93/><U118/><E118/><V41/><F58/><W9/><G1/><T106/><D51/><U77/><E20/><N who="2" m="15367" /><F36/><W2/><G2/><T65/><REACH who="0" step="1"/><D14/><REACH who="0" ten="54,171,463,292" step="2"/><U119/><E119/><V5/><F3/><W40/><G31/><T109/><D109/><U110/><E110/><V74/><F38/><W12/><G12/><T88/><D88/><U84/><E76/><V13/><F13/><W129/><G129/><T97/><D97/><U80/><E61/><V71/><F82/><W42/><G81/><T113/><D113/><U0/><E0/><V135/><F135/><W27/><G79/><T131/><D131/><U66/><E85/><V59/><F74/><W115/><G115/><T64/><D64/><U43/><E66/><V99/><F99/><W32/><G67/><T29/><D29/><U89/><E89/><V4/><F75/><W34/><G72/><T16/><D16/><U56/><E18/><V96/><F96/><W91/><G19/><T87/><D87/><U37/><E84/><V6/><F6/><W117/><G91/><T26/><D26/><U132/><E77/><V55/><F4/><W39/><G25/><T90/><D90/><U50/><E132/><V17/><F5/><W68/><G27/><T86/><D86/><U78/><E78/><V49/><F17/><W53/><G39/><RYUUKYOKU ba="3,2" sc="54,30,171,-10,463,-10,292,-10" hai0="63,65,69,70,94,98,103,104,105,106,120,121,122" />
</Scene>
<Scene>
<INIT seed="6,4,2,1,0,104" ten="84,161,453,282" oya="2" hai0="124,118,67,84,10,61,49,27,48,86,1,18,34" hai1="89,14,64,122,54,82,5,91,12,0,21,3,119" hai2="127,41,51,98,112,97,78,135,8,6,33,131,132" hai3="106,129,58,70,80,69,94,92,46,134,123,76,50"/><V103/><F112/><W52/><G123/><T32/><D118/><U19/><E119/><V128/><F33/><W73/><G106/><T15/><D124/><U109/><E109/><V133/><F78/><W23/><G134/><T20/><D34/><U81/><E122/><V65/><F65/><W125/><G125/><T101/><D1/><U28/><E3/><V79/><F127/><W31/><G129/><N who="2" m="49737" /><F103/><W59/><G59/><T100/><D32/><U93/><E0/><N who="2" m="71" /><F79/><W121/><G121/><T83/><D86/><N who="1" m="52471" /><E28/><V71/><F71/><W26/><REACH who="3" step="1"/><G58/><REACH who="3" ten="84,161,453,272" step="2"/><N who="0" m="37303" /><D101/><U107/><E107/><V42/><F51/><W85/><G85/><T117/><D100/><U38/><E38/><V96/><AGARI ba="4,3" hai="41,42,96,97,98,132,133,135" m="71,49737" machi="96" ten="40,3900,0" yaku="20,1,19,1" doraHai="104" who="2" fromWho="2" sc="84,-17,161,-17,453,81,272,-17" />
</Scene>
<Scene>
<INIT seed="6,5,0,1,1,88" ten="67,144,534,255" oya="2" hai0="98,44,48,28,132,71,118,78,81,23,9,91,7" hai1="108,76,75,10,69,52,119,67,127,54,30,57,131" hai2="135,90,95,25,47,114,20,2,80,112,4,56,22" hai3="33,15,124,117,24,38,19,110,87,40,60,51,42"/><V12/><F2/><W120/><G117/><T99/><D71/><U39/><E119/><V116/><F116/><W65/><G120/><T14/><D118/><U93/><E108/><V41/><F135/><W43/><G38/><T46/><D132/><U16/><E39/><V85/><F56/><W6/><G110/><T32/><D32/><U86/><E69/><V79/><F12/><W83/><G124/><T115/><D115/><N who="2" m="44074" /><F4/><W125/><G125/><T107/><D107/><U49/><E127/><V133/><F133/><W111/><G111/><T34/><D34/><U8/><E75/><V66/><F66/><W29/><G6/><T1/><D46/><N who="1" m="27703" /><E131/><V72/><F25/><W96/><G51/><AGARI ba="5,0" hai="20,22,41,47,51,72,79,80,85,90,95" m="44074" machi="51" ten="30,2900,0" yaku="15,1,52,1" doraHai="88" who="2" fromWho="3" sc="67,0,144,0,534,44,255,-44" />
</Scene>
<Scene>
<INIT seed="6,6,0,5,0,61" ten="67,144,578,211" oya="2" hai0="97,33,93,5,46,88,64,109,127,54,20,96,26" hai1="4,77,108,39,98,0,133,101,27,69,99,126,45" hai2="28,91,71,135,6,8,52,30,132,130,17,2,31" hai3="40,14,75,24,114,44,35,29,129,95,76,115,72"/><V37/><F37/><W43/><G129/><T62/><D109/><U134/><E108/><V58/><F71/><W1/><G1/><T68/><D33/><U70/><E77/><V84/><F130/><W106/><G106/><T50/><D127/><U103/><E126/><V86/><F17/><W48/><G43/><T63/><D5/><U121/><E121/><V38/><F38/><W102/><G14/><T123/><D63/><U117/><E117/><V125/><F125/><W56/><G56/><T118/><D118/><U119/><E119/><V83/><F86/><W59/><G59/><T9/><D9/><N who="1" m="2183" /><E27/><V87/><F87/><W3/><G3/><T51/><D50/><U81/><E81/><V23/><F23/><W16/><G76/><T131/><D131/><U47/><E99/><V41/><F41/><W120/><G120/><T80/><D123/><U67/><E101/><V65/><F2/><W53/><G102/><T110/><D110/><U11/><E11/><V49/><F8/><W21/><G24/><T122/><D122/><U7/><E7/><V79/><F6/><W105/><G48/><T124/><D124/><U100/><E100/><V104/><F104/><W22/><G105/><T19/><D80/><U128/><E128/><V107/><F107/><W34/><G75/><T32/><D32/><U10/><E10/><V112/><F79/><W113/><G34/><T94/><D94/><N who="1" m="58839" /><E70/><V55/><F49/><W82/><G35/><T66/><REACH who="0" step="1"/><D97/><REACH who="0" ten="57,144,578,211" step="2"/><U92/><E92/><V18/><F83/><W15/><G82/><T57/><D57/><U111/><E111/><RYUUKYOKU ba="6,1" sc="57,30,144,-10,578,-10,211,-10" hai0="19,20,26,46,51,54,62,64,66,68,88,93,96" />
</Scene>
<Scene>
<INIT seed="7,7,1,3,5,9" ten="87,134,568,201" oya="3" hai0="70,18,61,71,51,48,73,11,101,40,87,0,17" hai1="69,5,89,111,99,103,44,30,50,84,55,10,95" hai2="135,49,88,42,19,130,79,20,85,119,113,106,94" hai3="125,35,47,118,68,31,116,114,127,34,59,120,23"/><W102/><G102/><T93/><D73/><U64/><E111/><V14/><F119/><N who="3" m="45611" /><G59/><T66/><D71/><U132/><E132/><V28/><F135/><W3/><G47/><T15/><D0/><U74/><E74/><V65/><F106/><W56/><G56/><T36/><D17/><U22/><E69/><V43/><F65/><W8/><G68/><T129/><D129/><U86/><E64/><V33/><F43/><W32/><G120/><T6/><D6/><U16/><E30/><V80/><F130/><W7/><G114/><T97/><REACH who="0" step="1"/><D87/><REACH who="0" ten="77,134,568,201" step="2"/><U92/><E86/><V90/><F49/><W105/><G31/><T13/><D13/><N who="1" m="7223" /><E22/><V82/><F42/><W134/><G3/><T91/><D91/><U112/><E112/><V122/><F94/><W83/><G134/><T52/><D52/><U115/><E115/><V54/><F113/><W4/><G4/><AGARI ba="7,2" hai="4,5,44,50,55,84,89,92,95,99,103" m="7223" machi="4" ten="30,3900,0" yaku="8,1,52,1,54,1" doraHai="9" who="1" fromWho="3" sc="77,0,134,80,568,0,201,-60" owari="77,-42.0,214,1.0,568,67.0,141,-26.0" />
</Scene>
</mjloggm>