<mjloggm ver="2.3"><GO type="169" lobby="0"/><UN n0="%41%53%41%50%49%4E" n1="%E3%83%88%E3%83%8B%E3%83%BC%E2%99%AA%E2%99%AA" n2="%E3%81%99%E3%81%9F%E3%83%BC%E3%82%89%E3%81%84%E3%81%A8%E3%81%B3%E3%83%BC" n3="%E3%82%AA%E3%82%BA%E3%82%B0%E3%83%AB%E3%83%BC%E3%83%97" dan="19,16,17,16" rate="2250.01,2059.12,2132.04,2068.40" sx="M,M,F,M"/><TAIKYOKU oya="0"/>

<Scene>
<INIT seed="0,0,0,5,4,75" ten="250,250,250,250" oya="0" hai0="63,99,89,92,78,52,101,70,133,93,61,66,122" hai1="86,124,36,19,102,0,60,123,115,38,10,68,43" hai2="31,125,14,110,11,103,20,116,76,2,97,25,1" hai3="109,119,90,24,67,6,16,77,26,21,62,13,74"/><T64/><D122/><U106/><E123/><V72/><F110/><W17/><G119/><T33/><D33/><U117/><E117/><V79/><F116/><W98/><G109/><T120/><D120/><U51/><E124/><V56/><F125/><W9/><G74/><T107/><D133/><U12/><E115/><V49/><F72/><W55/><G55/><T37/><D37/><U105/><E106/><V130/><F130/><W82/><G98/><T39/><D39/><U54/><E0/><V27/><F27/><W40/><G90/><T15/><D78/><N who="2" m="29738" /><F2/><W46/><G17/><T58/><D15/><U59/><E43/><V45/><F56/><W96/><G96/><T80/><D80/><U23/><E86/><V71/><F1/><W113/><G113/><T34/><D34/><U83/><E83/><V114/><F71/><W53/><G53/><T47/><REACH who="0" step="1"/><D89/><REACH who="0" ten="240,250,250,250" step="2"/><U134/><E38/><V65/><F114/><W69/><G82/><T95/><D95/><U91/><E91/><V118/><F118/><W30/><G77/><T4/><D4/><U29/><E36/><V129/><F129/><W108/><G108/><T87/><D87/><U42/><E12/><V100/><F97/><W48/><REACH who="3" step="1"/><G30/><REACH who="3" ten="240,250,250,240" step="2"/><T32/><D32/><U94/><E29/><V126/><F126/><W85/><G85/><T121/><D121/><U131/><E131/><V18/><F103/><W8/><G8/><T127/><D127/><U135/><E102/><V5/><F100/><W7/><G7/><T73/><D73/><U84/><E10/><V81/><F11/><W41/><G41/><RYUUKYOKU ba="0,2" sc="240,15,250,-15,250,-15,240,15" hai0="47,52,58,61,63,64,66,70,92,93,99,101,107" hai3="6,9,13,16,21,24,26,40,46,48,62,67,69" />
</Scene>
<Scene>
<INIT seed="0,1,2,4,2,30" ten="255,235,235,255" oya="0" hai0="70,37,0,58,91,50,126,33,49,45,82,121,87" hai1="93,66,85,99,16,29,115,21,71,109,117,107,60" hai2="64,125,56,78,40,48,129,42,52,120,2,81,95" hai3="31,131,10,111,98,84,94,86,102,46,13,112,1"/><T61/><D121/><U75/><E117/><V23/><F120/><W77/><G1/><T15/><D0/><U39/><E109/><V123/><F123/><W43/><G111/><T38/><D126/><U130/><E130/><V97/><F125/><W5/><G131/><T24/><D70/><U19/><E39/><V118/><F2/><W11/><G112/><T124/><D124/><U88/><E115/><V103/><F129/><W100/><G11/><T62/><D49/><U79/><E29/><V9/><F118/><W69/><G69/><T59/><D15/><U119/><E21/><V113/><F113/><W127/><G127/><T133/><D133/><U135/><E135/><V63/><F23/><W105/><G31/><T3/><D3/><U12/><E12/><V47/><REACH who="2" step="1"/><F9/><REACH who="2" ten="255,235,225,255" step="2"/><W67/><G67/><T20/><D20/><U65/><E65/><V83/><F83/><W7/><G7/><T14/><D82/><N who="1" m="45439" /><E119/><V80/><F80/><W104/><G77/><T134/><D134/><U57/><E71/><V44/><F44/><W53/><G46/><T26/><D45/><U55/><E66/><V116/><F116/><W110/><G10/><T6/><D58/><U34/><E34/><V96/><F96/><W106/><G98/><T114/><D59/><U122/><E122/><V76/><F76/><W41/><G110/><T22/><D22/><U4/><E4/><V27/><F27/><W32/><G5/><T132/><D6/><U51/><E60/><V28/><F28/><W89/><G32/><T18/><D33/><U72/><E72/><AGARI ba="1,3" hai="40,42,47,48,52,56,63,64,72,78,81,95,97,103" machi="72" ten="30,3900,0" yaku="1,1,7,1,54,1,53,0" doraHai="30" doraHaiUra="108" who="2" fromWho="1" sc="255,0,235,-42,225,72,255,0" />
</Scene>
<Scene>
<INIT seed="1,0,0,0,3,31" ten="255,193,297,255" oya="1" hai0="61,100,76,39,62,10,117,67,59,81,118,121,15" hai1="35,42,102,48,63,11,38,72,1,17,69,57,29" hai2="26,86,132,90,92,54,4,73,109,74,89,114,44" hai3="93,83,12,9,53,27,120,64,96,34,99,115,66"/><U2/><E72/><V126/><F109/><W119/><G120/><T111/><D121/><U55/><E102/><V88/><F132/><W6/><G119/><T94/><D39/><U56/><E69/><V58/><F126/><W103/><G115/><T18/><D111/><U77/><E77/><V68/><F68/><W84/><G99/><T51/><D51/><U52/><E38/><V0/><F44/><W46/><G27/><T127/><D127/><U113/><E42/><V14/><F0/><W23/><G23/><T33/><D33/><U7/><E113/><V98/><F114/><W78/><G34/><T24/><D24/><U135/><E135/><V128/><F128/><W125/><REACH who="3" step="1"/><G125/><REACH who="3" ten="255,193,297,245" step="2"/><T108/><D108/><U110/><E110/><V82/><F26/><W5/><G5/><T104/><D117/><U105/><E105/><V45/><F4/><W112/><G112/><T75/><D104/><U107/><E107/><V16/><F98/><W91/><G91/><T87/><D118/><U131/><E131/><V129/><F88/><W71/><G71/><T50/><D100/><U79/><E79/><V106/><F106/><W116/><G116/><T49/><D76/><U97/><E97/><V20/><F129/><W80/><G80/><T134/><D81/><U13/><E7/><V123/><F90/><W37/><G37/><T122/><D122/><U40/><E40/><V85/><F123/><W19/><G19/><T130/><D130/><U133/><E133/><V101/><F89/><W3/><G3/><T30/><D134/><U47/><E2/><V43/><F43/><RYUUKYOKU ba="0,1" sc="255,-10,193,-10,297,-10,245,30" hai3="6,9,12,46,53,64,66,78,83,84,93,96,103" />
</Scene>
<Scene>
<INIT seed="2,1,1,1,2,57" ten="245,183,287,275" oya="2" hai0="52,13,10,124,17,115,51,28,70,127,122,96,93" hai1="53,48,129,68,99,42,7,20,109,31,95,113,22" hai2="123,39,102,90,104,33,80,134,14,84,106,119,55" hai3="131,61,69,105,64,27,37,103,73,23,85,94,25"/><V71/><F39/><W3/><G73/><T15/><D122/><U76/><E113/><V121/><F33/><W6/><G131/><T79/><D115/><U116/><E116/><V12/><F119/><W50/><G37/><T110/><D110/><U30/><E109/><V74/><F134/><W24/><G105/><T107/><D107/><U67/><E129/><V82/><F71/><W47/><G3/><T65/><D79/><U26/><E7/><V97/><F55/><W43/><G6/><T40/><D40/><U8/><E8/><V11/><F14/><W19/><G103/><T59/><D28/><U34/><E76/><V132/><F132/><W29/><G29/><T38/><D38/><U89/><E42/><V36/><F36/><W81/><REACH who="3" step="1"/><G94/><REACH who="3" ten="245,183,287,265" step="2"/><T117/><D117/><U41/><E31/><V130/><F104/><W4/><G4/><T88/><REACH who="0" step="1"/><D15/><REACH who="0" ten="235,183,287,265" step="2"/><U78/><E30/><V21/><F130/><W58/><G58/><T5/><D5/><U63/><E34/><V9/><F123/><W114/><G114/><T16/><D16/><U44/><E68/><V101/><F121/><W86/><G86/><T2/><D2/><U126/><E99/><V75/><F75/><W133/><G133/><T108/><D108/><U77/><E44/><V112/><F112/><W1/><G1/><T46/><D46/><U111/><E111/><V92/><F74/><W32/><G32/><T91/><D91/><AGARI ba="1,3" hai="19,23,24,25,27,43,47,50,61,64,69,81,85,91" machi="91" ten="30,3900,0" yaku="1,1,7,1,52,1,53,0" doraHai="57" doraHaiUra="125" who="3" fromWho="0" sc="235,-42,183,0,287,0,265,72" />
</Scene>
<Scene>
<INIT seed="3,0,0,0,1,61" ten="193,183,287,337" oya="3" hai0="68,122,57,32,33,70,81,20,92,95,11,46,47" hai1="72,128,17,106,114,102,84,127,75,88,119,104,7" hai2="58,18,35,86,77,2,79,107,123,1,25,38,74" hai3="65,64,117,118,85,55,60,39,89,29,97,45,0"/><W30/><G0/><T76/><D122/><U41/><E114/><V105/><F38/><W54/><G39/><T14/><D20/><U125/><E41/><V3/><F74/><N who="1" m="28201" /><E7/><V63/><F123/><W52/><G45/><T15/><D57/><U112/><E17/><V66/><F86/><W120/><G120/><T13/><D81/><N who="1" m="49167" /><E112/><V91/><F91/><W98/><G60/><T90/><D90/><U109/><E109/><V124/><F79/><W36/><G36/><T56/><D76/><U111/><E111/><V69/><F77/><W51/><G51/><T27/><D56/><U94/><E128/><V134/><F58/><W62/><G62/><T133/><D15/><U82/><E119/><N who="3" m="45578" /><G85/><T26/><REACH who="0" step="1"/><D11/><REACH who="0" ten="183,183,287,337" step="2"/><U42/><E82/><V101/><F69/><W24/><G89/><T73/><D73/><U115/><E115/><V34/><F34/><W130/><G130/><T8/><D8/><U31/><E31/><N who="3" m="11786" /><G24/><T28/><D28/><U59/><E59/><V113/><F35/><W22/><G22/><T5/><D5/><U99/><E42/><V110/><F25/><W44/><G44/><T37/><D37/><U87/><E87/><V116/><F113/><W131/><G131/><T9/><D9/><U4/><E4/><V21/><F21/><W10/><G10/><T126/><D126/><AGARI ba="0,1" hai="94,99,102,104,106,125,126,127" m="49167,28201" machi="126" ten="30,7700,0" yaku="18,1,34,2,54,1" doraHai="61" who="1" fromWho="0" sc="183,-77,183,87,287,0,337,0" />
</Scene>
<Scene>
<INIT seed="4,0,0,2,2,107" ten="106,270,287,337" oya="0" hai0="92,14,125,7,9,67,41,85,34,23,8,10,122" hai1="33,130,44,37,70,118,39,73,27,94,64,54,65" hai2="71,79,58,30,89,80,38,69,104,63,133,119,93" hai3="51,123,72,82,49,116,132,5,83,66,84,61,103"/><T25/><D122/><U114/><E118/><V86/><F38/><W47/><G123/><T26/><D125/><U120/><E120/><V31/><F133/><W101/><G116/><T126/><D126/><U59/><E130/><V109/><F109/><W13/><G132/><T45/><D67/><U121/><E121/><V28/><F104/><W112/><G112/><T55/><D55/><U40/><E73/><V117/><F117/><W129/><G129/><T18/><D34/><U91/><E114/><V108/><F108/><W15/><G5/><T99/><D85/><U106/><E106/><V57/><F119/><W110/><G110/><T100/><REACH who="0" step="1"/><D26/><REACH who="0" ten="96,270,287,337" step="2"/><U2/><E65/><V96/><F71/><W87/><G66/><T20/><D20/><U50/><E27/><V52/><F69/><W135/><G135/><T19/><D19/><U76/><E33/><V24/><F58/><W78/><G87/><T12/><D12/><U115/><E64/><V16/><F16/><W75/><G84/><T36/><AGARI ba="0,1" hai="7,8,9,10,14,18,23,25,36,41,45,92,99,100" machi="36" ten="20,18000,2" yaku="1,1,0,1,7,1,53,3" doraHai="107" doraHaiUra="4" who="0" fromWho="0" sc="96,190,270,-60,287,-60,337,-60" />
</Scene>
<Scene>
<INIT seed="4,1,0,0,1,69" ten="286,210,227,277" oya="0" hai0="23,125,55,8,59,56,39,79,44,130,66,74,64" hai1="2,86,33,7,17,68,26,75,94,120,35,53,47" hai2="73,83,48,41,21,114,77,14,78,101,71,70,81" hai3="110,135,11,58,97,132,65,112,43,54,50,131,123"/><T0/><D130/><U34/><E120/><V119/><F119/><W90/><G112/><T15/><D125/><U31/><E75/><V16/><F114/><W91/><G123/><T30/><D56/><U106/><E106/><V32/><F32/><W100/><G131/><T111/><D111/><U5/><E68/><V85/><REACH who="2" step="1"/><F101/><REACH who="2" ten="286,210,217,277" step="2"/><W128/><G110/><T99/><D64/><U117/><E117/><V88/><F88/><W27/><G128/><T12/><D66/><U118/><E118/><V67/><F67/><W127/><G127/><T102/><D102/><U108/><E34/><V46/><AGARI ba="1,1" hai="14,16,21,41,46,48,70,71,73,77,78,81,83,85" machi="46" ten="30,4000,0" yaku="1,1,0,1,54,1,53,0" doraHai="69" doraHaiUra="89" who="2" fromWho="2" sc="286,-21,210,-11,217,53,277,-11" />
</Scene>
<Scene>
<INIT seed="5,0,0,3,0,108" ten="265,199,270,266" oya="1" hai0="24,22,111,41,89,29,116,3,36,124,65,118,87" hai1="125,97,19,79,107,7,78,15,38,42,43,8,129" hai2="20,117,33,62,96,68,49,4,53,133,58,25,77" hai3="122,109,54,18,39,71,135,82,73,74,134,14,88"/><U114/><E129/><V127/><F117/><W60/><G39/><T85/><D111/><U21/><E125/><V90/><F133/><N who="3" m="50699" /><G109/><T1/><D124/><U27/><E114/><V110/><F33/><W128/><G122/><T100/><D100/><U46/><E42/><V113/><F113/><W67/><G54/><T35/><D65/><U81/><E81/><V130/><F130/><W126/><G126/><T115/><D115/><U10/><REACH who="1" step="1"/><E8/><REACH who="1" ten="265,189,270,266" step="2"/><V98/><F127/><W23/><G128/><T103/><D41/><U131/><E131/><V50/><F110/><W37/><G37/><T64/><D36/><U2/><E2/><V66/><F77/><W63/><G63/><T5/><D1/><U102/><AGARI ba="0,1" hai="7,10,15,19,21,27,38,43,46,78,79,97,102,107" machi="102" ten="30,3000,0" yaku="1,1,0,1,53,0" doraHai="108" doraHaiUra="132" who="1" fromWho="1" sc="265,-10,189,40,270,-10,266,-10" />
</Scene>
<Scene>
<INIT seed="5,1,0,0,0,75" ten="255,229,260,256" oya="1" hai0="79,122,77,105,121,108,97,54,38,10,69,3,0" hai1="27,30,112,51,29,65,6,16,101,7,17,35,124" hai2="45,24,34,120,98,117,33,99,43,91,67,82,85" hai3="63,114,25,20,46,92,49,48,55,128,133,53,123"/><U134/><E134/><V102/><F120/><N who="0" m="46186" /><D108/><U26/><E112/><V87/><F117/><W119/><G114/><T31/><D69/><U107/><E65/><V106/><F67/><W78/><G133/><T129/><D38/><U32/><E51/><V93/><F24/><W39/><G39/><T56/><D129/><U14/><E101/><V12/><F12/><W57/><G128/><T4/><D3/><U64/><E64/><V125/><F125/><W74/><G119/><T41/><D41/><U104/><REACH who="1" step="1"/><E14/><REACH who="1" ten="255,219,260,256" step="2"/><V89/><F99/><W84/><G123/><T80/><D97/><U8/><E8/><V62/><F62/><W47/><G74/><T130/><D130/><U5/><E5/><V96/><F98/><W60/><G63/><T95/><D10/><U36/><E36/><AGARI ba="1,1" hai="33,34,36,43,45,82,85,87,89,91,93,96,102,106" machi="36" ten="30,1000,0" yaku="7,1" doraHai="75" who="2" fromWho="1" sc="255,0,219,-13,260,23,256,0" />
</Scene>
<Scene>
<INIT seed="6,0,0,3,3,124" ten="255,206,283,256" oya="2" hai0="103,36,123,99,105,15,6,85,1,131,59,28,93" hai1="52,66,20,41,122,44,96,70,87,118,9,89,67" hai2="22,58,116,132,57,133,40,76,7,102,2,80,82" hai3="8,38,134,127,43,126,31,65,104,75,46,90,61"/><V91/><F116/><W128/><G31/><T14/><D123/><U12/><E118/><V42/><F102/><W27/><G27/><T3/><D36/><U129/><E70/><V81/><F91/><W69/><G90/><T108/><D108/><U88/><E122/><V47/><F76/><W92/><G92/><T119/><D119/><U50/><E20/><V112/><F112/><W34/><G8/><T79/><D131/><U117/><E129/><V19/><F7/><W25/><G25/><T49/><D28/><U29/><E29/><V33/><F2/><W24/><G24/><T135/><D135/><N who="2" m="51786" /><F33/><W98/><G34/><T10/><D3/><U0/><E0/><V17/><F47/><W110/><G110/><T120/><D120/><U73/><E73/><V54/><F54/><W86/><G86/><T84/><D84/><U51/><E117/><V71/><F71/><W77/><G128/><T63/><D49/><U13/><E96/><V32/><F22/><W121/><G134/><T23/><D23/><U21/><E21/><V101/><F101/><N who="3" m="62519" /><G121/><T97/><D97/><U53/><E41/><N who="2" m="15979" /><F32/><W115/><G115/><T94/><D105/><U107/><E107/><V26/><F26/><W48/><G77/><T16/><D79/><U130/><E130/><V68/><F68/><W100/><G100/><T45/><D1/><U125/><E89/><V83/><N who="2" m="20992" /><DORA hai="95" /><V39/><F39/><W78/><G38/><T106/><D85/><U111/><E87/><V35/><F35/><W5/><G5/><T74/><D106/><U18/><E12/><V64/><F64/><RYUUKYOKU ba="0,0" sc="255,-15,206,-15,283,15,256,15" hai2="17,19,57,58" hai3="43,46,48,61,65,69,75,78,126,127" />
</Scene>
<Scene>
<INIT seed="6,1,0,5,0,59" ten="240,191,298,271" oya="2" hai0="4,126,132,116,130,92,108,17,19,73,62,64,0" hai1="65,37,86,99,77,117,97,10,71,66,106,87,47" hai2="100,124,67,29,25,56,93,46,26,112,83,120,85" hai3="84,14,103,1,53,115,27,88,79,102,127,91,70"/><V74/><F120/><W81/><G1/><T110/><D73/><U43/><E117/><V38/><F112/><W13/><G70/><T122/><D122/><U60/><E66/><V34/><F124/><W134/><G115/><T22/><D126/><U57/><E106/><V123/><F123/><W11/><G127/><T107/><D107/><U3/><E86/><V98/><F74/><W33/><G134/><T30/><D132/><U42/><E42/><V114/><F114/><W69/><G69/><T63/><D116/><U12/><E3/><V41/><F26/><W36/><G36/><T40/><D130/><U39/><E39/><V7/><F7/><W68/><G68/><T58/><D40/><U96/><E97/><V55/><F67/><W129/><G129/><T48/><D48/><U80/><REACH who="1" step="1"/><E71/><REACH who="1" ten="240,181,298,271" step="2"/><V113/><F113/><W111/><G111/><T32/><D108/><U135/><E135/><V23/><F85/><W75/><G75/><T18/><D110/><U94/><E94/><V131/><F131/><W125/><G125/><T21/><D92/><U16/><AGARI ba="1,1" hai="10,12,16,37,43,47,57,60,65,77,80,87,96,99" machi="16" ten="20,8000,1" yaku="1,1,0,1,7,1,52,1,54,1,53,0" doraHai="59" doraHaiUra="35" who="1" fromWho="1" sc="240,-21,181,93,298,-41,271,-21" />
</Scene>
<Scene>
<INIT seed="7,0,0,3,3,71" ten="219,274,257,250" oya="3" hai0="86,103,63,130,35,112,115,78,68,43,134,94,17" hai1="13,120,6,76,12,24,61,56,58,135,0,46,18" hai2="34,64,7,132,49,2,62,3,117,127,114,23,121" hai3="19,60,97,85,26,88,41,74,80,107,101,122,100"/><W70/><G122/><T90/><D35/><U123/><E135/><V32/><F117/><W98/><G41/><T11/><D134/><U55/><E76/><V118/><F118/><W128/><G128/><T25/><D130/><U111/><E111/><V22/><F49/><W126/><G126/><T14/><D25/><U51/><E0/><V81/><F81/><W10/><G74/><T75/><D103/><U30/><E56/><V16/><F62/><W84/><G84/><T59/><D68/><U82/><E82/><V79/><F79/><W50/><G50/><T15/><D78/><U83/><E83/><V87/><F87/><W67/><G26/><T96/><D75/><U131/><E6/><V45/><F64/><W125/><G125/><T28/><D28/><U40/><E131/><V1/><F45/><W108/><G108/><T53/><D86/><U133/><E133/><V9/><F132/><W106/><G10/><T92/><D92/><U95/><E95/><V47/><F47/><W105/><REACH who="3" step="1"/><G19/><REACH who="3" ten="219,274,257,240" step="2"/><T66/><D43/><U42/><E40/><V99/><F127/><W44/><G44/><T91/><D91/><U4/><E18/><V27/><F121/><W31/><G31/><T57/><REACH who="0" step="1"/><D14/><REACH who="0" ten="209,274,257,240" step="2"/><U21/><E13/><V104/><F1/><W36/><G36/><T52/><D52/><U54/><E55/><V29/><F2/><W73/><G73/><T33/><D33/><U5/><E12/><N who="2" m="9479" /><F32/><W8/><G8/><T69/><D69/><U77/><E123/><V113/><F34/><W119/><G119/><T37/><D37/><U48/><E120/><RYUUKYOKU ba="0,2" sc="209,10,274,-30,257,10,240,10" hai0="11,15,17,53,57,59,63,66,90,94,96,112,115" hai2="3,7,9,23,27,29,99,104,113,114" hai3="60,67,70,80,85,88,97,98,100,101,105,106,107" />
</Scene>
<Scene>
<INIT seed="7,1,2,2,3,32" ten="219,244,267,250" oya="3" hai0="5,63,51,39,37,76,61,27,7,97,4,102,96" hai1="41,69,73,60,11,53,103,31,26,88,125,56,9" hai2="112,1,116,52,42,44,108,109,23,18,24,121,46" hai3="90,22,128,111,57,87,12,113,0,40,54,89,85"/><W50/><G111/><T70/><D76/><U48/><E73/><V134/><F116/><W14/><G128/><T71/><D51/><U33/><E125/><V129/><F1/><W79/><G113/><T34/><D27/><U120/><E120/><V135/><F112/><W47/><G0/><T74/><D74/><U68/><E68/><N who="0" m="26153" /><D102/><U6/><E6/><V114/><F114/><W133/><G133/><N who="2" m="50697" /><F129/><W66/><G66/><T35/><D97/><U10/><E103/><V49/><F121/><W59/><G79/><T105/><D96/><U72/><E72/><V95/><F95/><N who="3" m="54703" /><G22/><T8/><D8/><U20/><E33/><N who="0" m="12297" /><D105/><U119/><E119/><V16/><F18/><W110/><G59/><T80/><D80/><U132/><E132/><V98/><F98/><W126/><G126/><T99/><D99/><U65/><E41/><V43/><F42/><W82/><G110/><T131/><D131/><U38/><E38/><AGARI ba="1,2" hai="16,23,24,38,43,44,46,49,52,108,109" m="50697" machi="38" ten="30,3900,0" yaku="20,1,54,2" doraHai="32" who="2" fromWho="1" sc="219,0,244,-42,267,62,250,0" /><AGARI ba="1,0" hai="4,5,7,37,38,39,61,63" m="12297,26153" machi="38" ten="40,2600,0" yaku="28,2" doraHai="32" who="0" fromWho="1" sc="219,26,202,-26,329,0,250,0" owari="245,-15.0,176,-32.0,329,42.0,250,5.0" />
</Scene>
</mjloggm>