<mjloggm ver="2.3"><GO type="169" lobby="0"/><UN n0="%E3%80%93%E6%9D%BE%E4%BA%95%EF%BC%A3%EF%BC%B3%E3%80%93" n1="%41%53%41%50%49%4E" n2="%E3%83%A1%E3%83%81%E3%83%AB%E3%82%B0%E3%83%AA%E3%83%BC%E3%83%B3" n3="%E7%8B%AC%E6%AD%A9" dan="18,19,16,18" rate="2211.11,2270.84,2106.44,2229.16" sx="M,M,M,M"/><TAIKYOKU oya="0"/>

<Scene>
<INIT seed="0,0,0,5,3,5" ten="250,250,250,250" oya="0" hai0="52,126,68,49,121,26,122,39,20,130,112,90,134" hai1="23,41,127,45,40,13,83,113,27,133,110,79,51" hai2="101,38,8,107,88,119,0,69,32,22,106,2,115" hai3="70,42,17,125,94,30,117,111,25,96,85,124,89"/><T102/><D112/><U87/><E110/><V47/><F32/><W80/><G111/><T109/><D39/><U77/><E133/><V73/><F69/><W86/><G117/><T14/><D109/><U64/><E127/><N who="3" m="48714" /><G70/><T59/><D126/><U129/><E129/><V74/><F115/><W24/><G42/><T66/><D134/><U81/><E113/><V61/><F119/><W98/><G17/><T91/><D130/><U48/><E64/><V54/><F61/><W60/><G60/><N who="0" m="38175" /><D68/><U103/><E103/><V57/><F101/><W53/><G53/><T55/><D122/><U62/><E13/><V100/><F100/><W72/><G72/><T84/><D121/><U34/><E34/><V75/><F54/><W135/><G135/><T7/><D102/><U18/><E62/><V1/><F75/><W63/><G63/><T76/><D76/><U9/><E41/><V6/><F74/><W21/><G25/><T19/><D84/><U37/><E37/><V11/><F73/><W44/><G44/><N who="0" m="27687" /><D55/><U95/><E40/><V43/><F43/><W78/><AGARI ba="0,0" hai="21,24,30,78,80,85,86,89,94,96,98" m="48714" machi="78" ten="30,1100,0" yaku="18,1" doraHai="5" who="3" fromWho="3" sc="250,-5,250,-3,250,-3,250,11" />
</Scene>
<Scene>
<INIT seed="1,0,0,3,5,43" ten="245,247,247,261" oya="1" hai0="118,92,75,61,64,44,56,79,89,119,63,37,74" hai1="130,0,60,54,68,2,125,33,51,101,12,11,1" hai2="114,107,31,38,80,48,50,90,87,17,55,14,21" hai3="133,3,66,132,95,124,96,84,93,110,120,39,53"/><U23/><E33/><V28/><F38/><W72/><G3/><T78/><D75/><U13/><E130/><V134/><F107/><W41/><G72/><T99/><D119/><U20/><E125/><V91/><F134/><W36/><G120/><T15/><D118/><U52/><E101/><V70/><F70/><W34/><G34/><T97/><D74/><U22/><E11/><V24/><F114/><W117/><G117/><T46/><D37/><U71/><E54/><V122/><F122/><W82/><G124/><T35/><D35/><U128/><E128/><V6/><F50/><W109/><G66/><T47/><D15/><U69/><E60/><V4/><F91/><W58/><G39/><T10/><D10/><U105/><E105/><V104/><F104/><W45/><G84/><N who="0" m="52263" /><D63/><U30/><REACH who="1" step="1"/><E30/><REACH who="1" ten="245,237,247,261" step="2"/><V76/><F31/><W7/><G53/><T127/><D127/><U81/><E81/><V85/><F28/><W40/><G82/><T8/><D8/><U5/><E5/><V88/><F4/><W126/><G7/><T29/><D29/><U98/><E98/><AGARI ba="0,1" hai="44,46,47,56,61,64,78,79,97,98,99" m="52263" machi="98" ten="30,7700,0" yaku="8,1,52,3" doraHai="43" who="0" fromWho="1" sc="245,87,237,-77,247,0,261,0" />
</Scene>
<Scene>
<INIT seed="2,0,0,4,4,131" ten="332,160,247,261" oya="2" hai0="44,104,26,11,134,94,12,118,117,75,102,56,17" hai1="82,84,114,21,57,115,19,133,2,8,129,76,132" hai2="32,29,103,93,65,46,110,60,111,66,128,38,16" hai3="79,126,124,24,98,49,28,135,119,27,50,100,1"/><V68/><F128/><W30/><G79/><T15/><D75/><U70/><E70/><V4/><F4/><W88/><G1/><T67/><D104/><U39/><E39/><V51/><F38/><W112/><G119/><T33/><D44/><U45/><E129/><V20/><F66/><W3/><G3/><T35/><D35/><U123/><E45/><V25/><F93/><W5/><G5/><T34/><D34/><U81/><E123/><V59/><F103/><W73/><G73/><T13/><D13/><U22/><E22/><V107/><F107/><W71/><G71/><T91/><D102/><U108/><E108/><N who="2" m="41515" /><F32/><W58/><G100/><T36/><D36/><U6/><E57/><V90/><F90/><W0/><G0/><T96/><D67/><U31/><E31/><V40/><F68/><W52/><G112/><T106/><D106/><U99/><E99/><V101/><F101/><W77/><G77/><T61/><D33/><U55/><E81/><V54/><F65/><W63/><G30/><AGARI ba="0,0" hai="16,20,25,29,30,40,46,51,54,59,60" m="41515" machi="30" ten="30,5800,0" yaku="14,1,10,1,54,1" doraHai="131" who="2" fromWho="3" sc="332,0,160,0,247,58,261,-58" />
</Scene>
<Scene>
<INIT seed="2,1,0,2,3,122" ten="332,160,305,203" oya="2" hai0="47,17,99,4,32,73,41,129,33,78,79,28,51" hai1="29,18,62,115,74,35,84,75,59,104,86,125,81" hai2="111,34,31,109,36,77,134,13,83,92,14,48,60" hai3="56,69,124,16,97,55,44,5,40,107,9,53,116"/><V2/><F36/><W90/><G69/><T114/><D114/><U98/><E115/><V66/><F2/><W8/><G116/><T118/><D129/><U68/><E125/><V135/><F92/><W22/><G124/><T58/><D118/><U117/><E117/><V93/><F93/><N who="3" m="56503" /><G107/><T101/><D4/><U130/><E130/><V70/><F48/><N who="3" m="26631" /><G5/><T72/><D72/><U1/><E1/><V126/><F126/><W85/><G85/><T71/><D71/><U82/><E68/><V80/><F34/><W102/><G102/><T123/><D123/><U132/><E132/><N who="2" m="50731" /><F31/><W19/><G55/><T103/><D103/><U0/><E0/><V23/><F83/><W30/><G30/><T127/><D28/><U10/><E29/><V12/><F23/><W64/><G64/><T45/><D33/><U11/><E35/><V52/><F52/><W27/><G19/><T131/><D32/><U57/><E18/><V25/><F25/><W26/><G26/><T105/><D131/><U119/><E119/><V128/><F128/><W112/><G112/><T37/><D127/><U88/><E104/><V108/><F12/><W67/><G67/><T91/><D17/><U96/><E62/><AGARI ba="1,0" hai="8,9,16,22,27,53,56,62" m="26631,56503" machi="62" ten="30,3900,0" yaku="25,1,8,1,54,1" doraHai="122" who="3" fromWho="1" sc="332,0,160,-42,305,0,203,42" />
</Scene>
<Scene>
<INIT seed="3,0,0,2,4,85" ten="332,118,305,245" oya="3" hai0="12,75,77,107,128,99,9,127,32,54,120,79,92" hai1="121,110,78,82,23,3,1,96,94,76,34,98,100" hai2="26,131,132,125,111,112,83,18,135,65,31,113,21" hai3="108,66,28,42,6,16,86,61,103,27,70,48,109"/><W19/><G6/><T58/><D128/><U115/><E115/><N who="2" m="44107" /><F65/><W116/><G116/><T50/><D127/><U62/><E121/><V133/><F83/><W74/><G74/><T134/><D134/><U44/><E34/><N who="2" m="20855" /><F131/><W40/><G103/><T68/><D68/><U2/><E110/><N who="3" m="42602" /><G86/><T51/><D32/><U35/><E35/><V30/><F111/><W106/><G106/><T123/><D107/><U67/><E44/><V119/><F30/><W25/><G25/><T8/><D8/><U71/><E82/><V88/><F88/><W17/><G48/><T10/><D10/><U95/><REACH who="1" step="1"/><E23/><AGARI ba="0,0" hai="16,17,19,23,27,28,40,42,61,66,70" m="42602" machi="23" ten="30,5800,0" yaku="14,1,10,1,54,1" doraHai="85" who="3" fromWho="1" sc="332,0,118,-58,305,0,245,58" />
</Scene>
<Scene>
<INIT seed="3,1,0,4,5,62" ten="332,60,305,303" oya="3" hai0="104,121,134,91,117,44,30,52,63,67,9,35,125" hai1="15,3,11,40,133,113,43,38,85,108,115,36,26" hai2="61,68,88,21,123,73,10,28,0,49,12,71,118" hai3="70,72,96,135,75,29,47,2,94,77,16,31,1"/><W55/><G70/><T131/><D117/><U22/><E3/><V25/><F118/><W128/><G128/><T5/><D121/><U6/><E108/><V50/><F73/><W4/><G135/><T122/><D122/><U54/><E133/><V111/><F123/><W46/><G4/><T27/><D134/><U58/><E85/><V103/><F0/><W65/><G77/><T20/><D131/><U66/><E38/><V124/><F111/><W90/><G2/><T74/><D74/><U17/><E36/><V60/><F124/><W109/><G1/><T82/><D104/><U116/><E116/><V19/><F103/><W51/><G109/><T83/><D35/><U97/><E113/><V86/><F71/><W41/><G75/><T18/><D5/><U93/><E115/><V76/><F76/><W37/><G72/><T78/><D125/><U7/><E7/><V42/><F42/><W81/><G81/><T100/><D100/><U129/><E129/><V80/><F68/><W95/><G65/><T105/><D105/><U102/><REACH who="1" step="1"/><E66/><REACH who="1" ten="332,50,305,303" step="2"/><V99/><REACH who="2" step="1"/><F99/><REACH who="2" ten="332,50,295,303" step="2"/><W119/><G119/><T79/><D79/><U107/><E107/><V98/><F98/><W45/><G37/><T13/><D78/><U48/><AGARI ba="1,2" hai="6,11,15,17,22,26,40,43,48,54,58,93,97,102" machi="48" ten="20,5200,0" yaku="1,1,0,1,7,1,8,1,53,0" doraHai="62" doraHaiUra="57" who="1" fromWho="1" sc="332,-14,50,75,295,-14,303,-27" />
</Scene>
<Scene>
<INIT seed="4,0,0,4,0,107" ten="318,125,281,276" oya="0" hai0="129,42,90,75,54,135,82,130,30,109,12,38,8" hai1="69,104,31,37,86,88,132,63,71,95,53,58,2" hai2="7,62,57,128,92,98,106,66,99,52,25,134,24" hai3="17,43,87,19,120,26,125,9,55,41,133,117,126"/><T81/><D135/><U27/><E132/><V20/><F134/><W6/><G117/><T108/><D30/><U124/><E124/><N who="3" m="47722" /><G120/><T48/><D38/><U119/><E119/><V116/><F116/><W79/><G55/><T111/><D42/><N who="3" m="15881" /><G133/><T127/><D127/><U60/><E37/><V131/><F7/><W47/><G47/><N who="0" m="27935" /><D90/><U122/><E122/><V67/><F106/><W70/><G70/><T18/><D82/><U118/><E118/><V21/><F67/><W11/><G26/><N who="2" m="10345" /><F66/><W121/><G121/><T84/><D84/><U100/><E2/><V39/><F39/><W23/><G23/><N who="2" m="8777" /><F92/><W103/><G103/><T93/><D93/><U14/><E100/><V89/><F89/><W105/><G105/><T1/><D1/><U50/><E104/><V76/><F76/><AGARI ba="0,0" hai="8,12,18,75,76,81,108,109,111,129,130" m="27935" machi="76" ten="40,3900,0" yaku="10,1,52,1" doraHai="107" who="0" fromWho="2" sc="318,39,125,0,281,-39,276,0" />
</Scene>
<Scene>
<INIT seed="4,1,0,1,1,93" ten="357,125,242,276" oya="0" hai0="8,35,76,18,54,15,14,129,87,6,11,25,40" hai1="71,33,116,124,24,22,125,13,134,28,120,123,102" hai2="19,101,5,30,73,111,97,130,0,64,38,78,1" hai3="56,65,70,58,82,37,3,98,51,109,99,44,60"/><T121/><D121/><N who="1" m="46667" /><E71/><V100/><F111/><W132/><G3/><T4/><D129/><U26/><E102/><V7/><F38/><W112/><G109/><T41/><D54/><U96/><E96/><V135/><F130/><W80/><G37/><T36/><D36/><U122/><N who="1" m="46675" /><U114/><DORA hai="62" /><E116/><V118/><F118/><W113/><G132/><T90/><D76/><U16/><E134/><V115/><F101/><W23/><G23/><N who="0" m="13559" /><D35/><U27/><E114/><N who="3" m="44138" /><G58/><T74/><D74/><U85/><E85/><V72/><F115/><W94/><G70/><T9/><D11/><N who="1" m="6207" /><E27/><V20/><F135/><W108/><G108/><T46/><D46/><U47/><E47/><V77/><F73/><W34/><G34/><T117/><D117/><U91/><E91/><V29/><F72/><W126/><G82/><AGARI ba="1,0" hai="4,6,8,9,14,15,40,41,82,87,90" m="13559" machi="82" ten="30,1500,0" yaku="8,1" doraHai="93,62" who="0" fromWho="3" sc="357,18,125,0,242,0,276,-18" />
</Scene>
<Scene>
<INIT seed="4,2,0,3,5,25" ten="375,125,242,258" oya="0" hai0="106,51,21,62,114,70,102,47,126,94,64,119,31" hai1="130,55,19,134,2,81,26,61,67,12,92,93,29" hai2="125,13,97,99,109,16,116,83,113,120,90,110,46" hai3="49,17,78,71,133,115,3,37,74,44,76,87,33"/><T32/><D119/><U124/><E2/><V132/><F120/><W122/><G71/><T123/><D123/><U10/><E130/><V75/><F116/><W5/><G37/><T22/><D114/><U108/><E108/><V100/><F113/><W50/><G33/><T38/><D38/><U91/><E134/><V41/><F132/><W0/><G74/><T68/><D68/><U63/><E124/><V65/><F65/><W104/><G104/><T117/><D117/><U1/><E1/><V58/><F58/><W53/><G122/><T80/><D94/><U59/><E81/><V105/><F125/><W11/><G3/><T66/><D66/><U30/><E26/><V34/><F34/><W54/><G133/><T69/><D69/><U88/><E63/><V35/><F35/><W82/><G17/><T4/><D4/><U103/><E103/><V77/><F90/><N who="1" m="34345" /><E67/><V101/><F101/><W95/><G115/><T36/><D36/><U18/><E18/><V98/><F109/><W52/><G95/><AGARI ba="2,0" hai="10,12,19,29,30,55,59,61,92,93,95" m="34345" machi="95" ten="30,7700,0" yaku="8,1,52,2,54,1" doraHai="25" who="1" fromWho="3" sc="375,0,125,83,242,0,258,-83" />
</Scene>
<Scene>
<INIT seed="5,0,0,1,0,108" ten="375,208,242,175" oya="1" hai0="15,119,58,133,34,7,11,16,99,50,130,120,2" hai1="115,134,78,127,135,71,47,83,116,31,33,38,32" hai2="102,82,18,55,24,54,53,129,112,66,67,29,28" hai3="52,93,43,72,117,63,42,110,86,100,101,81,128"/><U92/><E116/><V121/><F121/><W22/><G72/><T94/><D34/><U76/><E71/><V59/><F129/><W3/><G3/><T14/><D130/><U12/><E127/><V39/><F39/><W49/><G117/><T23/><D119/><U36/><E12/><V6/><F6/><W5/><G5/><T96/><D133/><N who="1" m="50699" /><E92/><V97/><F82/><W89/><G110/><T109/><D109/><U84/><E78/><V60/><F67/><W26/><G63/><T132/><D132/><U87/><E87/><V88/><F102/><N who="3" m="39531" /><G81/><T90/><D120/><U95/><E95/><N who="2" m="56551" /><F112/><W114/><G114/><T75/><D75/><U126/><E126/><V70/><F70/><W8/><G128/><T56/><D99/><U19/><E115/><V123/><F123/><W98/><G98/><T79/><D79/><U64/><E64/><V106/><F106/><W85/><G85/><T25/><D2/><U73/><E73/><V65/><F65/><W30/><G8/><N who="0" m="4383" /><D50/><U61/><E33/><V80/><F80/><W45/><AGARI ba="0,0" hai="22,26,30,42,43,45,49,52,86,89,93" m="39531" machi="45" ten="30,2000,0" yaku="8,1,54,1" doraHai="108" who="3" fromWho="3" sc="375,-5,208,-10,242,-5,175,20" />
</Scene>
<Scene>
<INIT seed="6,0,0,3,1,97" ten="370,198,237,195" oya="2" hai0="10,51,33,119,109,122,95,121,48,108,93,82,24" hai1="79,37,12,59,4,111,120,110,85,43,52,81,115" hai2="28,30,99,46,135,22,14,53,56,132,25,64,61" hai3="102,88,76,116,34,39,31,60,134,124,117,44,7"/><V128/><F128/><W49/><G39/><T118/><D10/><U101/><E115/><V41/><F14/><W71/><G76/><T20/><D33/><U89/><E120/><V74/><F74/><W103/><G7/><T105/><D105/><U17/><E4/><V127/><F127/><W67/><G124/><T83/><D20/><U40/><E101/><V113/><F113/><W18/><G134/><N who="2" m="51241" /><F99/><W133/><G133/><T3/><REACH who="0" step="1"/><D24/><REACH who="0" ten="360,198,237,195" step="2"/><U21/><E21/><V35/><F35/><W16/><G117/><T23/><D23/><U96/><E110/><V54/><F30/><W63/><G116/><T70/><D70/><U15/><E111/><V27/><F27/><W68/><G34/><T73/><D73/><U78/><E15/><V90/><F22/><W55/><G31/><T50/><D50/><U75/><E75/><V13/><F13/><W106/><G106/><T84/><D84/><U126/><E126/><V123/><F25/><W77/><G71/><T36/><D36/><U100/><E12/><V114/><F28/><W5/><G5/><T6/><D6/><U29/><E29/><V86/><F114/><W94/><G63/><T38/><D38/><U69/><E69/><V107/><F107/><W92/><G18/><T66/><D66/><U91/><E17/><V32/><F32/><W42/><G16/><T47/><D47/><U129/><E37/><N who="2" m="21807" /><F123/><W1/><G68/><T65/><D65/><U19/><E19/><V130/><F130/><W80/><G67/><T8/><D8/><U104/><E129/><V98/><F98/><W72/><G72/><RYUUKYOKU ba="0,1" sc="360,15,198,-15,237,15,195,-15" hai0="3,48,51,82,83,93,95,108,109,118,119,121,122" hai2="53,54,56,61,64,86,90" />
</Scene>
<Scene>
<INIT seed="6,1,1,0,4,14" ten="375,183,252,180" oya="2" hai0="104,29,60,110,103,37,115,116,133,67,24,83,74" hai1="120,62,106,56,95,98,39,94,107,76,91,113,125" hai2="96,111,61,131,16,13,53,57,58,134,108,19,82" hai3="30,71,100,88,18,48,15,6,79,44,26,41,21"/><V130/><F134/><W22/><G71/><T80/><D110/><N who="2" m="42026" /><F96/><W75/><G100/><T28/><D133/><U12/><E39/><V0/><F0/><W31/><G6/><T8/><D37/><U99/><E113/><V66/><F82/><W42/><G42/><T90/><D29/><U43/><E43/><V135/><F135/><W86/><G75/><T9/><D115/><U87/><E125/><V52/><F66/><W7/><G7/><T73/><D83/><U47/><E47/><V5/><F5/><W121/><G121/><T20/><D116/><U93/><E120/><V27/><F27/><W68/><G68/><T101/><D74/><U97/><E76/><V33/><F33/><W124/><G124/><T51/><D51/><U65/><REACH who="1" step="1"/><E12/><REACH who="1" ten="375,173,252,180" step="2"/><V118/><F118/><W46/><G79/><T77/><D77/><U112/><E112/><V78/><F78/><W34/><G46/><T50/><D73/><U35/><E35/><V40/><F40/><W55/><G41/><T129/><D104/><AGARI ba="1,2" hai="56,62,65,87,91,93,94,95,97,98,99,104,106,107" machi="104" ten="40,2600,0" yaku="1,1,53,1" doraHai="14" doraHaiUra="63" who="1" fromWho="0" sc="375,-29,173,49,252,0,180,0" />
</Scene>
<Scene>
<INIT seed="7,0,0,3,0,48" ten="346,222,252,180" oya="3" hai0="80,130,67,111,6,68,54,129,124,92,20,71,73" hai1="37,90,55,50,119,38,32,16,2,83,43,1,9" hai2="126,128,72,103,44,22,47,125,28,81,60,26,56" hai3="85,114,33,97,19,8,117,70,100,61,77,41,30"/><W40/><G117/><T118/><D118/><U27/><E119/><V42/><F103/><W109/><G109/><T105/><D105/><U12/><E43/><V91/><F128/><N who="0" m="49258" /><D124/><N who="2" m="47722" /><F42/><W88/><G114/><T99/><D111/><U66/><E66/><N who="2" m="39175" /><F91/><W127/><G77/><AGARI ba="0,0" hai="22,26,28,44,47,72,77,81" m="39175,47722" machi="77" ten="30,1000,0" yaku="18,1" doraHai="48" who="2" fromWho="3" sc="346,0,222,0,252,10,180,-10" owari="346,45.0,222,-18.0,262,6.0,170,-33.0" />
</Scene>
</mjloggm>