<mjloggm ver="2.3"><GO type="169"/><UN n0="%4B%69%53%68%69%6D%40" n1="%E6%9C%A7%E5%A4%8F%E6%9C%88" n2="%41%53%41%50%49%4E" n3="%43%4F%52%41%4C" dan="16,18,18,16" rate="2033,2192,2206,2065" sx="M,M,M,M"/><TAIKYOKU oya="0"/>

<Scene>
<INIT seed="0,0,0,5,0,13" ten="250,250,250,250" oya="0" hai0="18,98,12,92,9,25,30,34,112,107,19,95,106" hai1="45,101,4,120,121,38,102,22,86,66,50,108,58" hai2="68,40,52,115,118,105,36,54,129,26,91,3,11" hai3="60,122,96,99,113,51,126,100,49,130,134,89,53"/><T10/><D112/><U35/><E35/><V116/><F115/><W5/><G113/><T16/><D95/><U2/><E108/><V44/><F68/><W1/><G1/><T94/><D92/><U93/><E38/><V29/><F105/><W131/><G5/><T23/><D9/><U42/><E4/><N who="2" m="1439" /><F91/><W117/><G117/><N who="2" m="45161" /><F129/><W109/><G109/><T119/><D119/><U114/><E2/><V79/><F79/><W20/><G122/><T135/><D135/><U15/><E114/><V76/><F76/><W88/><G134/><T14/><REACH who="0" step="1"/><D19/><REACH who="0" ten="240,250,250,250" step="2"/><N who="1" m="10623" /><E120/><V77/><F77/><W78/><G78/><T63/><D63/><N who="1" m="38263" /><E121/><V48/><F36/><W41/><G131/><T110/><D110/><U43/><E93/><V75/><F75/><W103/><G130/><T87/><D87/><U111/><E86/><V39/><F39/><W127/><G60/><T24/><D24/><U74/><E74/><V55/><F26/><W8/><G99/><T82/><D82/><U124/><E111/><V46/><F29/><W0/><G96/><T90/><AGARI ba="0,1" hai="10,12,14,16,18,23,25,30,34,90,94,98,106,107" machi="90" ten="20,18000,2" yaku="1,1,0,1,7,1,52,2,54,1,53,0" doraHai="13" doraHaiUra="61" who="0" fromWho="0" sc="240,190,250,-60,250,-60,250,-60" />
</Scene>
<Scene>
<INIT seed="0,1,0,1,0,21" ten="430,190,190,190" oya="0" hai0="29,68,1,54,104,14,53,35,95,127,122,44,114" hai1="128,94,109,4,99,82,8,31,27,129,110,79,64" hai2="98,34,3,116,112,47,81,67,90,37,65,91,9" hai3="93,102,134,28,6,12,13,42,2,89,80,25,105"/><T87/><D104/><U92/><E64/><V107/><F112/><W36/><G134/><T72/><D1/><N who="1" m="15" /><E82/><V61/><F116/><W131/><G36/><T18/><D114/><U126/><E79/><V70/><F34/><W71/><G42/><T100/><D72/><U69/><E69/><V46/><F67/><W101/><G71/><T49/><D68/><U58/><E58/><V38/><F9/><W84/><G105/><T15/><D122/><U63/><E63/><V85/><F3/><W106/><G106/><T33/><D127/><U119/><E119/><V73/><F73/><W74/><G2/><T120/><D120/><U59/><E59/><V132/><F132/><W11/><G131/><N who="1" m="50250" /><E126/><V32/><F32/><W76/><REACH who="3" step="1"/><G13/><REACH who="3" ten="430,190,190,180" step="2"/><T124/><D14/><U26/><E31/><V111/><F37/><W23/><AGARI ba="1,1" hai="6,11,12,23,25,28,74,76,80,84,89,93,101,102" machi="23" ten="20,8000,1" yaku="1,1,2,1,0,1,7,1,52,1,53,0" doraHai="21" doraHaiUra="43" who="3" fromWho="3" sc="430,-41,190,-21,190,-21,180,93" />
</Scene>
<Scene>
<INIT seed="1,0,0,2,0,6" ten="389,169,169,273" oya="1" hai0="59,95,134,41,81,112,102,58,54,82,117,119,108" hai1="63,101,4,115,126,84,19,125,29,99,107,32,74" hai2="80,88,86,132,61,8,65,52,36,9,1,55,28" hai3="90,22,96,7,16,68,45,50,35,97,73,47,60"/><U37/><E74/><V121/><F121/><W56/><G35/><T122/><D112/><U93/><E115/><V3/><F36/><W18/><G73/><T104/><D104/><U15/><E37/><V57/><F132/><W123/><G68/><T75/><D41/><U25/><E4/><V67/><F28/><W78/><G78/><T92/><D75/><U46/><E46/><V40/><F40/><W26/><G123/><T71/><D122/><U44/><E44/><V49/><F1/><W106/><G106/><T39/><D39/><U66/><E84/><V72/><F3/><W70/><G70/><T124/><D71/><N who="1" m="42463" /><E93/><V42/><F42/><W48/><G7/><T62/><D92/><U38/><E38/><V11/><F72/><W79/><G79/><T89/><D95/><U103/><E103/><V12/><F12/><W31/><G47/><AGARI ba="0,0" hai="8,9,11,47,49,52,55,57,61,65,67,80,86,88" machi="47" ten="40,12000,2" yaku="8,1,52,3,54,2" doraHai="6" who="2" fromWho="3" sc="389,0,169,0,169,120,273,-120" />
</Scene>
<Scene>
<INIT seed="2,0,0,5,5,56" ten="389,169,289,153" oya="2" hai0="45,85,116,52,4,106,86,125,44,36,90,91,54" hai1="112,16,122,75,101,61,34,97,22,108,117,119,35" hai2="109,11,99,42,76,80,129,128,63,48,72,0,23" hai3="94,2,41,13,47,37,135,53,89,43,67,110,70"/><V20/><F109/><W134/><G2/><T60/><D106/><U68/><E112/><V107/><F48/><W79/><G79/><T28/><D125/><U133/><E75/><V113/><F42/><W105/><G105/><T114/><D114/><U83/><E83/><V132/><F113/><W26/><G26/><T29/><D36/><U96/><E108/><V50/><F50/><W18/><G110/><T121/><D4/><U93/><E133/><V59/><F132/><W130/><G130/><N who="2" m="50281" /><F11/><W27/><G27/><T9/><D9/><U1/><E1/><V123/><F0/><W5/><G5/><T32/><D32/><U102/><E122/><V49/><F49/><W12/><G43/><T8/><D8/><U10/><E10/><V57/><F57/><W15/><G53/><T46/><D121/><U62/><E68/><V33/><F33/><W115/><G115/><T120/><D120/><U81/><E22/><V51/><F51/><W66/><G66/><T65/><D54/><U58/><E58/><V100/><F123/><W69/><G69/><T71/><D52/><AGARI ba="0,0" hai="20,23,52,59,63,72,76,80,99,100,107" m="50281" machi="52" ten="30,5800,0" yaku="19,1,52,1,54,1" doraHai="56" who="2" fromWho="0" sc="389,-58,169,0,289,58,153,0" />
</Scene>
<Scene>
<INIT seed="2,1,0,3,0,70" ten="331,169,347,153" oya="2" hai0="93,47,50,84,69,10,110,116,19,131,80,72,49" hai1="74,34,53,97,24,73,87,43,66,39,13,44,55" hai2="105,63,109,125,100,104,83,90,15,102,31,68,26" hai3="106,2,25,11,118,4,60,65,81,88,117,14,82"/><V57/><F68/><W36/><G106/><T29/><D69/><U71/><E87/><V18/><F125/><W33/><G33/><T119/><D29/><N who="1" m="19751" /><E53/><V129/><F129/><W58/><G25/><T30/><D110/><U94/><E94/><V22/><F109/><W32/><G32/><T42/><D30/><U78/><E13/><V79/><F90/><W27/><G27/><T61/><D131/><U89/><E89/><V108/><F108/><W114/><G114/><T20/><D61/><N who="1" m="40399" /><E78/><V133/><F133/><W8/><G81/><T113/><D80/><U85/><E85/><V64/><F105/><W95/><G82/><T16/><D84/><U75/><E55/><V91/><F91/><W127/><G127/><T99/><D93/><U23/><E23/><V45/><F104/><W46/><G11/><T135/><D10/><U121/><E97/><V96/><F96/><W5/><G5/><T101/><D99/><U77/><E77/><V41/><F83/><W56/><G56/><T1/><D20/><U3/><E121/><V38/><REACH who="2" step="1"/><F79/><REACH who="2" ten="331,169,337,153" step="2"/><W7/><G88/><T12/><D135/><U107/><E107/><V86/><F86/><W123/><G95/><T134/><D134/><U122/><E122/><V92/><F92/><W126/><G123/><T120/><D120/><U17/><E17/><V76/><F76/><W40/><G126/><T54/><D19/><U111/><E111/><V48/><F48/><W37/><G4/><T51/><D16/><U132/><E132/><V9/><AGARI ba="1,1" hai="9,15,18,22,26,31,38,41,45,57,63,64,100,102" machi="9" ten="20,7800,0" yaku="1,1,0,1,7,1,52,1,53,0" doraHai="70" doraHaiUra="128" who="2" fromWho="2" sc="331,-27,169,-27,337,91,153,-27" />
</Scene>
<Scene>
<INIT seed="2,2,0,3,5,40" ten="304,142,428,126" oya="2" hai0="24,36,58,110,27,19,49,42,115,59,54,74,70" hai1="33,72,127,41,57,124,28,8,91,68,17,50,113" hai2="108,83,107,75,90,130,98,69,30,5,35,100,37" hai3="47,34,29,23,22,112,26,3,10,71,53,106,48"/><V31/><F69/><W44/><G71/><T66/><D74/><U118/><E118/><V128/><F35/><W61/><G106/><T85/><D115/><U51/><E68/><V77/><F37/><W73/><G73/><T12/><D110/><U15/><E72/><V116/><F116/><W95/><G112/><T80/><D58/><U13/><E113/><V93/><F5/><W87/><G61/><N who="0" m="40271" /><D12/><U89/><E15/><V88/><F90/><N who="1" m="34313" /><E57/><V65/><F65/><W104/><G104/><T97/><D59/><U92/><E92/><V86/><F108/><W103/><G87/><T0/><D85/><U64/><E41/><V67/><F67/><W79/><G79/><T18/><D42/><U63/><E63/><V39/><F39/><W45/><G95/><T94/><D94/><U56/><E56/><V2/><F2/><W114/><G114/><T132/><D0/><U60/><E60/><V84/><F84/><W111/><G111/><T96/><D36/><U125/><E64/><V55/><F55/><W32/><G32/><T131/><D54/><U52/><E52/><V109/><F109/><W81/><G81/><T21/><D80/><U20/><E33/><V43/><F43/><W123/><G103/><T82/><D82/><U6/><E6/><V25/><F25/><AGARI ba="2,0" hai="8,13,17,20,25,28,50,51,124,125,127" m="34313" machi="25" ten="40,1300,0" yaku="18,1" doraHai="40" who="1" fromWho="2" sc="304,0,142,19,428,-19,126,0" />
</Scene>
<Scene>
<INIT seed="3,0,0,0,4,13" ten="304,161,409,126" oya="3" hai0="75,71,108,105,39,119,3,53,112,4,31,125,8" hai1="22,96,87,129,42,76,100,106,121,77,98,56,93" hai2="57,27,126,15,110,70,25,14,102,118,21,115,72" hai3="37,23,97,17,20,127,19,135,2,67,69,88,80"/><W62/><G2/><T81/><RYUUKYOKU type="yao9" ba="0,0" sc="304,0,161,0,409,0,126,0" hai0="3,4,8,31,39,53,71,75,81,105,108,112,119,125" />
</Scene>
<Scene>
<INIT seed="3,1,0,2,5,82" ten="304,161,409,126" oya="3" hai0="36,124,35,32,54,14,60,100,121,104,46,114,131" hai1="18,64,120,133,26,49,112,5,115,27,132,73,122" hai2="38,20,118,34,89,123,29,94,24,61,7,21,23" hai3="84,63,22,109,69,98,128,47,3,102,116,30,95"/><W59/><G116/><T67/><D121/><N who="1" m="46699" /><E49/><V76/><F118/><W135/><G3/><T45/><D131/><U68/><E73/><V65/><F123/><W93/><G128/><T8/><D124/><U87/><E87/><V50/><F38/><W25/><G69/><T1/><D114/><N who="1" m="43563" /><E64/><V33/><F33/><W103/><G109/><T16/><D32/><U113/><E68/><V40/><F7/><W44/><G135/><N who="1" m="51786" /><E113/><V17/><F76/><W9/><G9/><T125/><D67/><U105/><E105/><V99/><F50/><W12/><G12/><T48/><D14/><U28/><E5/><V53/><F53/><N who="3" m="34287" /><G103/><T51/><D100/><U42/><E42/><V134/><F134/><W15/><G15/><T57/><D51/><U97/><E97/><V19/><REACH who="2" step="1"/><F40/><REACH who="2" ten="304,161,399,126" step="2"/><W119/><G119/><T101/><D48/><U43/><E43/><V81/><F81/><W58/><G58/><AGARI ba="1,1" hai="17,19,20,21,23,24,29,34,58,61,65,89,94,99" machi="58" ten="40,1300,0" yaku="1,1,53,0" doraHai="82" doraHaiUra="71" who="2" fromWho="3" sc="304,0,161,0,399,26,126,-16" />
</Scene>
<Scene>
<INIT seed="4,0,0,1,0,115" ten="304,161,425,110" oya="0" hai0="14,39,42,55,108,62,129,126,89,27,85,60,36" hai1="4,104,125,127,26,106,92,11,32,130,21,97,7" hai2="65,16,48,86,121,90,1,113,67,56,80,82,34" hai3="133,47,107,30,29,114,91,99,6,84,93,58,51"/><T53/><D27/><U20/><E32/><V112/><F121/><W68/><G68/><T59/><D129/><U88/><E130/><V79/><F34/><W72/><G72/><T131/><D131/><U70/><E70/><V24/><F1/><W31/><G6/><N who="1" m="2090" /><E11/><V40/><F40/><W87/><G133/><T134/><D134/><U94/><E94/><V100/><F100/><W28/><N who="3" m="7680" /><DORA hai="46" /><W118/><G107/><N who="1" m="41002" /><E26/><V95/><F82/><W10/><G10/><T13/><D13/><U54/><E54/><N who="2" m="31815" /><F16/><W63/><G118/><T50/><D14/><U98/><E98/><N who="2" m="57719" /><F24/><W109/><G109/><T123/><D108/><U120/><E120/><V23/><F23/><W38/><G38/><T61/><D36/><U122/><E122/><V71/><F71/><W3/><G3/><T111/><D111/><U105/><E105/><V110/><F110/><W76/><G76/><T19/><D123/><U8/><E8/><V102/><F102/><W81/><G81/><T132/><D132/><U12/><E12/><V5/><F5/><W83/><G83/><T74/><D39/><U0/><E0/><V45/><F45/><W77/><G77/><T116/><D19/><U66/><E20/><V64/><F113/><W119/><G114/><T35/><D35/><U57/><E21/><V52/><F112/><W37/><G37/><T103/><D103/><U33/><E33/><V135/><F135/><W22/><G22/><T117/><D117/><U41/><E41/><V43/><F43/><N who="3" m="25087" /><G119/><T124/><D116/><U101/><E101/><V18/><F18/><W78/><G78/><RYUUKYOKU ba="0,0" sc="304,-30,161,10,425,10,110,10" hai1="57,66,88,92,97,125,127" hai2="52,64,65,67,79,80,86" hai3="58,63,84,87,91,93,99" />
</Scene>
<Scene>
<INIT seed="5,1,0,0,3,37" ten="274,171,435,120" oya="1" hai0="49,58,90,134,71,26,8,65,64,62,135,11,66" hai1="78,118,43,40,105,85,34,30,123,42,20,76,102" hai2="91,14,130,12,125,54,6,114,95,108,69,51,56" hai3="1,52,99,101,82,129,98,72,124,73,41,29,122"/><U4/><E118/><V36/><F69/><W23/><G122/><T10/><D26/><N who="1" m="16711" /><E34/><V33/><F108/><W87/><G1/><T2/><D2/><U104/><E104/><V88/><F33/><W86/><G29/><T112/><D112/><U120/><E105/><V119/><F36/><W77/><G23/><T97/><D49/><U25/><E123/><V13/><F119/><W83/><G52/><T16/><D16/><U45/><E120/><V117/><F130/><W39/><G129/><T132/><D71/><U116/><E116/><V35/><F125/><W53/><G53/><N who="0" m="34127" /><D97/><U109/><E109/><V111/><F35/><W93/><G124/><T47/><D47/><U81/><E102/><V121/><F114/><W133/><G133/><T63/><D63/><U46/><E25/><V19/><F121/><W5/><G5/><T106/><D106/><U128/><E128/><V60/><F111/><W75/><G41/><T57/><D57/><U3/><E3/><V61/><F6/><W131/><G39/><T27/><D27/><U68/><E68/><V113/><F113/><W31/><G31/><T70/><D70/><U92/><E4/><V0/><F19/><W17/><G17/><T32/><D32/><U80/><E92/><V67/><F0/><W21/><G21/><T44/><D44/><U74/><E74/><N who="3" m="18946" /><W115/><DORA hai="96" /><G115/><T38/><D38/><U48/><E46/><N who="2" m="28023" /><F117/><W84/><G131/><T50/><D134/><U24/><E24/><V15/><N who="2" m="3072" /><DORA hai="55" /><V107/><F107/><N who="3" m="63927" /><G82/><T127/><D132/><U89/><E81/><V110/><F110/><RYUUKYOKU ba="1,0" sc="274,-15,171,15,435,-15,120,15" hai1="40,42,43,45,48,76,78,80,85,89" hai3="77,83,84,86,87,93,99" />
</Scene>
<Scene>
<INIT seed="5,2,0,5,4,133" ten="259,186,420,135" oya="1" hai0="134,72,90,97,45,114,98,20,112,43,9,110,84" hai1="29,60,123,102,71,93,35,124,118,59,27,64,58" hai2="13,116,87,15,122,96,75,24,49,132,23,6,73" hai3="48,115,31,63,30,65,117,33,68,121,83,81,8"/><U127/><E118/><V51/><F116/><W53/><G117/><T89/><D110/><U82/><E123/><V103/><F122/><W22/><G121/><T32/><D32/><U74/><E102/><V128/><F128/><W104/><G104/><T28/><D72/><U107/><E107/><V61/><F132/><W76/><G33/><T80/><D134/><U38/><E38/><V52/><F75/><W41/><G41/><T46/><D9/><U106/><E106/><V11/><F73/><W7/><G115/><N who="0" m="44075" /><D90/><U36/><E93/><N who="2" m="58767" /><F15/><W42/><G42/><T47/><D43/><U92/><E92/><V5/><F5/><W17/><G83/><T12/><D12/><U111/><E36/><V21/><F87/><W66/><G66/><T56/><D56/><U85/><E74/><V105/><F21/><W54/><G81/><T14/><D14/><U94/><E94/><V40/><F40/><W62/><G76/><T131/><D131/><U77/><E111/><V1/><F1/><W86/><G86/><T79/><D79/><U10/><E10/><V88/><F88/><W95/><G95/><T25/><AGARI ba="2,0" hai="20,25,28,45,46,47,80,84,89,97,98" m="44075" machi="25" ten="40,1500,0" yaku="15,1" doraHai="133" who="0" fromWho="0" sc="259,21,186,-9,420,-6,135,-6" />
</Scene>
<Scene>
<INIT seed="6,0,0,2,4,78" ten="280,177,414,129" oya="2" hai0="42,91,83,48,114,32,133,24,29,57,81,112,79" hai1="30,102,131,25,53,71,43,13,20,17,34,80,55" hai2="37,36,86,7,31,125,50,95,65,66,51,129,127" hai3="82,22,75,88,40,104,59,103,111,76,108,97,101"/><V33/><F7/><W100/><G40/><T121/><D121/><U135/><E71/><V21/><F33/><W63/><G22/><T77/><D133/><U15/><E135/><V99/><F31/><W47/><G47/><N who="0" m="25719" /><D57/><U44/><E131/><V56/><F21/><W49/><G49/><N who="2" m="18441" /><F86/><W52/><G111/><T130/><D130/><U9/><E102/><V68/><F129/><W132/><G108/><T19/><D19/><U107/><E107/><V128/><F128/><W4/><G4/><T1/><D1/><U73/><E73/><V35/><F35/><W92/><REACH who="3" step="1"/><G132/><REACH who="3" ten="280,177,414,119" step="2"/><T106/><D32/><U61/><E61/><N who="2" m="38055" /><F37/><W45/><G45/><T28/><D28/><U105/><E44/><V116/><F36/><W26/><G26/><T119/><D24/><U14/><E43/><V90/><F116/><W8/><G8/><T62/><D29/><U87/><E9/><V110/><F110/><W58/><G58/><T10/><D10/><U98/><E14/><V67/><F68/><W113/><G113/><T27/><D27/><U123/><E15/><V39/><F39/><W69/><G69/><T117/><D62/><U134/><E134/><V115/><F115/><W85/><AGARI ba="0,1" hai="52,59,63,75,76,82,85,88,92,97,100,101,103,104" machi="85" ten="20,16000,3" yaku="1,1,0,1,7,1,24,2,52,1,54,2,53,0" doraHai="78" doraHaiUra="3" who="3" fromWho="3" sc="280,-40,177,-40,414,-80,119,170" />
</Scene>
<Scene>
<INIT seed="7,0,0,3,1,116" ten="240,137,334,289" oya="3" hai0="89,42,32,130,79,36,83,59,110,80,68,24,117" hai1="107,129,30,76,23,7,11,72,81,9,135,51,114" hai2="20,102,22,37,61,56,93,100,133,0,118,29,70" hai3="119,58,88,39,74,104,47,14,49,21,63,69,35"/><W5/><G35/><T87/><D68/><U98/><E114/><V60/><F118/><W91/><G69/><T99/><D117/><U18/><E129/><V4/><F37/><W132/><G74/><T53/><D110/><U40/><E135/><V64/><F133/><W33/><G33/><T12/><D130/><U75/><E30/><V65/><F0/><W82/><G39/><T106/><D36/><U57/><E57/><N who="2" m="36911" /><F4/><W54/><G104/><T31/><D42/><U44/><E98/><N who="2" m="59471" /><F70/><W125/><G119/><T131/><D131/><U15/><E11/><V27/><F22/><W41/><G132/><T38/><D38/><U17/><E107/><V113/><F102/><W73/><G125/><T134/><D134/><U120/><E120/><V122/><F122/><W127/><G127/><T43/><D43/><U123/><E123/><V84/><F84/><W10/><REACH who="3" step="1"/><G21/><REACH who="3" ten="240,137,334,279" step="2"/><T62/><D106/><U105/><E105/><V97/><F97/><W115/><G115/><AGARI ba="0,1" hai="20,27,29,56,60,65,113,115" m="59471,36911" machi="115" ten="30,1000,0" yaku="25,1" doraHai="116" who="2" fromWho="3" sc="240,0,137,0,334,20,279,-10" owari="240,-16.0,137,-36.0,354,45.0,269,7.0" />
</Scene>
</mjloggm>