<mjloggm ver="2.3"><GO type="169" lobby="0"/><UN n0="%EF%BC%A0%E6%A3%AE" n1="%41%53%41%50%49%4E" n2="%E3%82%82%E3%81%A3%E3%81%97%E3%83%BC" n3="%E5%B0%91%E5%B9%B4%E7%AA%81%E6%92%83%E5%9B%A3" dan="17,18,16,16" rate="2125,2202,2163,2054" sx="F,M,M,M"/><TAIKYOKU oya="0"/>

<Scene>
<INIT seed="0,0,0,3,0,15" ten="250,250,250,250" oya="0" hai0="100,24,65,13,107,40,33,34,104,19,135,92,82" hai1="17,81,125,90,120,111,78,96,94,20,35,0,11" hai2="39,114,87,95,12,8,44,18,124,128,129,84,31" hai3="3,21,26,74,86,42,118,38,79,28,30,102,71"/><T55/><D135/><U68/><E120/><V32/><F114/><W76/><G118/><T29/><D34/><U49/><E35/><V85/><F124/><W54/><G71/><T116/><D116/><U47/><E68/><V9/><F9/><W127/><G3/><T37/><D65/><U50/><E125/><V69/><F69/><W112/><G74/><T108/><D82/><U121/><E121/><V134/><F134/><W131/><G112/><T101/><D108/><U4/><E111/><V97/><F31/><W63/><G30/><T5/><D5/><U110/><E47/><V72/><F72/><W98/><G86/><T133/><D133/><U41/><E41/><N who="2" m="22591" /><F32/><W61/><G42/><T36/><D55/><U77/><E110/><V48/><F48/><W2/><G38/><T56/><D56/><U70/><E70/><V115/><F115/><W25/><G2/><T43/><D43/><U57/><E57/><V106/><F106/><W91/><G91/><T75/><D75/><U64/><E64/><V1/><F1/><W27/><G21/><T130/><D40/><U117/><E117/><V132/><F132/><W126/><G28/><T93/><D37/><U16/><E20/><V51/><F51/><W99/><G126/><T119/><D36/><U103/><E49/><V10/><F10/><W113/><G127/><T59/><D119/><U73/><E50/><V45/><F45/><W6/><G113/><T89/><D107/><N who="1" m="63975" /><E78/><V14/><F14/><W62/><G79/><T66/><D104/><U53/><E53/><V109/><F109/><W123/><G54/><RYUUKYOKU ba="0,0" sc="250,-15,250,15,250,15,250,-15" hai1="0,4,11,16,17,73,77,81,90,94" hai2="8,12,18,84,85,87,95,97,128,129" />
</Scene>
<Scene>
<INIT seed="1,1,0,1,0,81" ten="235,265,265,235" oya="1" hai0="104,131,91,40,105,28,3,14,111,87,5,57,86" hai1="98,15,71,121,45,61,102,133,29,8,18,44,62" hai2="123,0,26,110,60,83,75,34,11,89,16,1,106" hai3="17,64,41,21,70,63,119,82,107,96,43,38,13"/><U100/><E121/><V85/><F123/><W66/><G119/><T49/><D111/><U59/><E133/><V33/><F106/><W4/><G64/><T93/><D3/><U51/><E71/><V35/><F110/><W48/><G38/><T78/><D131/><U92/><E102/><V122/><F122/><W7/><G82/><N who="0" m="47447" /><D28/><U88/><E61/><V134/><F134/><W12/><G48/><T101/><D101/><U115/><E115/><V79/><F60/><W56/><G70/><T20/><D57/><U19/><E29/><V23/><REACH who="2" step="1"/><F11/><REACH who="2" ten="235,265,255,235" step="2"/><W54/><G107/><T97/><D105/><U74/><E62/><V22/><F22/><W129/><G21/><T42/><D20/><U95/><E74/><V94/><AGARI ba="1,1" hai="0,1,16,23,26,33,34,35,75,79,83,85,89,94" machi="94" ten="30,7900,0" yaku="1,1,0,1,52,1,54,1,53,0" doraHai="81" doraHaiUra="9" who="2" fromWho="2" sc="235,-21,265,-40,255,92,235,-21" />
</Scene>
<Scene>
<INIT seed="2,0,0,0,5,99" ten="214,225,347,214" oya="2" hai0="30,59,67,63,109,110,46,16,32,22,3,28,111" hai1="0,107,97,77,78,102,93,17,41,112,103,82,33" hai2="38,20,25,87,79,115,49,6,5,120,54,130,119" hai3="34,86,129,37,117,60,114,36,108,43,8,132,69"/><V66/><F119/><W1/><RYUUKYOKU type="yao9" ba="0,0" sc="214,0,225,0,347,0,214,0" hai3="1,8,34,36,37,43,60,69,86,108,114,117,129,132" />
</Scene>
<Scene>
<INIT seed="2,1,0,3,3,129" ten="214,225,347,214" oya="2" hai0="28,66,2,46,60,120,38,123,74,20,15,64,119" hai1="33,4,40,3,14,75,117,29,58,51,125,82,83" hai2="113,114,12,105,106,24,133,130,8,36,78,90,84" hai3="63,69,57,30,97,115,18,41,118,47,31,53,99"/><V61/><F36/><W13/><G118/><T49/><D74/><U100/><E117/><V59/><F130/><W93/><G115/><T81/><D119/><U22/><E75/><V127/><F127/><W10/><G69/><T107/><D2/><U109/><E109/><V116/><F116/><W98/><REACH who="3" step="1"/><G93/><REACH who="3" ten="214,225,347,204" step="2"/><T94/><D94/><U35/><E125/><V26/><F114/><W89/><G89/><T70/><D107/><U9/><E100/><V43/><F113/><W72/><G72/><T44/><D70/><U91/><E91/><V104/><F78/><W19/><G19/><T0/><D123/><U62/><E29/><V21/><F43/><W110/><G110/><T23/><D120/><U111/><E40/><V76/><F76/><W42/><G42/><T126/><D28/><U135/><E111/><V128/><F128/><W34/><G34/><T132/><D126/><U67/><E35/><V95/><F21/><W56/><G56/><T102/><D23/><U103/><E103/><V88/><F90/><W86/><G86/><T6/><D102/><U87/><E33/><V68/><F68/><W71/><G71/><T7/><D20/><U39/><E22/><V50/><F50/><AGARI ba="1,1" hai="10,13,18,30,31,41,47,50,53,57,63,97,98,99" machi="50" ten="40,5200,0" yaku="1,1,8,1,53,1" doraHai="129" doraHaiUra="48" who="3" fromWho="2" sc="214,0,225,0,347,-55,204,65" />
</Scene>
<Scene>
<INIT seed="3,0,0,5,1,74" ten="214,225,292,269" oya="3" hai0="50,87,69,25,76,1,133,135,95,21,120,84,54" hai1="18,89,64,104,100,48,12,56,98,4,51,53,14" hai2="44,40,13,43,93,29,17,46,68,91,73,32,105" hai3="36,112,58,62,9,33,39,61,11,77,116,26,115"/><W20/><G33/><T117/><D117/><U3/><E64/><V59/><F105/><W99/><G116/><T80/><D69/><U63/><E3/><V45/><F68/><W107/><G107/><T81/><D1/><U31/><E31/><V97/><F73/><W55/><G99/><T79/><D120/><U38/><E38/><V34/><F59/><W28/><G77/><T101/><D95/><U27/><E27/><V124/><F124/><W5/><G62/><T86/><D101/><U94/><E4/><V129/><F129/><W19/><G39/><T15/><D15/><U10/><E12/><V41/><REACH who="2" step="1"/><F29/><REACH who="2" ten="214,225,282,269" step="2"/><W22/><G28/><N who="0" m="17455" /><D135/><U134/><E134/><V23/><AGARI ba="0,1" hai="13,17,23,32,34,40,41,43,44,45,46,91,93,97" machi="23" ten="30,4000,0" yaku="1,1,0,1,53,1" doraHai="74" doraHaiUra="88" who="2" fromWho="2" sc="214,-10,225,-10,282,50,269,-20" />
</Scene>
<Scene>
<INIT seed="4,0,0,4,4,118" ten="204,215,332,249" oya="0" hai0="126,80,110,65,24,90,41,133,13,4,43,9,6" hai1="56,134,103,77,38,74,33,37,81,63,87,26,50" hai2="85,1,23,127,7,46,54,17,88,59,27,69,3" hai3="21,20,47,124,100,120,58,91,10,113,32,70,61"/><T29/><D126/><U96/><E134/><V40/><F69/><W93/><G70/><T92/><D133/><U117/><E117/><V97/><F127/><W83/><G32/><T115/><D115/><U31/><E50/><V67/><F67/><W36/><G124/><T68/><D110/><U104/><REACH who="1" step="1"/><E74/><REACH who="1" ten="204,205,332,249" step="2"/><V64/><F64/><AGARI ba="0,1" hai="26,31,33,37,38,56,63,64,77,81,87,96,103,104" machi="64" ten="30,7700,0" yaku="1,1,2,1,7,1,53,1" doraHai="118" doraHaiUra="55" who="1" fromWho="2" sc="204,0,205,87,332,-77,249,0" />
</Scene>
<Scene>
<INIT seed="5,0,0,3,5,94" ten="204,292,255,249" oya="1" hai0="24,78,54,80,33,13,132,49,50,70,73,48,52" hai1="64,31,89,79,27,26,107,62,128,95,25,10,81" hai2="61,41,7,30,97,15,85,59,91,2,126,135,21" hai3="67,19,1,99,5,122,69,17,120,43,111,113,53"/><U71/><E128/><V14/><F135/><W106/><G111/><T93/><D132/><U74/><E107/><V129/><F129/><W60/><G43/><T37/><D37/><U76/><E76/><V20/><F126/><W88/><G113/><T23/><D70/><U123/><E10/><N who="2" m="4447" /><F2/><W11/><G53/><T40/><D40/><U39/><E39/><V117/><F117/><W44/><G44/><T133/><D133/><U121/><REACH who="1" step="1"/><E31/><REACH who="1" ten="204,282,255,249" step="2"/><V82/><F30/><W72/><G106/><T86/><D33/><U77/><E77/><V127/><F127/><W28/><G28/><T32/><D32/><U4/><E4/><V98/><F41/><W6/><G6/><T57/><D78/><U105/><E105/><V34/><F34/><W83/><G11/><T131/><D131/><U22/><E22/><N who="2" m="8811" /><F15/><W118/><G5/><T101/><D13/><U84/><AGARI ba="0,1" hai="25,26,27,62,64,71,74,79,81,84,89,95,121,123" machi="84" ten="30,6000,0" yaku="1,1,0,1,53,1" doraHai="94" doraHaiUra="65" who="1" fromWho="1" sc="204,-20,282,70,255,-20,249,-20" />
</Scene>
<Scene>
<INIT seed="5,1,0,1,3,57" ten="184,352,235,229" oya="1" hai0="76,19,22,134,124,74,77,104,72,97,16,109,127" hai1="86,94,31,121,125,36,59,93,89,52,73,132,98" hai2="18,6,114,0,80,30,117,17,39,53,129,68,107" hai3="20,115,87,95,41,75,61,64,78,108,116,25,47"/><U106/><E121/><V92/><F107/><W130/><G108/><T8/><D109/><U7/><E73/><N who="0" m="28265" /><D134/><U123/><E123/><V119/><F39/><W81/><G130/><T91/><D8/><U14/><E36/><V45/><F129/><W90/><G115/><T63/><D19/><U62/><E125/><N who="0" m="48201" /><D63/><U55/><E106/><V28/><F114/><W46/><G116/><T5/><D5/><U99/><E132/><V4/><F0/><W70/><REACH who="3" step="1"/><G41/><REACH who="3" ten="184,352,235,219" step="2"/><T15/><D91/><U11/><E89/><V27/><F119/><W88/><G88/><T105/><D97/><U42/><E42/><V120/><F120/><W23/><G23/><T69/><D77/><U131/><E131/><V100/><F117/><W118/><G118/><T66/><D76/><U12/><E98/><V32/><F32/><W112/><G112/><T13/><D22/><U35/><E99/><V60/><F100/><W82/><G82/><T65/><D104/><U43/><E43/><V51/><F80/><W110/><G110/><T58/><D105/><U128/><E128/><V135/><F135/><W56/><G56/><T102/><D58/><U133/><E59/><V48/><F92/><W111/><G111/><T9/><D102/><U113/><E94/><V10/><F68/><W84/><G84/><T49/><D69/><U34/><E86/><V33/><F33/><W67/><G67/><T96/><D65/><U38/><E34/><V50/><F10/><W103/><G103/><T79/><D66/><U126/><E35/><V2/><F2/><W24/><G24/><T37/><D9/><RYUUKYOKU ba="1,1" sc="184,-10,352,-10,235,-10,219,30" hai3="20,25,46,47,61,64,70,75,78,81,87,90,95" />
</Scene>
<Scene>
<INIT seed="6,2,1,2,0,134" ten="174,342,225,249" oya="2" hai0="11,130,32,88,108,39,40,117,5,57,71,113,25" hai1="78,95,132,8,44,58,86,72,63,75,9,104,69" hai2="1,103,36,29,60,123,80,2,135,48,125,3,55" hai3="67,133,16,61,64,94,53,22,31,17,37,85,59"/><V92/><F123/><W106/><G106/><T77/><D108/><U12/><E132/><V62/><F36/><W28/><G37/><T105/><D71/><U33/><E104/><V7/><F135/><W56/><G133/><T122/><D122/><U114/><E69/><V127/><F29/><W107/><G107/><T111/><D111/><U115/><E33/><V46/><F7/><W128/><G128/><T34/><D130/><U126/><E44/><V124/><F80/><W66/><G17/><T70/><D70/><U51/><E51/><V19/><F19/><W18/><G18/><T131/><D131/><U41/><E41/><V73/><F73/><W6/><G6/><T26/><D105/><U90/><E78/><V89/><F103/><W79/><G59/><T121/><D39/><U96/><E96/><AGARI ba="2,1" hai="1,2,3,46,48,55,60,62,89,92,96,124,125,127" machi="96" ten="50,12000,1" yaku="18,1,52,3" doraHai="134" who="2" fromWho="1" sc="174,0,342,-126,225,136,249,0" />
</Scene>
<Scene>
<INIT seed="6,3,0,4,2,115" ten="174,216,361,249" oya="2" hai0="76,37,121,44,85,101,93,61,133,6,72,27,116" hai1="86,40,56,68,88,81,20,8,16,21,82,105,130" hai2="103,33,35,12,70,25,108,83,43,13,123,45,131" hai3="26,52,32,87,110,36,18,135,55,92,34,41,95"/><V14/><F70/><W42/><G110/><T79/><D121/><U64/><E105/><V73/><F123/><W5/><G5/><T127/><D127/><U112/><E68/><V66/><F66/><W75/><G75/><T99/><D133/><U111/><E111/><V47/><F108/><W0/><G87/><T128/><D128/><U102/><E102/><V17/><F131/><W53/><G0/><T125/><D125/><U122/><E112/><V77/><F103/><W54/><G54/><T67/><D6/><U7/><E122/><V62/><F62/><W22/><G135/><T98/><D27/><U109/><E109/><V48/><F17/><W129/><G36/><T117/><D37/><U24/><E40/><V63/><F63/><W113/><G113/><T30/><D30/><U51/><E130/><V49/><F25/><W114/><G114/><T29/><D29/><U118/><E21/><V74/><F73/><W89/><G129/><T120/><D44/><U124/><E124/><V134/><F134/><W19/><G19/><T4/><D4/><U15/><E118/><N who="0" m="45673" /><D72/><U119/><E119/><V58/><F35/><W10/><G32/><T2/><D2/><U69/><E69/><V71/><F71/><W9/><G26/><T126/><D126/><U84/><E64/><V132/><F33/><W107/><G34/><T3/><D120/><U38/><E38/><V1/><F1/><W31/><G31/><T28/><D3/><U104/><E104/><V50/><F132/><W97/><G107/><N who="0" m="63927" /><D28/><U106/><E106/><V59/><F74/><W39/><G39/><RYUUKYOKU ba="3,0" sc="174,0,216,0,361,0,249,0" />
</Scene>
<Scene>
<INIT seed="7,4,0,4,5,43" ten="174,216,361,249" oya="3" hai0="21,20,96,104,66,70,33,9,74,6,45,129,12" hai1="102,0,99,82,84,134,100,93,86,85,95,118,44" hai2="79,15,31,38,2,123,46,63,48,34,73,72,49" hai3="53,119,111,55,106,125,50,128,62,32,127,91,131"/><W115/><G32/><T65/><D33/><U16/><E0/><V105/><F2/><W28/><G28/><T23/><D129/><N who="3" m="49737" /><G106/><T76/><D70/><U109/><E109/><V81/><F105/><W13/><G13/><T27/><D27/><U133/><E118/><V67/><F123/><W90/><G119/><T87/><D74/><U101/><E44/><V94/><F72/><W112/><G111/><T35/><D35/><U126/><E126/><N who="3" m="48138" /><G62/><T61/><D61/><U5/><E5/><V11/><F31/><W18/><G18/><T51/><D104/><U107/><E16/><V69/><F34/><W78/><G78/><T98/><D66/><U130/><E130/><V52/><F15/><W92/><G92/><N who="1" m="35402" /><E82/><V7/><F94/><W36/><G36/><T80/><REACH who="0" step="1"/><D65/><REACH who="0" ten="164,216,361,249" step="2"/><U17/><E17/><V14/><F67/><W42/><G112/><T97/><D97/><U47/><E47/><V1/><F46/><N who="3" m="25943" /><G115/><T122/><D122/><U116/><E116/><V22/><F73/><W57/><G57/><T83/><D83/><U124/><E124/><V58/><F81/><W8/><G8/><T60/><D60/><U103/><AGARI ba="4,1" hai="84,85,86,99,100,101,102,103,107,133,134" m="35402" machi="103" ten="40,2700,0" yaku="34,2" doraHai="43" who="1" fromWho="1" sc="164,-11,216,49,361,-11,249,-17" owari="153,-35.0,265,7.0,350,45.0,232,-17.0" />
</Scene>
</mjloggm>