<mjloggm ver="2.3"><GO type="169" lobby="0"/><UN n0="%E3%82%A2%E3%82%AB%E2%98%86%E3%82%A6%E3%83%BC%E3%83%94%E3%83%B3" n1="%6D%65%24%6F" n2="%E7%8B%AC%E6%AD%A9" n3="%41%53%41%50%49%4E" dan="16,16,18,19" rate="2090.95,2084.20,2229.04,2309.37" sx="M,M,M,M"/><TAIKYOKU oya="0"/>

<Scene>
<INIT seed="0,0,0,4,1,23" ten="250,250,250,250" oya="0" hai0="87,35,88,17,51,6,38,11,75,3,99,96,112" hai1="129,77,82,41,32,117,123,43,37,121,33,4,66" hai2="45,8,132,89,58,69,12,1,104,40,14,98,93" hai3="84,62,20,49,95,114,67,86,57,126,2,71,119"/><T109/><D38/><U113/><E117/><V24/><F69/><W56/><G119/><T60/><D75/><U92/><E113/><V101/><F132/><W102/><G114/><T16/><D112/><U29/><E129/><V111/><F58/><W18/><G2/><T81/><D35/><U124/><E124/><V108/><F24/><W21/><G21/><T28/><D28/><U131/><E131/><V80/><F80/><W116/><G126/><T79/><D109/><N who="2" m="42058" /><F1/><W55/><G116/><T68/><D51/><U5/><E37/><N who="2" m="21647" /><F8/><W72/><G71/><T78/><D78/><U7/><E77/><V64/><F64/><W52/><G67/><T134/><D134/><U10/><E82/><V61/><F61/><W130/><G130/><T31/><D31/><U48/><E66/><V22/><F22/><W44/><G44/><T107/><D68/><U54/><E10/><V59/><F59/><W74/><G74/><T118/><D60/><U122/><E32/><V15/><F15/><W83/><G83/><T25/><D118/><U39/><E39/><V27/><F27/><N who="3" m="14743" /><G72/><T19/><D107/><U50/><E29/><V128/><F128/><W42/><G42/><T47/><D47/><U120/><E33/><V70/><F70/><W34/><G34/><T110/><D110/><U26/><E123/><V36/><F36/><W9/><G9/><T30/><D79/><U85/><E121/><V46/><F46/><W127/><G127/><T73/><D73/><U0/><E122/><V103/><F104/><W90/><G102/><T63/><D63/><U100/><E120/><RYUUKYOKU ba="0,0" sc="250,10,250,-30,250,10,250,10" hai0="3,6,11,16,17,19,25,30,81,87,88,96,99" hai2="12,14,89,93,98,101,103" hai3="49,52,55,56,57,62,84,86,90,95" />
</Scene>
<Scene>
<INIT seed="0,1,0,4,0,9" ten="260,220,260,260" oya="0" hai0="113,86,85,94,53,41,91,6,50,63,20,77,116" hai1="24,56,109,1,107,100,19,98,43,16,38,89,67" hai2="73,2,95,52,10,80,115,79,21,58,133,123,34" hai3="76,3,32,93,96,62,114,102,57,48,87,83,7"/><T135/><D113/><U36/><E1/><V29/><F123/><W125/><G114/><T92/><D116/><U104/><E104/><V8/><F115/><W47/><G32/><T120/><D120/><U78/><E78/><V71/><F71/><W97/><G125/><T105/><D105/><U23/><E109/><V40/><F40/><W129/><G129/><T46/><D135/><U75/><E75/><V51/><F34/><W66/><G3/><T27/><D6/><U42/><E89/><V59/><F133/><W90/><G7/><T39/><D77/><U103/><E103/><V110/><F110/><W13/><G13/><T28/><D63/><U69/><E69/><V108/><F59/><W61/><G61/><T60/><D60/><U37/><E67/><V15/><F2/><W65/><G65/><T18/><D28/><U68/><E56/><V132/><F132/><W119/><G119/><T112/><D112/><U17/><REACH who="1" step="1"/><E68/><REACH who="1" ten="260,210,260,260" step="2"/><V121/><F108/><W54/><REACH who="3" step="1"/><G102/><REACH who="3" ten="260,210,260,250" step="2"/><T128/><D128/><U44/><E44/><V49/><F121/><W106/><G106/><T124/><D46/><U122/><E122/><V134/><F134/><W25/><G25/><T118/><D27/><U131/><E131/><V111/><F111/><W14/><G14/><T26/><D26/><U4/><E4/><V0/><F0/><W31/><G31/><AGARI ba="1,2" hai="16,17,19,23,24,31,36,37,38,42,43,98,100,107" machi="31" ten="50,3200,0" yaku="1,1,54,1,53,0" doraHai="9" doraHaiUra="55" who="1" fromWho="3" sc="260,0,210,55,260,0,250,-35" />
</Scene>
<Scene>
<INIT seed="1,0,0,4,3,60" ten="260,265,260,215" oya="1" hai0="30,72,104,7,23,94,61,21,19,9,129,20,82" hai1="28,135,32,40,96,128,109,15,55,107,17,127,57" hai2="67,78,27,125,1,42,118,10,12,64,50,39,126" hai3="0,84,58,85,101,99,103,90,95,16,2,77,22"/><U98/><E128/><V132/><F39/><W108/><G108/><T115/><D104/><U38/><E109/><V87/><F1/><W93/><G103/><T34/><D115/><U51/><E135/><V112/><F112/><W70/><G70/><T120/><D94/><U52/><E127/><N who="2" m="48651" /><F27/><W76/><G84/><T130/><D61/><U35/><E107/><V102/><F102/><W48/><G2/><N who="0" m="247" /><D82/><U63/><E38/><V69/><F69/><W46/><G0/><T92/><D92/><U65/><E28/><V71/><F118/><W105/><G105/><T134/><D72/><U114/><E114/><V131/><F131/><N who="0" m="50186" /><D134/><U5/><E98/><V117/><F117/><W80/><G80/><T49/><D49/><U110/><E96/><V13/><F71/><W122/><G122/><T121/><D19/><U43/><E110/><V56/><F132/><W97/><G97/><T75/><D75/><U36/><E36/><V124/><F124/><W111/><G111/><T89/><D89/><U68/><E17/><V106/><F106/><W88/><G101/><T26/><AGARI ba="0,0" hai="20,21,23,26,30,34,120,121" m="50186,247" machi="26" ten="40,5200,0" yaku="19,1,34,2" doraHai="60" who="0" fromWho="0" sc="260,52,265,-26,260,-13,215,-13" />
</Scene>
<Scene>
<INIT seed="2,0,0,0,0,36" ten="312,239,247,202" oya="2" hai0="90,107,110,99,66,75,48,72,129,125,42,77,33" hai1="60,123,24,97,98,80,65,131,132,1,10,61,63" hai2="84,121,14,43,4,111,101,12,26,93,9,67,41" hai3="46,7,68,28,56,29,130,120,31,5,32,119,127"/><V49/><F121/><W20/><G68/><T39/><D33/><U47/><E123/><V91/><F111/><W25/><G120/><T92/><D39/><U50/><E131/><V62/><F101/><W37/><G130/><T70/><D125/><U102/><E132/><V89/><F49/><W52/><G127/><T117/><D110/><U104/><E97/><V88/><F26/><W96/><G119/><T95/><D107/><U19/><E80/><V103/><F14/><W21/><G96/><T126/><D77/><U8/><E1/><V23/><F23/><W0/><G32/><T64/><D64/><U17/><E65/><V53/><F53/><W78/><G78/><T118/><D92/><U112/><E112/><V85/><F103/><W57/><G57/><T94/><D94/><U59/><E59/><N who="2" m="37343" /><F91/><W45/><G0/><T83/><D90/><U82/><E24/><V2/><F2/><W27/><G29/><T128/><D126/><U76/><E10/><V6/><F6/><N who="3" m="2059" /><G37/><T18/><D118/><U134/><E8/><V106/><F106/><W79/><G79/><T116/><D117/><U3/><E3/><V55/><F55/><W113/><G113/><T34/><D128/><U100/><E100/><V16/><F4/><W15/><G15/><T114/><D114/><U35/><E35/><V115/><F115/><W38/><G38/><T58/><D34/><U30/><E30/><V87/><F89/><W122/><G122/><T51/><D129/><U73/><REACH who="1" step="1"/><E134/><REACH who="1" ten="312,229,247,202" step="2"/><V109/><F109/><W124/><G124/><T86/><D116/><U133/><E133/><RYUUKYOKU ba="0,1" sc="312,-30,229,10,247,10,202,10" hai1="17,19,47,50,60,61,63,73,76,82,98,102,104" hai2="9,12,16,41,43,84,85,87,88,93" hai3="20,21,25,27,28,31,45,46,52,56" />
</Scene>
<Scene>
<INIT seed="2,1,1,1,4,121" ten="282,239,257,212" oya="2" hai0="70,13,1,132,108,125,117,79,58,5,54,92,102" hai1="127,49,133,20,45,21,35,46,89,113,41,97,9" hai2="129,77,52,123,39,74,105,106,67,43,19,11,0" hai3="112,110,15,90,116,10,80,83,47,86,40,31,34"/><V61/><F123/><W71/><G116/><T126/><D70/><U55/><E113/><V17/><F129/><W124/><G71/><T3/><D132/><U122/><E122/><V100/><F100/><W23/><G34/><T101/><D79/><U66/><E35/><V103/><F103/><W65/><G65/><T81/><D81/><U22/><E133/><V56/><F67/><W96/><G112/><T69/><D69/><U28/><E127/><V82/><F105/><W24/><G124/><T73/><D73/><U51/><E66/><V37/><F106/><W4/><G110/><T27/><D108/><U94/><REACH who="1" step="1"/><E9/><REACH who="1" ten="282,229,257,212" step="2"/><V135/><F135/><W14/><G96/><T48/><D125/><U25/><AGARI ba="1,2" hai="20,21,22,25,28,41,45,46,49,51,55,89,94,97" machi="25" ten="30,8000,1" yaku="1,1,2,1,0,1,8,1,53,1" doraHai="121" doraHaiUra="91" who="1" fromWho="1" sc="282,-21,229,103,257,-41,212,-21" />
</Scene>
<Scene>
<INIT seed="3,0,0,2,1,105" ten="261,332,216,191" oya="3" hai0="131,110,23,116,126,87,6,120,82,15,91,128,68" hai1="118,92,102,123,72,46,19,59,13,30,25,42,51" hai2="9,117,40,95,135,103,34,31,130,69,88,99,10" hai3="55,47,94,93,112,29,73,79,81,43,26,90,12"/><W63/><G112/><T89/><D68/><U5/><E72/><V21/><F117/><W58/><G12/><T45/><D116/><U35/><E123/><V3/><F69/><W60/><G60/><T57/><D120/><U41/><E118/><V114/><F114/><W134/><G90/><T67/><D110/><U33/><E5/><V27/><F130/><W106/><G106/><T38/><D126/><U109/><E109/><V122/><F122/><W124/><G124/><T22/><D91/><U1/><E1/><V52/><F40/><W50/><REACH who="3" step="1"/><G134/><REACH who="3" ten="261,332,216,181" step="2"/><T48/><D89/><U111/><E111/><V61/><F135/><W133/><G133/><T80/><D15/><U119/><E119/><V44/><F3/><W76/><G76/><T4/><D128/><U104/><E104/><V86/><F34/><AGARI ba="0,1" hai="26,29,34,43,47,50,55,58,63,73,79,81,93,94" machi="34" ten="30,11600,0" yaku="1,1,7,1,52,1,53,1" doraHai="105" doraHaiUra="74" who="3" fromWho="2" sc="261,0,332,0,216,-116,181,126" />
</Scene>
<Scene>
<INIT seed="3,1,0,1,3,69" ten="261,332,100,307" oya="3" hai0="60,116,14,87,18,72,40,110,0,59,90,98,3" hai1="78,17,28,62,128,6,5,37,64,115,88,2,52" hai2="94,130,73,103,102,30,63,93,9,134,23,106,56" hai3="119,75,92,83,95,32,120,39,127,84,132,7,24"/><W123/><G119/><T27/><D72/><U113/><E128/><V58/><F73/><W122/><G75/><T38/><D27/><U121/><E121/><V77/><F134/><W19/><G132/><T10/><D98/><U33/><E78/><V108/><F77/><W34/><G127/><T135/><D110/><U20/><E37/><V48/><F130/><W85/><G7/><T43/><D116/><U68/><E33/><V105/><F9/><W79/><G39/><T42/><D38/><U8/><E28/><V70/><F70/><W76/><G19/><T25/><D25/><U41/><E41/><V131/><F131/><W111/><G111/><T117/><D135/><U54/><E6/><V67/><F108/><W71/><G71/><T125/><D125/><U47/><E88/><V57/><F48/><W26/><G122/><T46/><D46/><U107/><E107/><V99/><F106/><W44/><G44/><T53/><REACH who="0" step="1"/><D117/><REACH who="0" ten="251,332,100,307" step="2"/><U114/><REACH who="1" step="1"/><E47/><REACH who="1" ten="251,322,100,307" step="2"/><V61/><F105/><W49/><G120/><T22/><D22/><U36/><E36/><V129/><F129/><W29/><G123/><T80/><AGARI ba="1,2" hai="0,3,10,14,18,40,42,43,53,59,60,80,87,90" machi="80" ten="30,2000,0" yaku="1,1,0,1,53,0" doraHai="69" doraHaiUra="133" who="0" fromWho="0" sc="251,43,322,-6,100,-6,307,-11" />
</Scene>
<Scene>
<INIT seed="4,0,0,3,5,112" ten="294,316,94,296" oya="0" hai0="70,21,34,51,92,57,108,133,49,130,47,69,121" hai1="25,109,20,39,68,32,113,135,10,22,17,8,100" hai2="14,97,128,111,107,131,42,11,6,48,27,103,96" hai3="81,134,59,23,61,102,75,120,38,12,46,82,83"/><T86/><D34/><U78/><E39/><V115/><F115/><W80/><G134/><T95/><D121/><U0/><E113/><V89/><F111/><W40/><G120/><T119/><D130/><U15/><E68/><V71/><F71/><W76/><G102/><T54/><D133/><U29/><E100/><V99/><F89/><W110/><G110/><T44/><D108/><U24/><E78/><V94/><F107/><W5/><G23/><T125/><D125/><U101/><E101/><V36/><F36/><W127/><G127/><T31/><D69/><U87/><E87/><V28/><F131/><W62/><G62/><T73/><D70/><U129/><E129/><V58/><F128/><W126/><G126/><T104/><D73/><U19/><E135/><V91/><F103/><W84/><G12/><T16/><D31/><N who="1" m="19567" /><E109/><V122/><F122/><W77/><REACH who="3" step="1"/><G5/><REACH who="3" ten="294,316,94,286" step="2"/><T41/><D21/><N who="1" m="15503" /><E0/><V116/><F116/><W90/><G90/><T106/><D119/><U74/><E74/><V65/><F65/><AGARI ba="0,1" hai="38,40,46,59,61,65,75,76,77,80,81,82,83,84" machi="65" ten="30,2000,0" yaku="1,1,7,1,53,0" doraHai="112" doraHaiUra="124" who="3" fromWho="2" sc="294,0,316,0,94,-20,286,30" />
</Scene>
<Scene>
<INIT seed="5,0,0,5,5,12" ten="294,316,74,316" oya="1" hai0="93,130,57,7,103,75,105,95,124,28,131,1,3" hai1="119,10,26,99,68,78,110,88,97,80,126,27,107" hai2="77,117,113,32,85,4,81,52,0,20,5,8,118" hai3="94,15,134,62,71,2,116,50,39,108,30,49,121"/><U35/><E119/><V45/><F32/><W60/><G2/><T133/><D75/><U58/><E68/><V23/><F113/><W120/><G39/><T90/><D133/><U83/><E126/><V48/><F5/><W36/><G36/><T79/><D79/><U96/><E110/><V54/><F54/><W11/><G134/><T53/><D124/><U46/><E107/><V127/><REACH who="2" step="1"/><F127/><REACH who="2" ten="294,316,64,316" step="2"/><W111/><G111/><T31/><D7/><U82/><E35/><V43/><F43/><W125/><G108/><T69/><D53/><U122/><E122/><V128/><F128/><W102/><G125/><T29/><D130/><U100/><E100/><V19/><F19/><W129/><G102/><T106/><D131/><U47/><E78/><V44/><F44/><W33/><G129/><T61/><D103/><U101/><E101/><V74/><F74/><W132/><G132/><T55/><D106/><U76/><E76/><V123/><F123/><W65/><G120/><T72/><D72/><U73/><E73/><V66/><F66/><W6/><G121/><T112/><D105/><U25/><E10/><V40/><F40/><W37/><G11/><T21/><D112/><U38/><E38/><V14/><F14/><W98/><G15/><T41/><D41/><U17/><E17/><V63/><F63/><W24/><G62/><T67/><D61/><U51/><E47/><V70/><F70/><W87/><G37/><T114/><D69/><U86/><E46/><V9/><F9/><W56/><G71/><T16/><D114/><U64/><E64/><V115/><F115/><RYUUKYOKU ba="0,1" sc="294,-15,316,15,64,15,316,-15" hai1="25,26,27,51,58,80,82,83,86,88,96,97,99" hai2="0,4,8,20,23,45,48,52,77,81,85,117,118" />
</Scene>
<Scene>
<INIT seed="5,1,1,3,3,60" ten="279,331,79,301" oya="1" hai0="29,16,42,18,134,36,31,57,100,24,89,119,69" hai1="74,115,66,17,50,71,79,9,114,22,108,124,86" hai2="35,41,132,32,23,1,107,6,91,121,30,96,101" hai3="38,75,76,12,78,58,81,7,8,92,99,65,82"/><U51/><E74/><V72/><F121/><W25/><G38/><T64/><D119/><U20/><E124/><V88/><F72/><W129/><G129/><T14/><D69/><U2/><E108/><V19/><F132/><W125/><G125/><T55/><D134/><U80/><E50/><V37/><F37/><W73/><G25/><T123/><D100/><U10/><E51/><V39/><F6/><W49/><G49/><N who="0" m="30959" /><D36/><U113/><E2/><V110/><F1/><W0/><G0/><T112/><D42/><U83/><E83/><V126/><F110/><W106/><G106/><T118/><D112/><U97/><E97/><V127/><F127/><W5/><G5/><T15/><D24/><N who="1" m="14351" /><E22/><V43/><F126/><W104/><G104/><T34/><D34/><U90/><E79/><V116/><F116/><W84/><G84/><T3/><D3/><U26/><E26/><V135/><F135/><W4/><G4/><T109/><D31/><U94/><E80/><V131/><F131/><W48/><G48/><T52/><D29/><U70/><E70/><V111/><F111/><W128/><G128/><T63/><D123/><U40/><E40/><V122/><F122/><W98/><G92/><T61/><D118/><U59/><E71/><V87/><F41/><W93/><G93/><T47/><D14/><U102/><E102/><V120/><F120/><W77/><G77/><T85/><D15/><U11/><E59/><V95/><F30/><W13/><G13/><T103/><D103/><U53/><E53/><V62/><F107/><W54/><G54/><T130/><D52/><RYUUKYOKU ba="1,1" sc="279,-15,331,15,79,-15,301,15" hai1="9,10,11,66,86,90,94,113,114,115" hai3="7,8,12,58,65,73,75,76,78,81,82,98,99" />
</Scene>
<Scene>
<INIT seed="5,2,1,5,3,86" ten="264,346,64,316" oya="1" hai0="106,48,97,24,44,18,54,53,80,38,27,36,100" hai1="32,23,94,49,26,3,0,111,78,105,13,88,99" hai2="113,15,19,84,8,130,74,6,131,12,87,33,112" hai3="64,34,5,43,76,110,124,120,56,90,30,91,135"/><U35/><E111/><V7/><F74/><W21/><G34/><T51/><D80/><U11/><E105/><V62/><F62/><N who="3" m="37959" /><G120/><T37/><REACH who="0" step="1"/><D18/><REACH who="0" ten="254,346,64,316" step="2"/><U22/><E78/><V45/><F45/><AGARI ba="2,2" hai="24,27,36,37,38,44,45,48,51,53,54,97,100,106" machi="45" ten="40,5200,0" yaku="1,1,2,1,9,1,53,0" doraHai="86" doraHaiUra="123" who="0" fromWho="2" sc="254,78,346,0,64,-58,316,0" />
</Scene>
<Scene>
<INIT seed="6,0,0,2,5,133" ten="332,346,6,316" oya="2" hai0="32,31,47,61,34,103,35,134,65,24,112,33,115" hai1="30,105,56,129,54,104,9,121,75,72,127,12,14" hai2="50,18,41,53,2,29,52,81,21,19,79,118,122" hai3="99,68,87,106,73,109,95,102,4,83,66,69,43"/><V64/><F122/><W23/><G109/><T70/><D134/><U110/><E110/><V132/><F118/><W58/><G73/><T82/><D103/><U88/><E121/><V57/><F132/><W98/><G43/><T62/><D62/><U125/><E30/><V96/><F2/><W78/><G4/><T74/><D47/><U119/><E119/><V51/><F64/><W94/><G106/><N who="1" m="41066" /><E88/><V126/><F126/><N who="1" m="48137" /><E129/><V3/><F3/><W130/><G130/><T86/><REACH who="0" step="1"/><D74/><REACH who="0" ten="322,346,6,316" step="2"/><N who="1" m="28203" /><E9/><V36/><F36/><W46/><G46/><T40/><D40/><U111/><E111/><V93/><F41/><W16/><G58/><T11/><D11/><U44/><E44/><N who="2" m="27719" /><F81/><W113/><G113/><T85/><D85/><U17/><E17/><V71/><F71/><W59/><G59/><T37/><D37/><U5/><E5/><V55/><F79/><AGARI ba="0,1" hai="24,31,32,33,34,35,61,65,70,79,82,86,112,115" machi="79" ten="40,5200,0" yaku="1,1,53,2" doraHai="133" doraHaiUra="108" who="0" fromWho="2" sc="322,62,346,0,6,-52,316,0" owari="384,48.0,346,15.0,-46,-55.0,316,-8.0" />
</Scene>
</mjloggm>