<mjloggm ver="2.3"><GO type="169"/><UN n0="%41%53%41%50%49%4E" n1="%6D%69%69%6B%6F" n2="%E7%AB%8B%E8%8F%AF%E5%A5%8F" n3="%6E%69%6A%69" dan="18,17,16,17" rate="2244,2128,2054,2074" sx="M,M,F,M"/><TAIKYOKU oya="0"/>

<Scene>
<INIT seed="0,0,0,1,2,102" ten="250,250,250,250" oya="0" hai0="123,56,89,126,122,80,55,0,72,93,36,61,15" hai1="40,1,19,63,67,48,94,42,53,97,35,51,71" hai2="43,34,110,111,76,112,91,25,60,66,64,118,26" hai3="85,30,74,134,79,14,116,86,96,22,124,87,3"/><T33/><D0/><U10/><E35/><V131/><F112/><W105/><G3/><T24/><D36/><U2/><E2/><V125/><F118/><W57/><G116/><T106/><D126/><U20/><E10/><V39/><F125/><W5/><G124/><T128/><D128/><U77/><E77/><V81/><F131/><W109/><G134/><T121/><D106/><U38/><E38/><V68/><F66/><W7/><G109/><N who="2" m="41481" /><F91/><W4/><G57/><T115/><D115/><U100/><E51/><V41/><F39/><W58/><G58/><T37/><D37/><U59/><REACH who="1" step="1"/><E1/><REACH who="1" ten="250,240,250,250" step="2"/><V31/><F26/><AGARI ba="0,1" hai="19,20,26,40,42,48,53,59,63,67,71,94,97,100" machi="26" ten="30,7700,0" yaku="1,1,2,1,7,1,53,1" doraHai="102" doraHaiUra="50" who="1" fromWho="2" sc="250,0,240,87,250,-77,250,0" />
</Scene>
<Scene>
<INIT seed="1,0,0,1,0,97" ten="250,327,173,250" oya="1" hai0="106,118,87,121,64,116,76,6,98,54,19,59,26" hai1="101,60,62,28,68,42,7,56,50,105,57,38,45" hai2="46,16,94,96,3,135,131,82,65,1,102,125,21" hai3="17,115,14,30,129,79,85,84,49,122,90,40,123"/><U92/><E105/><V83/><F125/><W63/><G115/><T110/><D110/><U27/><E7/><V35/><F35/><W4/><G30/><T127/><D127/><U134/><E134/><V74/><F131/><W43/><G129/><T22/><D121/><U86/><E68/><V24/><F135/><W114/><G114/><T29/><D64/><U2/><E2/><V100/><F65/><W108/><G108/><T117/><D6/><U73/><E73/><V32/><F32/><W93/><G63/><T10/><D76/><U44/><E86/><V37/><F102/><W77/><G4/><T58/><D87/><U89/><E89/><V81/><REACH who="2" step="1"/><F74/><REACH who="2" ten="250,327,163,250" step="2"/><W72/><G72/><T67/><D67/><U119/><E119/><V13/><F13/><W69/><G14/><T0/><D116/><U104/><E101/><V51/><F51/><W61/><G49/><T53/><D118/><U80/><E50/><V132/><F132/><W48/><G48/><T111/><D117/><U31/><E45/><V128/><F128/><W18/><G61/><T103/><D111/><U109/><E60/><V126/><F126/><W130/><G130/><T55/><D0/><U11/><E62/><V120/><F120/><W88/><G69/><T25/><REACH who="0" step="1"/><D10/><REACH who="0" ten="240,327,163,250" step="2"/><U12/><E11/><V107/><F107/><W20/><G123/><T47/><D47/><U99/><E44/><V8/><F8/><W33/><G122/><T113/><D113/><U70/><E104/><V39/><F39/><W133/><G133/><T23/><AGARI ba="0,2" hai="19,22,23,25,26,29,53,54,55,58,59,98,103,106" machi="23" ten="30,4000,0" yaku="1,1,0,1,52,1,53,0" doraHai="97" doraHaiUra="78" who="0" fromWho="0" sc="240,60,327,-20,163,-10,250,-10" />
</Scene>
<Scene>
<INIT seed="2,0,0,3,0,13" ten="300,307,153,240" oya="2" hai0="81,14,130,61,58,56,133,132,12,108,22,115,52" hai1="60,106,34,50,19,48,73,94,38,125,97,120,135" hai2="69,45,63,66,65,113,84,36,99,82,17,39,110" hai3="21,47,96,88,116,11,76,122,86,127,33,42,79"/><V118/><F113/><W93/><G33/><T71/><D115/><U51/><E38/><V112/><F112/><W43/><G122/><T102/><D71/><U1/><E73/><V91/><F118/><W5/><G116/><T90/><D108/><U40/><E106/><V9/><F110/><W128/><G128/><T74/><D130/><U32/><E1/><V26/><F66/><W27/><G127/><T64/><D102/><U0/><E0/><V6/><F99/><W95/><G11/><T119/><D119/><U101/><E135/><N who="0" m="51785" /><D90/><U3/><E3/><V53/><F6/><W83/><G5/><T15/><D81/><U55/><E40/><N who="3" m="15402" /><G47/><T85/><D85/><U20/><E125/><V70/><F70/><W123/><G123/><T78/><D78/><N who="3" m="29737" /><G96/><T46/><D46/><U44/><E120/><V98/><F98/><W129/><G129/><T75/><D22/><U29/><E44/><V18/><F26/><W49/><G49/><AGARI ba="0,0" hai="12,14,15,49,52,56,58,61,64,74,75" m="51785" machi="49" ten="30,2000,0" yaku="20,1,54,1" doraHai="13" who="0" fromWho="3" sc="300,20,307,0,153,0,240,-20" />
</Scene>
<Scene>
<INIT seed="3,0,0,0,4,30" ten="320,307,153,220" oya="3" hai0="31,41,4,121,63,33,116,74,2,60,132,108,6" hai1="35,84,101,13,112,111,109,133,91,49,26,5,59" hai2="104,29,110,58,73,38,19,123,77,10,82,97,131" hai3="9,85,51,135,3,90,127,120,102,16,36,32,92"/><W7/><G36/><T118/><D121/><U24/><E112/><V87/><F123/><W72/><G72/><T40/><D74/><U114/><E114/><V0/><F38/><W75/><G75/><T98/><D98/><U105/><E133/><V78/><F131/><W23/><G120/><T46/><D132/><U55/><E101/><V1/><F110/><W28/><G135/><T113/><D108/><U67/><E105/><V93/><F29/><W69/><G69/><T45/><D113/><U14/><E35/><V68/><F68/><W83/><G51/><T20/><D31/><U100/><E100/><V34/><F34/><W12/><G127/><T119/><D20/><U17/><E109/><V43/><F43/><N who="0" m="16458" /><D2/><U42/><E42/><V61/><F104/><W106/><G106/><T70/><D33/><U62/><E5/><N who="0" m="2153" /><D70/><U94/><E14/><V22/><F10/><W21/><G21/><T39/><D39/><U81/><E111/><V129/><F73/><W103/><G92/><T107/><D107/><U89/><E89/><V66/><F78/><W57/><G57/><T130/><D130/><U115/><E115/><V15/><REACH who="2" step="1"/><F129/><REACH who="2" ten="320,307,143,220" step="2"/><W79/><G79/><T96/><D119/><U52/><E55/><V65/><F65/><W25/><AGARI ba="0,1" hai="3,7,9,12,16,23,25,28,32,83,85,90,102,103" machi="25" ten="30,12000,1" yaku="0,1,24,2,52,1,54,1" doraHai="30" who="3" fromWho="3" sc="320,-40,307,-40,143,-40,220,130" />
</Scene>
<Scene>
<INIT seed="3,1,0,4,5,55" ten="280,267,103,350" oya="3" hai0="96,29,43,81,51,38,84,4,75,10,47,112,117" hai1="3,56,107,109,13,93,85,32,97,68,36,62,15" hai2="30,73,22,11,113,33,0,121,5,18,31,106,1" hai3="129,66,89,9,39,102,27,110,48,16,78,128,61"/><W69/><G39/><T83/><D117/><U20/><E3/><N who="2" m="447" /><F106/><W123/><G123/><T44/><D112/><U94/><E36/><V35/><F73/><W88/><G102/><T64/><D29/><N who="2" m="10762" /><F113/><W23/><G78/><T7/><D64/><U34/><E68/><V6/><F121/><W116/><G116/><T98/><D4/><U115/><E107/><V17/><F17/><W86/><G89/><T12/><D75/><U72/><E72/><V40/><F40/><W103/><G103/><T99/><D83/><U14/><E85/><V77/><F77/><W67/><G67/><T37/><REACH who="0" step="1"/><D44/><REACH who="0" ten="270,267,103,350" step="2"/><U132/><E115/><V41/><F41/><W91/><G66/><T130/><D130/><U8/><E94/><V46/><F46/><W92/><G129/><T79/><AGARI ba="1,1" hai="7,10,12,37,38,43,47,51,79,81,84,96,98,99" machi="79" ten="30,7900,0" yaku="1,1,0,1,25,2,53,0" doraHai="55" doraHaiUra="87" who="0" fromWho="0" sc="270,92,267,-21,103,-21,350,-40" />
</Scene>
<Scene>
<INIT seed="4,0,0,0,5,33" ten="362,246,82,310" oya="0" hai0="8,113,17,16,51,61,106,9,92,0,110,13,79" hai1="46,45,78,80,19,117,107,71,57,123,48,91,88" hai2="100,47,18,3,119,101,40,108,130,29,20,93,63" hai3="66,41,102,73,6,42,7,125,52,98,132,84,118"/><T104/><D113/><U5/><E71/><V114/><F108/><W109/><G73/><T76/><D110/><U60/><E107/><V89/><F119/><W37/><G109/><T35/><D35/><U53/><E123/><V67/><F130/><W95/><G118/><T133/><D133/><U96/><E117/><V4/><F114/><W56/><G132/><T70/><D70/><U126/><E126/><V112/><F29/><W94/><G66/><T31/><D31/><U28/><E28/><V127/><F112/><W75/><G75/><T49/><D61/><U12/><E5/><V58/><F127/><W134/><G134/><T36/><D92/><U128/><E96/><V64/><F64/><W124/><G37/><T1/><D13/><U59/><E59/><V14/><F4/><N who="3" m="1579" /><G125/><T105/><D105/><U10/><E46/><V2/><F101/><W62/><G124/><T97/><D97/><U69/><E69/><V50/><REACH who="2" step="1"/><F100/><REACH who="2" ten="362,246,72,310" step="2"/><W90/><AGARI ba="0,1" hai="41,42,52,56,62,84,90,94,95,98,102" m="1579" machi="90" ten="30,2000,0" yaku="8,1,54,1" doraHai="33" who="3" fromWho="3" sc="362,-10,246,-5,72,-5,310,30" />
</Scene>
<Scene>
<INIT seed="5,0,0,5,1,130" ten="352,241,67,340" oya="1" hai0="49,41,62,128,67,75,21,114,102,43,48,104,112" hai1="127,10,79,80,42,63,22,65,38,46,69,119,113" hai2="109,56,55,129,13,125,23,91,97,54,98,100,11" hai3="5,18,94,31,133,87,83,1,36,14,30,115,111"/><U72/><E119/><V8/><F109/><W120/><G36/><T27/><D128/><U124/><E22/><V68/><F129/><W16/><G111/><T24/><D75/><U35/><E113/><N who="0" m="43625" /><D102/><U17/><E17/><V101/><F68/><W53/><G1/><T59/><D104/><U15/><E15/><V9/><F125/><N who="1" m="48201" /><E10/><V84/><F23/><W105/><G105/><T19/><D27/><U60/><E60/><V123/><F123/><W96/><G5/><T52/><D49/><U110/><E110/><V73/><F73/><W70/><G70/><AGARI ba="0,0" hai="19,21,24,41,43,48,52,59,62,67,70" m="43625" machi="70" ten="30,2000,0" yaku="15,1,54,1" doraHai="130" who="0" fromWho="3" sc="352,20,241,0,67,0,340,-20" />
</Scene>
<Scene>
<INIT seed="6,0,0,0,3,23" ten="372,241,67,320" oya="2" hai0="20,91,101,80,126,108,37,69,29,21,12,51,116" hai1="13,109,115,0,67,78,42,64,72,98,111,54,71" hai2="66,41,2,119,122,82,10,118,35,100,44,133,5" hai3="135,75,83,102,81,61,70,65,95,132,76,86,77"/><V92/><F122/><W97/><AGARI ba="0,0" hai="61,65,70,75,76,77,81,83,86,95,97,102,132,135" machi="97" ten="30,32000,5" yakuman="38" doraHai="23" who="3" fromWho="3" sc="372,-80,241,-80,67,-160,320,320" owari="292,9.0,161,-24.0,-93,-59.0,640,74.0" />
</Scene>
</mjloggm>