<mjloggm ver="2.3"><GO type="169" lobby="0"/><UN n0="%4C%49%54%48%49%55%4D" n1="%41%53%41%50%49%4E" n2="%E3%83%90%E3%83%BC%E3%83%86%E3%82%A3" n3="%E5%86%92%E9%99%BA%E7%8E%8B%E3%83%8B%E3%82%A3%E3%83%88" dan="17,18,16,16" rate="2120,2214,2161,2107" sx="F,M,M,M"/><TAIKYOKU oya="0"/>

<Scene>
<INIT seed="0,0,0,2,2,124" ten="250,250,250,250" oya="0" hai0="48,123,96,130,37,78,31,104,135,65,116,22,95" hai1="70,118,89,30,28,52,12,111,55,72,101,82,129" hai2="106,109,19,41,77,97,16,42,53,18,103,1,98" hai3="100,132,117,4,21,93,29,88,81,26,46,133,91"/><T113/><D123/><U59/><E118/><V79/><F1/><W40/><G117/><T36/><D116/><U43/><E111/><V108/><F53/><W102/><G4/><T66/><D113/><U44/><E70/><V126/><F126/><W32/><G81/><T69/><D104/><U9/><E129/><V3/><F3/><W127/><G32/><T54/><D135/><N who="3" m="51785" /><G127/><T73/><D130/><U10/><E101/><N who="3" m="39018" /><G93/><T33/><D33/><U122/><E55/><V58/><F58/><W5/><G5/><T61/><D66/><U128/><E128/><V51/><F51/><AGARI ba="0,0" hai="21,26,29,40,46,51,88,91" m="39018,51785" machi="51" ten="30,2000,0" yaku="20,1,54,1" doraHai="124" who="3" fromWho="2" sc="250,0,250,0,250,-20,250,20" />
</Scene>
<Scene>
<INIT seed="1,0,0,1,5,2" ten="250,250,230,270" oya="1" hai0="87,19,14,39,134,35,89,0,62,132,46,99,38" hai1="124,111,66,73,71,112,56,17,8,54,107,114,26" hai2="84,11,94,128,92,23,117,116,110,104,1,28,97" hai3="5,86,130,125,57,12,70,135,88,3,33,76,121"/><U13/><E107/><V16/><F28/><W47/><G70/><T6/><D35/><U126/><E73/><V52/><F110/><W122/><G33/><T78/><D99/><U64/><E111/><V20/><F128/><W115/><G3/><T40/><D78/><U53/><E26/><V31/><F31/><W102/><G76/><T58/><D38/><U22/><E22/><V127/><F127/><N who="1" m="48681" /><E53/><V18/><F104/><W15/><G102/><T43/><D43/><U120/><E120/><V51/><F84/><W90/><G90/><T82/><D0/><U34/><E34/><V55/><F1/><W93/><G15/><T83/><D83/><U27/><E27/><V48/><F11/><W44/><G130/><T100/><D100/><U68/><E68/><V30/><F30/><W24/><G125/><T63/><D6/><U67/><E71/><V36/><F97/><W108/><G24/><T77/><D77/><U37/><E37/><AGARI ba="0,0" hai="16,18,20,23,36,37,48,51,52,55,92,94,116,117" machi="37" ten="25,6400,0" yaku="22,2,54,2" doraHai="2" who="2" fromWho="1" sc="250,0,250,-64,230,64,270,0" />
</Scene>
<Scene>
<INIT seed="2,0,0,2,3,19" ten="250,186,294,270" oya="2" hai0="32,72,92,45,114,116,34,46,10,5,121,36,59" hai1="63,99,66,96,21,9,12,35,42,73,118,33,67" hai2="85,3,48,56,4,110,79,2,11,132,130,65,127" hai3="129,41,83,123,61,68,52,31,15,75,62,91,135"/><V1/><F132/><W60/><G123/><T39/><D121/><U17/><E118/><V112/><F112/><W69/><G135/><T117/><D114/><U28/><E73/><V106/><F106/><W14/><G41/><T58/><D72/><U101/><E42/><V119/><F119/><N who="0" m="45642" /><D92/><U98/><E101/><V54/><F130/><W64/><G129/><T80/><D80/><U47/><E47/><N who="0" m="17929" /><D10/><U74/><E74/><V40/><F127/><W86/><G75/><T103/><D5/><U18/><E28/><V43/><F65/><W102/><G102/><T8/><D8/><U51/><E51/><V29/><F110/><W120/><G120/><T37/><D103/><U89/><E89/><V113/><F113/><W125/><G125/><T13/><D13/><U27/><REACH who="1" step="1"/><E67/><REACH who="1" ten="250,176,294,270" step="2"/><V128/><F128/><W84/><G64/><T122/><D122/><U22/><E22/><V87/><F43/><W90/><G91/><T25/><D25/><U26/><E26/><V57/><F29/><W6/><G31/><T30/><D30/><U16/><E16/><V20/><F20/><W24/><G90/><T107/><D107/><U97/><N who="1" m="24576" /><DORA hai="88" /><U0/><E0/><V81/><F40/><W71/><G24/><T50/><D50/><U78/><E78/><V105/><F105/><W95/><G6/><T131/><D131/><U93/><E93/><V94/><F56/><AGARI ba="0,1" hai="32,34,36,37,39,56,58,59" m="17929,45642" machi="56" ten="40,5200,0" yaku="28,2,12,1" doraHai="19,88" who="0" fromWho="2" sc="250,62,176,0,294,-52,270,0" /><AGARI ba="0,0" hai="9,12,17,18,21,27,33,35,56,63,66" m="24576" machi="56" ten="50,3200,0" yaku="1,1,52,1,53,0" doraHai="19,88" doraHaiUra="82,49" who="1" fromWho="2" sc="312,0,176,32,242,-32,270,0" />
</Scene>
<Scene>
<INIT seed="3,0,0,1,3,16" ten="312,208,210,270" oya="3" hai0="110,43,34,0,26,119,35,93,39,131,5,95,76" hai1="132,112,58,120,52,9,47,59,126,87,117,92,21" hai2="18,57,85,22,17,77,80,65,23,106,114,7,105" hai3="66,107,31,62,70,25,79,73,46,19,109,102,6"/><W51/><G6/><T88/><D119/><U2/><E112/><V53/><F114/><W127/><G127/><T98/><D110/><U63/><E120/><V20/><F7/><W37/><G37/><T78/><D131/><U49/><E126/><V72/><F72/><W45/><G19/><N who="2" m="7177" /><F105/><W99/><G109/><T84/><D43/><U97/><E117/><V12/><F106/><W101/><G102/><T123/><D39/><U133/><E87/><V40/><F40/><W1/><G1/><T28/><D123/><U56/><E9/><V68/><F68/><W122/><G122/><T104/><D104/><U8/><E8/><V54/><F12/><W30/><G30/><T13/><D0/><U111/><E2/><V50/><F54/><W89/><G89/><T27/><D13/><U42/><E111/><V32/><F32/><N who="3" m="20591" /><G51/><T83/><D5/><U29/><E63/><V118/><F118/><W100/><G101/><T24/><D34/><U11/><E11/><V14/><F14/><W135/><G135/><N who="1" m="51786" /><E42/><V91/><F65/><W116/><G116/><T134/><D134/><U61/><E61/><V103/><F103/><W38/><G38/><T81/><REACH who="0" step="1"/><D95/><REACH who="0" ten="302,208,210,270" step="2"/><U33/><E33/><V128/><F128/><W3/><G3/><T36/><D36/><U130/><E130/><V124/><F124/><W121/><G121/><T75/><AGARI ba="0,1" hai="24,26,27,28,35,75,76,78,81,83,84,88,93,98" machi="75" ten="20,5200,0" yaku="1,1,0,1,7,1,54,1,53,0" doraHai="16" doraHaiUra="67" who="0" fromWho="0" sc="302,62,208,-13,210,-13,270,-26" />
</Scene>
<Scene>
<INIT seed="4,0,0,5,1,99" ten="364,195,197,244" oya="0" hai0="39,115,86,108,48,90,68,29,114,75,76,55,83" hai1="112,35,69,44,6,95,66,10,135,0,15,47,123" hai2="98,119,19,9,34,56,31,71,33,32,117,102,53" hai3="81,103,14,104,73,41,131,94,63,54,125,62,74"/><T30/><D39/><U28/><E123/><V101/><F98/><W11/><G41/><T24/><D68/><U4/><E135/><V2/><F71/><W5/><G104/><T129/><D129/><U50/><E112/><N who="0" m="43049" /><D24/><U21/><E69/><V79/><F79/><W23/><G131/><T97/><D97/><U134/><E134/><V59/><F31/><W57/><G125/><T8/><D8/><U88/><E66/><V111/><F111/><W60/><G74/><T113/><D108/><U87/><E35/><V91/><F91/><W130/><G130/><T26/><D26/><N who="1" m="16463" /><E0/><V42/><F42/><W82/><G73/><T80/><N who="0" m="43057" /><T85/><DORA hai="121" /><D75/><U36/><E36/><V124/><F124/><W3/><G3/><T107/><D107/><U118/><E118/><N who="2" m="45067" /><F2/><W40/><G23/><T52/><D55/><U12/><E10/><V120/><F120/><W127/><G127/><T100/><D100/><N who="2" m="38506" /><F53/><W84/><G103/><T17/><D17/><U72/><E72/><V13/><AGARI ba="0,0" hai="9,13,19,32,33,34,56,59" m="38506,45067" machi="13" ten="40,8000,1" yaku="12,1,52,3" doraHai="99,121" who="2" fromWho="2" sc="364,-40,195,-20,197,80,244,-20" />
</Scene>
<Scene>
<INIT seed="5,0,0,1,4,47" ten="324,175,277,224" oya="1" hai0="99,98,96,111,40,25,120,45,46,119,128,118,2" hai1="7,93,135,31,29,110,114,115,81,22,67,72,10" hai2="94,33,91,100,82,51,123,32,18,11,132,68,56" hai3="0,125,104,75,84,131,4,69,44,42,117,59,101"/><U92/><E135/><V13/><F68/><W74/><G69/><T66/><D111/><U113/><E110/><V89/><F123/><W116/><G125/><T8/><D66/><U19/><E67/><V121/><F121/><W20/><G84/><T26/><D120/><U79/><E93/><V88/><F132/><W62/><G131/><T78/><D128/><U6/><E92/><V61/><F33/><W53/><G20/><T95/><D78/><U35/><E35/><V86/><F32/><W39/><G4/><T134/><D134/><U41/><E41/><V48/><F100/><W63/><G62/><T106/><D106/><U16/><E6/><V50/><F94/><W5/><G5/><T36/><D95/><U60/><E60/><V109/><F109/><W24/><G0/><T87/><D87/><U77/><E77/><V65/><AGARI ba="0,0" hai="11,13,18,48,50,51,56,61,65,82,86,88,89,91" machi="65" ten="30,12000,2" yaku="0,1,8,1,52,3,54,1" doraHai="47" who="2" fromWho="2" sc="324,-30,175,-60,277,120,224,-30" />
</Scene>
<Scene>
<INIT seed="6,0,0,1,3,42" ten="294,115,397,194" oya="2" hai0="34,115,45,105,14,83,102,133,62,103,41,29,58" hai1="78,94,11,25,108,59,85,93,4,99,46,134,22" hai2="32,17,100,106,8,89,71,44,120,23,63,52,119" hai3="9,70,124,74,131,110,67,69,88,129,86,54,43"/><V64/><F119/><W53/><G74/><T92/><D115/><U12/><E108/><V0/><F32/><W128/><G110/><T31/><D105/><U118/><E118/><V96/><F120/><W47/><G124/><T24/><D133/><U98/><E134/><V60/><F8/><W87/><G9/><T40/><D40/><U49/><E59/><V97/><F0/><W123/><G87/><T13/><D29/><U20/><E20/><V48/><F60/><N who="3" m="40167" /><G70/><T35/><D35/><U10/><E10/><V75/><F75/><W76/><G76/><T113/><D113/><U56/><E56/><V73/><F73/><W37/><G123/><T95/><D83/><AGARI ba="0,0" hai="37,43,47,53,54,83,86,88,128,129,131" m="40167" machi="83" ten="30,3900,0" yaku="19,1,52,1,54,1" doraHai="42" who="3" fromWho="0" sc="294,-39,115,0,397,0,194,39" />
</Scene>
<Scene>
<INIT seed="7,0,0,4,2,24" ten="255,115,397,233" oya="3" hai0="57,74,64,13,68,42,90,10,103,6,11,94,129" hai1="0,65,66,7,32,55,81,63,30,84,15,60,116" hai2="69,135,133,19,56,112,18,124,59,117,34,36,78" hai3="58,120,127,14,111,73,96,108,1,80,102,115,9"/><W77/><G120/><T105/><D74/><U134/><E134/><N who="2" m="51211" /><F69/><W8/><G1/><T107/><D68/><U47/><E0/><V85/><F34/><W53/><G115/><T29/><D103/><U122/><E122/><V83/><F112/><W71/><G71/><T4/><D42/><U119/><E7/><V20/><F36/><W92/><G127/><T106/><D129/><U26/><E15/><N who="2" m="9311" /><F117/><W110/><REACH who="3" step="1"/><G14/><REACH who="3" ten="255,115,397,223" step="2"/><T100/><D13/><U62/><E47/><V114/><F124/><W126/><G126/><T101/><D107/><U95/><E55/><V25/><F114/><W61/><AGARI ba="0,1" hai="8,9,53,58,61,73,77,80,92,96,102,108,110,111" machi="61" ten="30,6000,0" yaku="1,1,0,1,10,1,53,0" doraHai="24" doraHaiUra="16" who="3" fromWho="3" sc="255,-20,115,-20,397,-20,223,70" />
</Scene>
<Scene>
<INIT seed="7,1,0,3,5,67" ten="235,95,377,293" oya="3" hai0="82,116,51,117,44,50,34,76,15,71,2,87,90" hai1="12,55,122,119,19,75,1,39,131,123,86,57,94" hai2="81,107,78,132,130,18,106,77,69,111,89,23,115" hai3="79,24,20,53,80,21,33,70,59,114,83,128,133"/><W41/><G41/><T48/><D2/><U102/><E131/><V108/><F69/><W74/><G128/><T103/><D34/><U47/><E119/><V66/><F66/><W29/><G133/><T27/><D103/><U5/><E75/><V113/><F132/><W52/><G114/><N who="2" m="43529" /><F89/><W98/><G53/><T3/><D3/><U61/><E122/><V46/><F46/><W72/><G98/><T40/><D27/><U8/><E123/><V95/><F95/><W124/><G70/><T6/><D71/><U112/><E112/><V28/><F28/><W129/><G124/><T14/><D116/><U4/><E1/><V49/><F49/><W16/><G129/><T73/><D117/><U110/><E110/><N who="2" m="42027" /><F130/><W35/><G80/><T126/><D126/><U0/><E0/><V84/><F77/><W58/><G58/><T22/><D14/><AGARI ba="1,0" hai="14,18,23,78,81,84,106,107" m="42027,43529" machi="14" ten="30,1000,0" yaku="15,1" doraHai="67" who="2" fromWho="0" sc="235,-13,95,0,377,13,293,0" owari="222,-18.0,95,-40.0,390,49.0,293,9.0" />
</Scene>
</mjloggm>