<mjloggm ver="2.3"><GO type="169"/><UN n0="%41%53%41%50%49%4E" n1="%E3%83%8F%E3%83%A1%E3%83%89%E4%BA%8C%E4%B8%96" n2="%E3%81%B4%E3%81%83%E3%81%B4%E3%81%83" n3="%E5%B2%A1%E6%9D%91" dan="19,16,16,17" rate="2192,2103,2124,2087" sx="M,M,M,M"/><TAIKYOKU oya="0"/>

<Scene>
<INIT seed="0,0,0,5,5,66" ten="250,250,250,250" oya="0" hai0="127,74,33,121,129,78,71,101,68,49,72,125,40" hai1="46,57,130,13,128,97,34,73,108,59,76,54,24" hai2="30,122,31,133,22,79,42,7,99,43,112,48,110" hai3="19,91,17,27,1,95,28,102,100,18,132,115,6"/><T88/><D121/><U50/><E108/><V82/><F112/><W36/><G115/><T106/><D33/><U117/><E117/><V47/><F122/><W126/><G132/><T14/><D129/><N who="1" m="49771" /><E73/><N who="0" m="28265" /><D78/><U44/><E76/><V67/><F110/><W105/><G36/><T75/><D75/><U61/><E13/><V98/><F133/><W62/><G105/><T9/><D101/><U69/><E97/><N who="2" m="36875" /><F7/><W109/><G109/><T4/><D106/><U63/><E24/><N who="2" m="16663" /><F31/><W123/><G123/><T38/><D38/><U60/><E34/><V53/><F67/><W23/><G102/><T55/><D40/><U96/><E96/><V10/><F10/><W3/><G100/><T86/><D55/><U37/><E37/><V21/><F21/><W120/><G120/><T32/><D49/><U80/><E80/><V52/><F53/><W25/><G25/><T131/><D32/><U111/><E111/><V107/><F107/><W11/><G1/><T116/><D116/><U51/><E69/><V114/><F114/><W83/><G3/><T124/><D131/><U41/><AGARI ba="0,0" hai="41,44,46,50,51,54,57,59,60,61,63" m="49771" machi="41" ten="30,4000,0" yaku="19,1,34,2" doraHai="66" who="1" fromWho="1" sc="250,-20,250,40,250,-10,250,-10" />
</Scene>
<Scene>
<INIT seed="1,0,0,0,5,66" ten="230,290,240,240" oya="1" hai0="104,30,91,84,27,38,133,21,50,63,108,75,130" hai1="129,124,87,109,1,125,126,105,74,93,128,36,26" hai2="3,80,99,48,44,62,121,18,49,47,17,33,90" hai3="85,53,20,52,103,41,110,118,23,40,9,83,122"/><U112/><E1/><V111/><F33/><W11/><G122/><T56/><D38/><U69/><E69/><V134/><F121/><W82/><G103/><T46/><D104/><U35/><E36/><V123/><F123/><W78/><G110/><T92/><D75/><U12/><E35/><V13/><F111/><W7/><G118/><T10/><D108/><U114/><E109/><V51/><F3/><W131/><G131/><N who="1" m="50250" /><E26/><V55/><F134/><W113/><G113/><N who="1" m="43626" /><E12/><V57/><F17/><W86/><G78/><T76/><D133/><U8/><E8/><N who="2" m="6439" /><F99/><W64/><G64/><T107/><D107/><U88/><E105/><V54/><F47/><W79/><G79/><T115/><D76/><U101/><E101/><V14/><F14/><W60/><G60/><T4/><D115/><U19/><E19/><V15/><F15/><W89/><G89/><T28/><D130/><U59/><E59/><V24/><F24/><W32/><G32/><T2/><D28/><U120/><E120/><V119/><F119/><W22/><G22/><T58/><REACH who="0" step="1"/><D63/><REACH who="0" ten="220,290,240,240" step="2"/><U61/><E61/><V70/><F62/><W65/><REACH who="3" step="1"/><G65/><REACH who="3" ten="220,290,240,230" step="2"/><T102/><D102/><U34/><E34/><V95/><F90/><W0/><G0/><T97/><D97/><U94/><E74/><V73/><F73/><W37/><G37/><T127/><D127/><U68/><E68/><V117/><F70/><W98/><G98/><T45/><D45/><U42/><E42/><AGARI ba="0,2" hai="2,4,10,21,27,30,42,46,50,56,58,84,91,92" machi="42" ten="30,2000,0" yaku="1,1,7,1,53,0" doraHai="66" doraHaiUra="31" who="0" fromWho="1" sc="220,40,290,-20,240,0,230,0" />
</Scene>
<Scene>
<INIT seed="2,0,0,2,5,89" ten="260,270,240,230" oya="2" hai0="116,112,104,61,127,31,5,7,131,8,4,102,101" hai1="2,107,98,18,133,62,96,16,106,124,57,53,90" hai2="88,54,129,99,125,52,81,19,40,22,119,9,76" hai3="100,92,93,66,24,51,50,13,28,65,80,39,95"/><V118/><F40/><W41/><G39/><T97/><D112/><U68/><E133/><V130/><F9/><W36/><G36/><T48/><D131/><N who="2" m="50186" /><F125/><W74/><G13/><T10/><D127/><U108/><E124/><V15/><F76/><W122/><G122/><T82/><D116/><N who="2" m="44586" /><F81/><W83/><G100/><T91/><D31/><U94/><E2/><V87/><F87/><W29/><G74/><T134/><D134/><U49/><E108/><V33/><F33/><W34/><G41/><T126/><D126/><U86/><E107/><V45/><F45/><W56/><G29/><T128/><D104/><U111/><E111/><V17/><F19/><W64/><REACH who="3" step="1"/><G56/><REACH who="3" ten="260,270,240,220" step="2"/><T44/><D128/><U21/><E106/><V42/><F42/><W14/><G14/><T121/><D121/><U109/><E109/><V6/><F6/><W30/><G30/><T35/><D5/><U110/><E110/><V77/><F77/><W78/><G78/><T23/><D4/><U73/><E73/><V59/><F59/><W3/><G3/><T27/><D7/><U79/><E79/><V114/><F114/><W11/><G11/><T43/><D8/><U105/><E105/><V75/><F75/><W72/><G72/><T84/><D10/><U12/><E18/><V132/><F132/><W26/><G26/><T20/><D27/><U46/><E68/><V1/><F1/><W120/><G120/><T60/><D43/><AGARI ba="0,1" hai="12,16,21,43,46,49,53,57,62,86,90,94,96,98" machi="43" ten="30,7700,0" yaku="7,1,8,1,52,1,54,1" doraHai="89" who="1" fromWho="0" sc="260,-77,270,87,240,0,220,0" />
</Scene>
<Scene>
<INIT seed="3,0,0,0,2,61" ten="183,357,240,220" oya="3" hai0="64,3,75,2,37,122,54,88,123,130,80,95,72" hai1="77,105,12,113,57,34,132,115,47,27,35,76,73" hai2="8,67,134,4,126,107,11,70,36,125,112,60,110" hai3="98,42,41,22,26,131,59,69,79,89,66,32,119"/><W45/><G119/><T55/><D130/><U127/><E105/><V33/><F112/><W20/><G69/><T114/><D114/><U6/><E73/><V124/><F36/><W74/><G131/><T109/><D37/><U133/><E47/><V38/><F38/><W50/><G41/><T135/><D135/><U40/><E40/><V13/><F33/><W15/><G32/><T14/><D109/><U118/><E27/><V51/><F110/><W104/><G104/><T53/><D14/><U1/><E12/><V111/><F111/><W101/><G101/><T121/><D64/><U93/><E93/><V29/><F107/><W25/><G74/><T129/><D129/><U18/><E57/><V65/><F134/><W19/><G79/><T83/><D75/><U5/><E127/><V108/><F108/><W44/><G44/><T21/><D21/><U46/><E46/><V56/><F29/><W39/><G39/><T17/><D17/><U120/><E18/><N who="2" m="8487" /><F51/><W49/><G22/><T102/><D102/><U117/><REACH who="1" step="1"/><E1/><REACH who="1" ten="183,347,240,220" step="2"/><N who="2" m="399" /><F70/><W87/><G45/><T31/><D31/><U63/><E63/><V68/><F68/><W96/><G42/><T48/><D48/><U52/><E52/><AGARI ba="0,1" hai="52,56,60,65,67,124,125,126" m="399,8487" machi="52" ten="30,7700,0" yaku="18,1,52,2,54,1" doraHai="61" who="2" fromWho="1" sc="183,0,347,-77,240,87,220,0" />
</Scene>
<Scene>
<INIT seed="4,0,0,3,4,79" ten="183,270,327,220" oya="0" hai0="39,57,50,128,53,78,85,88,104,40,109,10,71" hai1="124,65,86,69,16,32,135,66,45,37,92,95,5" hai2="48,103,99,131,36,80,54,60,68,55,112,101,120" hai3="121,15,21,94,102,108,107,125,74,24,30,77,8"/><T62/><D104/><U116/><E32/><V113/><F36/><W90/><G108/><T126/><D109/><U1/><E116/><V19/><F120/><W9/><G121/><T11/><D128/><U87/><E124/><V13/><F131/><W0/><G125/><T72/><D126/><U114/><E69/><V127/><F127/><W58/><G0/><T33/><D33/><U38/><E1/><V52/><F48/><W81/><G58/><T3/><D3/><U117/><E5/><V23/><F80/><W4/><G9/><T20/><D20/><U106/><E106/><V6/><F6/><W22/><G107/><T91/><D91/><U115/><E117/><V134/><F134/><W64/><G64/><N who="0" m="41367" /><D78/><U96/><E96/><V2/><F2/><W84/><REACH who="3" step="1"/><G102/><REACH who="3" ten="183,270,327,210" step="2"/><T110/><D110/><U75/><E45/><V97/><F103/><W42/><G42/><T34/><D34/><AGARI ba="0,1" hai="4,8,15,21,22,24,30,34,74,77,81,84,90,94" machi="34" ten="30,3900,0" yaku="1,1,7,1,52,1,53,0" doraHai="79" doraHaiUra="93" who="3" fromWho="0" sc="183,-39,270,0,327,0,210,49" />
</Scene>
<Scene>
<INIT seed="5,0,0,5,2,76" ten="144,270,327,259" oya="1" hai0="33,56,10,90,107,118,12,49,97,5,1,32,79" hai1="105,51,74,17,125,93,65,89,3,44,21,109,29" hai2="8,54,95,110,96,18,6,45,11,28,106,62,55" hai3="40,68,30,24,99,53,66,81,50,116,63,119,25"/><U46/><E105/><V113/><F106/><W88/><G40/><T127/><D118/><N who="3" m="45097" /><G99/><T27/><D127/><U22/><E125/><V20/><F110/><W84/><G30/><T103/><D27/><U16/><E3/><V38/><F28/><W94/><G94/><T120/><D120/><U114/><E74/><V39/><F39/><W0/><G0/><T2/><D2/><U31/><E114/><V112/><F6/><W67/><G67/><T91/><D1/><U15/><E65/><V100/><F38/><W73/><G73/><T134/><D134/><U123/><E123/><V47/><F62/><W117/><N who="3" m="45105" /><W58/><AGARI ba="0,0" hai="24,25,50,53,58,63,66,68,81,84,88" m="45105" machi="58" ten="40,8000,1" yaku="4,1,12,1,52,1,54,1" doraHai="76" who="3" fromWho="3" sc="144,-20,270,-40,327,-20,259,80" />
</Scene>
<Scene>
<INIT seed="6,0,0,3,3,6" ten="124,230,307,339" oya="2" hai0="70,37,2,127,62,104,92,44,15,26,28,42,63" hai1="85,56,133,46,77,36,13,32,17,132,66,54,58" hai2="64,52,31,41,123,95,131,102,114,94,89,82,134" hai3="29,18,50,111,124,87,71,19,81,88,9,122,22"/><V113/><F123/><W128/><G71/><T72/><D2/><U84/><E32/><V48/><F131/><W33/><G33/><T78/><D104/><U116/><E116/><V99/><F134/><W106/><G106/><T61/><D127/><U107/><E107/><V20/><F64/><W57/><G124/><T97/><D78/><U10/><E66/><V47/><F82/><W67/><G128/><T105/><D72/><U118/><E118/><V80/><F80/><W109/><G122/><T12/><D105/><U24/><E36/><V60/><F60/><N who="3" m="38287" /><G111/><T49/><D37/><U23/><E46/><V39/><F31/><W55/><G109/><T21/><REACH who="0" step="1"/><D70/><REACH who="0" ten="114,230,307,339" step="2"/><U96/><E77/><V73/><F73/><W110/><G110/><T108/><D108/><U119/><E119/><V4/><F39/><W43/><G43/><T5/><D5/><U93/><E133/><V76/><F4/><W53/><G29/><T130/><D130/><U7/><E132/><V65/><F76/><W27/><G50/><T16/><D16/><U14/><E24/><V74/><F74/><W68/><G68/><T91/><AGARI ba="0,1" hai="12,15,21,26,28,42,44,49,61,62,63,91,92,97" machi="91" ten="30,7900,0" yaku="1,1,0,1,8,1,53,1" doraHai="6" doraHaiUra="40" who="0" fromWho="0" sc="114,89,230,-20,307,-39,339,-20" />
</Scene>
<Scene>
<INIT seed="7,0,0,5,0,126" ten="203,210,268,319" oya="3" hai0="35,86,67,16,92,44,72,56,89,82,45,115,19" hai1="8,39,17,106,84,70,6,12,21,122,3,23,114" hai2="68,59,31,129,66,132,83,0,99,1,63,9,97" hai3="81,107,5,25,49,100,46,76,55,27,80,94,113"/><W29/><G107/><T53/><D35/><U14/><E70/><V117/><F117/><W42/><G5/><T75/><D115/><U37/><E106/><V54/><F132/><W111/><G111/><T73/><D67/><U90/><E122/><V26/><F83/><W110/><G110/><T65/><D65/><U101/><E101/><V93/><F9/><W128/><G128/><T47/><REACH who="0" step="1"/><D82/><REACH who="0" ten="193,210,268,319" step="2"/><U135/><E135/><V4/><F66/><W11/><G81/><T121/><D121/><U71/><E71/><V116/><F68/><W22/><G80/><T36/><D36/><U104/><E114/><V61/><F116/><W64/><G64/><T91/><D91/><U10/><E104/><V98/><F93/><W2/><G94/><T69/><D69/><U85/><E90/><V43/><F129/><W105/><G105/><T41/><D41/><U96/><E96/><V74/><F43/><W50/><G42/><T124/><D124/><U119/><E119/><V134/><F134/><W30/><G113/><T78/><D78/><U13/><E3/><V123/><F123/><W133/><G76/><T95/><D95/><U58/><E37/><V77/><F1/><W7/><G2/><T127/><D127/><U33/><E39/><V34/><F77/><W52/><G133/><T88/><D88/><U32/><E33/><V15/><F0/><W48/><G100/><T28/><D28/><U60/><E32/><V103/><F103/><W112/><G30/><T79/><D79/><U120/><E120/><V87/><F34/><N who="3" m="20783" /><G112/><T38/><D38/><U40/><E40/><RYUUKYOKU ba="0,1" sc="193,30,210,-10,268,-10,319,-10" hai0="16,19,44,45,47,53,56,72,73,75,86,89,92" owari="223,-18.0,200,-30.0,258,6.0,319,42.0" />
</Scene>
</mjloggm>