<mjloggm ver="2.3"><GO type="169" lobby="0"/><UN n0="%E9%9D%92%E6%9C%A8%E8%8C%82" n1="%E6%B9%8A%E3%81%AE%E9%87%A3%E5%B8%AB" n2="%41%53%41%50%49%4E" n3="%E3%81%97%E3%81%BE%E3%81%9F%E3%82%8D%E3%81%86%EF%BC%A0" dan="16,16,19,16" rate="2115.00,2107.74,2318.11,2124.82" sx="M,M,M,M"/><TAIKYOKU oya="0"/>

<Scene>
<INIT seed="0,0,0,0,5,48" ten="250,250,250,250" oya="0" hai0="108,66,27,105,47,135,23,110,68,19,14,82,63" hai1="103,45,58,122,78,8,95,70,4,22,56,42,77" hai2="117,127,75,32,59,71,26,109,51,83,80,99,5" hai3="113,50,115,16,15,37,24,130,46,34,69,124,18"/><T20/><D105/><U9/><E70/><V129/><F71/><W25/><G37/><T112/><D112/><U30/><E122/><V60/><F109/><N who="0" m="42090" /><D135/><U133/><E133/><V100/><F129/><W90/><G69/><T81/><D47/><U86/><E9/><V126/><F117/><W72/><G72/><T120/><D120/><U10/><E10/><V106/><F51/><W2/><G2/><T7/><D7/><U39/><E78/><V6/><F26/><W38/><G38/><T121/><D121/><U43/><E43/><V101/><F101/><W52/><G130/><T79/><D79/><U67/><E67/><V36/><F32/><W35/><G113/><T96/><D96/><U104/><E104/><V49/><F36/><W17/><G115/><T92/><D92/><U65/><E65/><V33/><F33/><W128/><G128/><T84/><D84/><U111/><E111/><V12/><F6/><W91/><G35/><T57/><D68/><U134/><E103/><V64/><F75/><W54/><G34/><T116/><D116/><U89/><E77/><V40/><F83/><W28/><G15/><T88/><D88/><U114/><E114/><V61/><F12/><W118/><G118/><T85/><D85/><U3/><E134/><V13/><F13/><W44/><G90/><T74/><D74/><U31/><E3/><V55/><F100/><W132/><G91/><T97/><D97/><U107/><E107/><V125/><F106/><W87/><G87/><T62/><D62/><U53/><E4/><V29/><F5/><W1/><G132/><RYUUKYOKU ba="0,0" sc="250,30,250,-10,250,-10,250,-10" hai0="14,19,20,23,27,57,63,66,81,82" />
</Scene>
<Scene>
<INIT seed="0,1,0,3,2,41" ten="280,240,240,240" oya="0" hai0="34,95,10,35,13,17,49,108,102,15,55,65,89" hai1="23,28,56,126,9,99,113,26,133,27,3,83,12" hai2="43,125,114,75,62,16,100,51,81,66,61,131,40" hai3="109,120,8,47,39,79,129,127,86,98,70,19,50"/><T60/><D102/><U94/><E113/><V33/><F114/><W4/><G39/><T14/><D108/><U1/><E126/><V59/><F125/><W46/><G70/><T24/><D35/><U119/><E119/><V134/><F33/><W87/><G127/><T77/><D77/><U11/><E83/><V115/><F115/><W18/><G109/><T112/><D112/><U122/><E122/><V52/><F131/><W107/><G129/><T5/><D34/><N who="1" m="20759" /><E56/><V116/><F134/><W135/><G135/><T80/><D80/><U6/><E94/><V30/><F30/><W117/><G117/><T82/><D82/><U92/><E92/><V45/><F116/><W90/><G79/><T74/><D74/><U22/><E99/><V57/><F100/><W54/><G120/><T73/><D73/><U128/><E133/><V38/><F38/><W71/><G71/><T64/><D60/><U97/><E97/><V7/><F7/><W25/><G90/><T69/><D69/><U58/><E58/><V31/><F31/><W78/><G78/><T21/><D95/><U76/><E76/><V121/><F121/><W103/><G103/><T68/><D89/><U110/><E110/><V88/><F75/><W124/><G124/><T96/><D96/><U32/><E128/><V101/><F101/><W29/><G98/><T84/><D84/><U67/><E67/><N who="0" m="25673" /><D68/><U132/><E132/><V118/><F118/><W63/><G87/><T93/><D93/><U105/><E105/><V48/><F81/><W85/><G107/><T36/><D36/><U104/><E104/><RYUUKYOKU ba="1,0" sc="280,30,240,-10,240,-10,240,-10" hai0="5,10,13,14,15,17,21,24,49,55" />
</Scene>
<Scene>
<INIT seed="0,2,0,0,4,107" ten="310,230,230,230" oya="0" hai0="130,14,15,76,35,54,108,2,121,82,122,21,106" hai1="104,100,86,16,66,111,44,72,36,25,56,74,135" hai2="46,113,78,123,133,96,84,65,89,80,87,115,8" hai3="23,40,132,116,83,7,1,26,39,79,22,12,131"/><T48/><D106/><U59/><E86/><V95/><F65/><W61/><G116/><T13/><D35/><U127/><E100/><V134/><F46/><W6/><G131/><T85/><D2/><U18/><E104/><V120/><F87/><W124/><G124/><T27/><D130/><U49/><E36/><V81/><F81/><W37/><G132/><N who="2" m="50793" /><F8/><W0/><G61/><T62/><D62/><U38/><E38/><V99/><F99/><W11/><G39/><T98/><D98/><U31/><E135/><V126/><F126/><W63/><G63/><T103/><D103/><U119/><E119/><V17/><F17/><W114/><G114/><AGARI ba="2,0" hai="78,80,84,89,95,96,113,114,115,120,123" m="50793" machi="114" ten="30,3900,0" yaku="20,1,34,2" doraHai="107" who="2" fromWho="3" sc="310,0,230,0,230,45,230,-45" />
</Scene>
<Scene>
<INIT seed="1,0,0,3,3,84" ten="310,230,275,185" oya="1" hai0="7,9,135,59,107,63,17,100,15,19,106,51,27" hai1="118,78,126,110,93,115,43,90,58,61,34,87,128" hai2="20,99,47,72,32,67,60,71,83,10,120,25,82" hai3="122,94,62,105,104,6,35,69,134,2,73,76,85"/><U50/><E115/><V86/><F120/><W124/><G94/><T98/><D135/><U44/><E118/><V111/><F111/><W68/><G85/><T3/><D51/><U80/><E126/><V37/><F32/><W70/><G62/><T57/><D106/><U41/><E128/><V14/><F72/><W133/><G122/><T48/><D48/><U30/><E110/><V1/><F1/><W91/><G91/><T95/><D107/><N who="3" m="41033" /><G124/><T125/><D125/><U65/><E30/><V42/><F99/><W11/><G35/><T77/><D77/><U130/><E130/><V123/><F123/><W97/><G97/><T28/><D59/><U52/><REACH who="1" step="1"/><E34/><REACH who="1" ten="310,220,275,185" step="2"/><V55/><F83/><AGARI ba="0,1" hai="2,6,11,68,69,70,73,76,83,133,134" m="41033" machi="83" ten="40,1300,0" yaku="23,1" doraHai="84" who="3" fromWho="2" sc="310,0,220,0,275,-13,185,23" />
</Scene>
<Scene>
<INIT seed="2,0,0,4,5,88" ten="310,220,262,208" oya="2" hai0="67,84,28,96,35,121,17,24,116,52,48,37,98" hai1="33,31,125,135,113,46,66,112,90,32,92,123,14" hai2="34,78,4,89,12,119,10,44,73,129,108,99,110" hai3="120,83,94,77,107,122,130,114,51,126,80,42,118"/><V132/><F119/><W22/><G107/><T134/><D121/><U20/><E123/><V38/><F34/><W13/><G118/><T101/><D37/><U25/><E66/><V47/><F129/><W75/><G130/><T79/><D67/><U3/><E3/><V82/><F132/><W133/><G133/><T27/><D134/><U64/><E64/><V63/><F63/><W59/><G126/><T7/><D7/><U91/><E135/><V15/><F15/><W95/><G114/><T65/><D65/><U36/><E91/><V131/><F131/><W109/><G109/><N who="2" m="42089" /><F38/><W19/><G120/><T41/><D41/><U127/><E112/><V54/><F54/><W117/><G117/><T56/><D116/><U55/><E113/><V93/><AGARI ba="0,0" hai="4,10,12,44,47,73,78,82,89,93,99" m="42089" machi="93" ten="30,6000,0" yaku="14,1,10,1,52,1" doraHai="88" who="2" fromWho="2" sc="310,-20,220,-20,262,60,208,-20" />
</Scene>
<Scene>
<INIT seed="2,1,0,2,0,29" ten="290,200,322,188" oya="2" hai0="81,76,122,3,37,101,65,48,129,85,28,97,104" hai1="58,77,53,78,52,131,40,14,82,18,134,130,7" hai2="21,59,47,20,44,118,66,75,50,133,10,73,19" hai3="70,57,102,27,67,135,113,32,99,132,83,51,9"/><V54/><F118/><W15/><G113/><T39/><D122/><U126/><E126/><V31/><F133/><W87/><G70/><T55/><D3/><U35/><E134/><V94/><F73/><W100/><G132/><T6/><D6/><U106/><E106/><V42/><F75/><W90/><G135/><T125/><D129/><N who="1" m="49163" /><E7/><V117/><F117/><W30/><G99/><T26/><D65/><U91/><E40/><V115/><F115/><W43/><G67/><T80/><D80/><U110/><E110/><V111/><F111/><W96/><G96/><T93/><D104/><U17/><E35/><V79/><F79/><N who="1" m="30217" /><E58/><V128/><F128/><W86/><G86/><T56/><REACH who="0" step="1"/><D125/><REACH who="0" ten="280,200,322,188" step="2"/><U112/><E112/><V45/><F66/><W34/><G83/><T46/><D46/><U120/><E120/><V0/><F47/><W13/><G57/><T105/><D105/><U69/><E69/><V108/><F45/><W84/><G43/><T41/><D41/><U25/><E82/><V8/><F0/><W124/><G124/><T36/><D36/><U16/><E53/><V121/><F121/><W61/><G61/><T63/><D63/><U33/><E52/><V72/><F108/><W119/><G119/><T49/><D49/><U5/><E5/><V92/><F42/><W2/><G51/><T22/><AGARI ba="1,1" hai="22,26,28,37,39,48,55,56,76,81,85,93,97,101" machi="22" ten="20,2700,0" yaku="1,1,0,1,7,1,53,0" doraHai="29" doraHaiUra="12" who="0" fromWho="0" sc="280,40,200,-8,322,-14,188,-8" />
</Scene>
<Scene>
<INIT seed="3,0,0,5,0,91" ten="320,192,308,180" oya="3" hai0="88,58,90,108,34,84,119,27,68,114,129,109,21" hai1="4,28,9,118,120,25,3,49,38,6,86,16,12" hai2="76,29,124,133,115,46,82,64,10,117,50,54,111" hai3="31,72,106,11,79,70,42,112,121,32,8,100,126"/><W23/><G121/><T13/><D68/><U55/><E120/><V61/><F115/><W83/><G112/><T75/><D114/><U43/><E118/><V33/><F117/><W39/><G70/><T5/><D119/><U69/><E69/><V130/><F111/><N who="0" m="42570" /><D75/><U71/><E71/><V105/><F105/><W78/><G78/><T94/><D129/><U44/><E86/><V85/><F130/><W22/><G32/><T20/><D58/><U57/><REACH who="1" step="1"/><E3/><REACH who="1" ten="320,182,308,180" step="2"/><V135/><F85/><W59/><G72/><T77/><D77/><U127/><E127/><V66/><F76/><W2/><G126/><T132/><D132/><U41/><E41/><V104/><F124/><W96/><G2/><T93/><D34/><AGARI ba="0,1" hai="4,6,9,12,16,25,28,34,38,43,44,49,55,57" machi="34" ten="30,3900,0" yaku="1,1,7,1,54,1,53,0" doraHai="91" doraHaiUra="35" who="1" fromWho="0" sc="320,-39,182,49,308,0,180,0" />
</Scene>
<Scene>
<INIT seed="4,0,0,0,5,68" ten="281,231,308,180" oya="0" hai0="103,106,22,91,1,33,82,113,21,31,56,123,12" hai1="35,49,117,52,25,20,28,118,4,88,47,76,129" hai2="42,116,81,75,7,54,89,124,77,58,30,95,19" hai3="44,120,107,70,100,99,72,102,126,94,41,110,48"/><T26/><D123/><U63/><E76/><V115/><F115/><W104/><G110/><T80/><D113/><U92/><E4/><V18/><F124/><W130/><G126/><T46/><D1/><U34/><E129/><V67/><F116/><W11/><G130/><T105/><D105/><U3/><E3/><V60/><F7/><W135/><G120/><T27/><D12/><U0/><E0/><V133/><F133/><W98/><G135/><T85/><D46/><U37/><E63/><V108/><F108/><W10/><G72/><T32/><D82/><U17/><E37/><V128/><F128/><W71/><G94/><T5/><D5/><U86/><REACH who="1" step="1"/><E35/><REACH who="1" ten="281,221,308,180" step="2"/><V121/><F60/><W8/><AGARI ba="0,1" hai="8,10,11,41,44,48,70,71,98,99,100,102,104,107" machi="8" ten="30,2000,0" yaku="0,1,9,1" doraHai="68" who="3" fromWho="3" sc="281,-10,221,-5,308,-5,180,30" />
</Scene>
<Scene>
<INIT seed="5,0,0,4,3,73" ten="271,216,303,210" oya="1" hai0="74,91,133,97,4,57,87,41,59,101,33,5,94" hai1="49,117,17,44,84,2,105,122,40,129,7,62,16" hai2="79,20,32,15,132,125,118,106,46,37,93,39,108" hai3="113,131,42,52,124,116,55,67,104,45,6,134,77"/><U83/><E117/><V130/><F108/><W18/><G104/><T86/><D33/><U1/><E122/><V119/><F106/><W29/><G116/><T8/><D133/><U56/><E105/><V48/><F32/><W30/><G134/><T80/><D41/><U85/><E129/><V111/><F111/><W60/><G131/><T123/><D123/><U11/><E2/><V47/><F130/><W71/><G6/><T75/><D75/><U107/><E107/><V121/><F132/><W28/><G113/><T135/><D74/><U78/><REACH who="1" step="1"/><E85/><REACH who="1" ten="271,206,303,210" step="2"/><V76/><F121/><W50/><G124/><T31/><D135/><U81/><E81/><V38/><F125/><W22/><REACH who="3" step="1"/><G77/><REACH who="3" ten="271,206,303,200" step="2"/><T51/><D86/><U0/><E0/><V54/><F119/><W90/><G90/><T68/><D91/><U23/><E23/><V96/><F118/><W53/><G53/><AGARI ba="0,2" hai="1,7,11,16,17,40,44,49,53,56,62,78,83,84" machi="53" ten="30,11600,0" yaku="1,1,7,1,52,1,54,1,53,0" doraHai="73" doraHaiUra="25" who="1" fromWho="3" sc="271,0,206,136,303,0,200,-116" />
</Scene>
<Scene>
<INIT seed="5,1,0,1,4,9" ten="271,342,303,84" oya="1" hai0="135,74,63,51,55,84,82,75,106,87,27,98,11" hai1="131,50,71,3,40,94,109,41,26,1,95,130,125" hai2="28,42,23,126,52,80,118,133,123,58,115,83,38" hai3="128,92,19,34,25,44,100,29,12,32,43,101,7"/><U22/><E71/><V60/><F118/><W48/><G128/><N who="1" m="49194" /><E125/><V127/><F123/><W67/><G34/><T78/><D135/><U117/><E117/><V64/><F133/><W134/><G134/><T79/><D63/><U85/><E109/><V89/><F115/><W81/><G67/><T49/><D27/><U37/><E37/><V0/><F0/><N who="1" m="73" /><E85/><V132/><F132/><W18/><G81/><T8/><D55/><U61/><E61/><V97/><F42/><N who="1" m="16489" /><E50/><V110/><F38/><W14/><G7/><T45/><D82/><U99/><E99/><V104/><F110/><W2/><G2/><T108/><D108/><U86/><E86/><V24/><F64/><W119/><G119/><T36/><D36/><U70/><E70/><V54/><F54/><W20/><REACH who="3" step="1"/><G92/><REACH who="3" ten="271,342,303,74" step="2"/><T91/><D106/><U35/><E35/><V57/><F104/><W16/><G16/><AGARI ba="1,1" hai="16,22,26,94,95" m="16489,73,49194" machi="16" ten="30,2900,0" yaku="19,1,54,1" doraHai="9" who="1" fromWho="3" sc="271,0,342,42,303,0,74,-32" />
</Scene>
<Scene>
<INIT seed="5,2,0,4,1,93" ten="271,384,303,42" oya="1" hai0="44,21,129,118,108,40,105,1,14,4,13,49,101" hai1="3,120,91,102,79,124,84,6,103,99,41,106,81" hai2="33,86,59,45,115,95,9,57,121,5,42,64,74" hai3="128,23,28,11,67,63,96,104,123,66,31,36,54"/><U19/><E120/><V32/><F121/><W51/><G36/><T92/><D108/><U10/><E124/><V8/><F74/><W130/><G123/><T61/><D118/><U65/><E65/><V58/><F115/><W77/><G77/><T55/><D129/><N who="3" m="49769" /><G11/><T76/><D76/><U135/><E135/><V70/><F9/><W100/><G23/><T97/><D1/><U43/><E103/><V25/><F25/><W16/><G16/><T48/><D61/><U90/><E19/><V80/><F32/><W82/><G82/><T133/><D133/><U60/><E60/><V110/><F33/><W69/><G67/><T109/><D109/><U116/><E116/><V47/><F80/><W27/><G27/><T35/><D35/><U72/><E91/><V24/><F24/><W68/><G68/><T22/><D105/><U62/><E62/><V78/><F78/><W26/><G26/><T2/><D2/><U20/><E20/><N who="0" m="7785" /><D4/><U85/><E84/><V46/><F110/><W83/><G83/><AGARI ba="2,0" hai="3,6,10,41,43,72,79,81,83,85,90,99,102,106" machi="83" ten="30,2900,0" yaku="7,1,52,1" doraHai="93" who="1" fromWho="3" sc="271,0,384,35,303,0,42,-35" />
</Scene>
<Scene>
<INIT seed="5,3,0,5,4,96" ten="271,419,303,7" oya="1" hai0="50,5,124,75,62,52,10,110,109,88,129,83,104" hai1="107,93,57,16,63,116,69,89,14,132,82,37,38" hai2="102,94,27,61,32,118,51,47,41,8,80,19,11" hai3="70,54,21,15,101,106,12,74,64,33,68,78,99"/><U111/><E116/><V125/><F118/><W39/><G33/><T71/><D129/><U73/><E69/><V126/><F61/><W67/><G39/><T45/><D124/><N who="2" m="47722" /><F80/><W133/><G133/><T98/><D71/><U84/><E132/><V134/><F134/><W60/><G54/><T85/><D62/><U59/><E111/><V9/><F32/><W58/><G58/><T17/><D75/><U131/><E131/><V114/><F114/><W91/><G67/><T72/><D72/><U13/><E59/><V18/><F27/><W115/><G70/><T130/><D130/><U30/><E14/><V44/><F44/><W0/><G0/><T128/><D128/><U119/><E119/><V65/><F65/><W48/><G48/><T87/><D87/><U81/><E73/><V46/><F46/><W20/><G91/><T56/><D56/><U123/><E57/><V23/><F23/><N who="3" m="8779" /><G115/><T26/><D26/><U112/><E63/><V4/><F4/><W2/><G2/><T122/><D122/><U36/><E123/><V28/><F28/><W86/><G74/><T42/><D42/><U103/><E112/><V113/><F113/><W90/><G78/><T127/><D127/><U121/><E121/><V79/><F79/><W22/><N who="3" m="8787" /><W120/><DORA hai="40" /><G120/><T31/><D31/><U100/><E30/><V34/><F34/><W25/><G25/><T105/><D5/><U7/><E7/><V55/><F41/><W3/><G3/><T6/><D6/><U77/><E77/><V76/><F76/><W29/><G29/><T49/><D110/><RYUUKYOKU ba="3,0" sc="271,-15,419,-15,303,15,7,15" hai2="8,9,11,18,19,47,51,55,94,102" hai3="12,15,60,64,68,86,90,99,101,106" />
</Scene>
<Scene>
<INIT seed="6,4,0,4,3,13" ten="256,404,318,22" oya="2" hai0="61,109,106,98,49,62,36,71,86,128,80,15,1" hai1="133,95,7,131,12,30,60,73,117,102,135,32,66" hai2="69,14,72,126,103,110,129,87,114,51,97,107,125" hai3="35,91,27,82,18,19,75,64,79,84,100,111,39"/><V29/><F69/><W22/><G111/><T25/><D109/><U53/><E73/><V6/><F72/><W132/><G132/><N who="1" m="50762" /><E117/><V48/><F110/><W76/><G39/><T134/><D1/><U16/><E53/><V10/><F114/><W115/><G115/><T90/><D36/><U55/><E55/><V108/><F108/><W77/><G35/><T54/><D134/><U26/><E7/><V23/><F129/><W74/><G100/><T20/><D128/><U44/><E44/><V50/><F29/><W46/><G46/><T104/><D71/><N who="1" m="42439" /><E131/><V52/><F23/><W122/><G122/><T85/><D85/><U56/><E56/><V24/><F24/><W4/><G4/><T47/><D106/><U94/><E102/><V57/><REACH who="2" step="1"/><F87/><REACH who="2" ten="256,404,308,22" step="2"/><W65/><G75/><T40/><D98/><U119/><E119/><V67/><F67/><N who="3" m="25675" /><G74/><T9/><D104/><U63/><E63/><AGARI ba="4,1" hai="6,10,14,48,50,51,52,57,63,97,103,107,125,126" machi="63" ten="40,3900,0" yaku="1,1,54,1,53,0" doraHai="13" doraHaiUra="38" who="2" fromWho="1" sc="256,0,404,-51,308,61,22,0" />
</Scene>
<Scene>
<INIT seed="6,5,0,1,3,18" ten="256,353,369,22" oya="2" hai0="114,6,124,30,127,14,58,51,22,102,17,69,110" hai1="72,77,31,26,35,116,117,57,135,108,49,94,38" hai2="45,62,5,122,65,106,88,86,128,103,134,48,33" hai3="59,120,130,70,81,132,43,47,9,92,61,27,93"/><V126/><F122/><W32/><G120/><T84/><D110/><U91/><E108/><V24/><F128/><W89/><G70/><T76/><D69/><U2/><E2/><V121/><F121/><W96/><G130/><T56/><D102/><U98/><E38/><V12/><F134/><W80/><G132/><T66/><D114/><U133/><E133/><V53/><F126/><W79/><G9/><T104/><D104/><U21/><E135/><V123/><F123/><W73/><G81/><T119/><D119/><U44/><E57/><V1/><F1/><W39/><G92/><T16/><D30/><U100/><E35/><V46/><F46/><W78/><G78/><T8/><D17/><U107/><E77/><V105/><F103/><W41/><G41/><T34/><D34/><U52/><E72/><V71/><F12/><W4/><G4/><T10/><D10/><U20/><E20/><V68/><F5/><W11/><G11/><T3/><D66/><U63/><REACH who="1" step="1"/><E63/><REACH who="1" ten="256,343,369,22" step="2"/><V125/><F68/><W15/><G59/><T54/><REACH who="0" step="1"/><D58/><REACH who="0" ten="246,343,369,22" step="2"/><U37/><E37/><V36/><F36/><W75/><G32/><T19/><D19/><U13/><E13/><V64/><F64/><W109/><G15/><T112/><D112/><U55/><E55/><V25/><F33/><W90/><G109/><T23/><D23/><U118/><E118/><V50/><F65/><W101/><G61/><T129/><D129/><U82/><E82/><AGARI ba="5,2" hai="3,6,8,14,16,22,51,54,56,76,82,84,124,127" machi="82" ten="40,5200,0" yaku="1,1,52,1,54,1,53,0" doraHai="18" doraHaiUra="60" who="0" fromWho="1" sc="246,87,343,-67,369,0,22,0" />
</Scene>
<Scene>
<INIT seed="7,0,0,2,3,109" ten="333,276,369,22" oya="3" hai0="134,2,49,24,73,72,111,108,39,0,92,75,36" hai1="115,105,60,88,77,23,95,66,71,40,124,47,33" hai2="113,4,13,10,120,35,80,122,117,89,56,8,119" hai3="27,55,51,29,54,5,91,112,69,131,98,104,106"/><W103/><G69/><T82/><D24/><U87/><E33/><V133/><F113/><W34/><G112/><T38/><D82/><U79/><E115/><V57/><F35/><W110/><G110/><N who="0" m="42027" /><D92/><U42/><E105/><V53/><F133/><W18/><G131/><T118/><D49/><U94/><E42/><V74/><F10/><W6/><G106/><T21/><D21/><U12/><E124/><V7/><F7/><W107/><G107/><T83/><D83/><U11/><E23/><V84/><F74/><W76/><G76/><T130/><D130/><U128/><E128/><V90/><F90/><W46/><G18/><T101/><D101/><U78/><E95/><V28/><F28/><W48/><REACH who="3" step="1"/><G91/><REACH who="3" ten="333,276,369,12" step="2"/><T17/><D17/><U114/><E114/><V37/><F89/><W97/><G97/><T116/><D134/><U19/><E78/><V126/><F117/><AGARI ba="0,1" hai="0,2,36,38,39,72,73,75,116,117,118" m="42027" machi="117" ten="50,8000,1" yaku="28,2,31,2" doraHai="109" who="0" fromWho="2" sc="333,90,276,0,369,-80,12,0" owari="423,52.0,276,-12.0,289,9.0,12,-49.0" />
</Scene>
</mjloggm>