<mjloggm ver="2.3"><GO type="169"/><UN n0="%41%53%41%50%49%4E" n1="%E5%8F%8D%E9%99%BD%E5%AD%90%E3%81%95%E3%82%93" n2="%E5%A4%A9%E5%9F%8E%E5%B0%8F%E6%AC%A1%E9%83%8E" n3="%E9%80%A2%E9%AD%94%E3%81%8C%E6%99%82" dan="19,18,16,16" rate="2194,2243,2084,2129" sx="M,F,M,M"/><TAIKYOKU oya="0"/>

<Scene>
<INIT seed="0,0,0,3,0,134" ten="250,250,250,250" oya="0" hai0="105,31,115,104,50,11,112,127,89,116,54,55,51" hai1="22,91,15,52,110,119,107,88,114,86,16,109,103" hai2="2,49,37,123,9,72,70,32,63,44,65,111,117" hai3="4,102,21,129,25,108,7,76,121,12,132,62,101"/><T69/><D69/><U57/><E119/><V95/><F32/><W81/><G121/><T24/><D116/><U35/><E35/><V19/><F117/><W66/><G132/><T30/><D11/><U14/><E114/><V34/><F123/><W64/><G64/><T28/><D89/><U124/><E124/><V10/><F34/><W61/><G61/><T120/><D120/><U40/><E40/><V78/><F111/><N who="1" m="42505" /><E15/><V68/><F70/><W135/><G129/><T80/><D80/><U84/><E103/><V13/><F37/><W106/><G106/><T18/><D30/><U92/><E107/><V36/><F95/><W126/><G126/><T26/><REACH who="0" step="1"/><D18/><REACH who="0" ten="240,250,250,250" step="2"/><U17/><E17/><V0/><F19/><W23/><G108/><T122/><D122/><U60/><E91/><V87/><F9/><W8/><G135/><T99/><D99/><AGARI ba="0,1" hai="14,16,22,52,57,60,84,86,88,92,99" m="42505" machi="99" ten="30,7700,0" yaku="14,1,54,3" doraHai="134" who="1" fromWho="0" sc="240,-77,250,87,250,0,250,0" />
</Scene>
<Scene>
<INIT seed="1,0,0,1,3,34" ten="163,337,250,250" oya="1" hai0="63,99,85,61,88,2,9,33,115,11,78,39,84" hai1="81,122,131,59,91,45,44,53,107,15,74,20,130" hai2="48,69,83,97,22,132,72,46,47,26,24,7,119" hai3="35,55,104,18,49,6,133,66,118,76,64,135,31"/><U57/><E122/><V121/><F119/><W75/><G104/><T95/><D115/><U8/><E107/><V50/><F121/><W117/><G18/><T113/><D113/><U54/><E20/><V14/><F69/><W58/><G6/><T12/><D33/><U32/><E32/><V60/><F132/><N who="3" m="50763" /><G31/><T5/><D39/><U89/><E74/><V28/><F60/><W123/><G35/><T77/><D84/><U0/><E81/><V25/><F97/><W68/><G123/><T112/><D112/><U79/><E79/><V17/><F7/><W106/><G106/><T82/><REACH who="0" step="1"/><D78/><REACH who="0" ten="153,337,250,250" step="2"/><U67/><E130/><V1/><F72/><W100/><G76/><T16/><AGARI ba="0,1" hai="2,5,9,11,12,16,61,63,77,82,85,88,95,99" machi="16" ten="20,12000,2" yaku="1,1,2,1,0,1,7,1,52,1,54,2,53,0" doraHai="34" doraHaiUra="65" who="0" fromWho="0" sc="153,130,337,-60,250,-30,250,-30" />
</Scene>
<Scene>
<INIT seed="2,0,0,3,3,130" ten="283,277,220,220" oya="2" hai0="76,59,109,71,127,55,83,96,93,82,135,37,64" hai1="91,129,38,40,9,19,95,73,131,61,46,5,8" hai2="99,75,114,3,89,58,110,43,15,90,98,10,52" hai3="86,47,35,88,72,24,67,104,84,121,44,119,92"/><V16/><F114/><W25/><G104/><T65/><D37/><U41/><E73/><V77/><F3/><W26/><G72/><T2/><D2/><U34/><E34/><V126/><F126/><W120/><G119/><T108/><D127/><U133/><E41/><V107/><F43/><W54/><G35/><T70/><D76/><U87/><E61/><V117/><F117/><W94/><G67/><T36/><D36/><U66/><E66/><V63/><F110/><W1/><G1/><T68/><D93/><U112/><E112/><V115/><F115/><W79/><G79/><T111/><D96/><U49/><E38/><V128/><F128/><N who="1" m="49225" /><E5/><V13/><F107/><W100/><G100/><T125/><D125/><U69/><E69/><V56/><F75/><W101/><G101/><T42/><D42/><U29/><E29/><V80/><F77/><W4/><G4/><T60/><D65/><U18/><E133/><V51/><F15/><W105/><G105/><T20/><D64/><U85/><E85/><N who="2" m="50343" /><F90/><N who="3" m="53319" /><G121/><T132/><REACH who="0" step="1"/><D20/><REACH who="0" ten="273,277,220,220" step="2"/><U53/><E40/><V31/><F31/><W123/><G120/><T27/><D27/><U11/><AGARI ba="0,1" hai="8,9,11,18,19,46,49,53,87,91,95" m="49225" machi="11" ten="30,1100,0" yaku="19,1" doraHai="130" who="1" fromWho="1" sc="273,-3,277,21,220,-5,220,-3" />
</Scene>
<Scene>
<INIT seed="3,0,0,1,5,91" ten="270,298,215,217" oya="3" hai0="89,48,52,4,69,53,78,86,58,113,116,132,107" hai1="1,20,25,79,131,129,44,60,3,59,56,93,35" hai2="16,2,95,114,0,14,100,38,62,88,27,26,101" hai3="125,9,29,108,111,117,41,30,40,121,76,85,71"/><W21/><G121/><T18/><D116/><U17/><E79/><V123/><F38/><W28/><G71/><T36/><D107/><U57/><E35/><V49/><F114/><W97/><G117/><T130/><D36/><U81/><E81/><V135/><F0/><W61/><G125/><T74/><D69/><U33/><E33/><V106/><F2/><W109/><G9/><T92/><D113/><U42/><E60/><V120/><F106/><W128/><G128/><N who="1" m="49226" /><E93/><V68/><F135/><W84/><G61/><T83/><D130/><U66/><E66/><N who="2" m="41047" /><F49/><AGARI ba="0,0" hai="1,3,17,20,25,42,44,49,56,57,59" m="49226" machi="49" ten="30,1000,0" yaku="19,1" doraHai="91" who="1" fromWho="2" sc="270,0,298,10,215,-10,217,0" />
</Scene>
<Scene>
<INIT seed="4,0,0,4,1,71" ten="270,308,205,217" oya="0" hai0="58,79,7,51,111,45,38,23,0,72,127,6,59" hai1="130,119,32,68,25,3,110,132,10,20,11,52,57" hai2="91,117,85,125,74,81,103,121,17,14,131,43,36" hai3="77,96,40,88,109,133,94,123,73,62,47,108,86"/><T128/><D128/><U63/><E119/><V112/><F121/><W49/><G133/><T129/><D129/><U35/><E110/><V48/><F117/><W95/><G123/><T21/><D111/><U8/><E3/><V12/><F131/><W84/><G84/><T115/><D115/><U82/><E130/><V61/><F112/><W69/><G77/><T106/><D106/><U124/><E132/><V89/><F125/><W28/><G28/><T135/><D135/><U102/><E124/><V126/><F126/><W83/><G73/><T122/><D122/><U13/><E13/><V44/><F74/><W56/><G69/><T34/><D34/><U76/><E102/><V134/><F134/><W54/><REACH who="3" step="1"/><G83/><REACH who="3" ten="270,308,205,207" step="2"/><T100/><D79/><U5/><E68/><V26/><F81/><W98/><G98/><T97/><D72/><U9/><E5/><V80/><F80/><W92/><G92/><N who="0" m="58407" /><D7/><U93/><E93/><V46/><F85/><W30/><G30/><T105/><D105/><U42/><E82/><V67/><F17/><W50/><G50/><T75/><D51/><U60/><E76/><V53/><F48/><W107/><G107/><T19/><D75/><U116/><E116/><V29/><F29/><W27/><G27/><T64/><D19/><U70/><E25/><V113/><F26/><W37/><G37/><T65/><D127/><U55/><E70/><N who="2" m="42351" /><F113/><W41/><G41/><N who="0" m="22711" /><D6/><U114/><E42/><V39/><F39/><W31/><G31/><T2/><D0/><U101/><E114/><V66/><F36/><W104/><G104/><T120/><D2/><RYUUKYOKU ba="0,1" sc="270,-10,308,-10,205,-10,207,30" hai3="40,47,49,54,56,62,86,88,94,95,96,108,109" />
</Scene>
<Scene>
<INIT seed="5,1,1,2,2,61" ten="260,298,195,237" oya="1" hai0="118,103,4,83,49,31,126,81,71,134,52,14,135" hai1="54,110,26,8,20,15,87,66,99,85,105,28,77" hai2="129,30,123,36,53,34,70,7,6,38,65,76,29" hai3="3,78,101,33,112,16,21,102,60,122,44,113,67"/><U0/><E0/><V73/><F123/><W124/><G3/><T63/><D118/><U96/><E110/><V86/><F73/><W41/><G124/><T79/><D126/><U131/><E105/><V58/><F129/><W90/><G90/><T125/><D125/><U104/><E104/><V37/><F70/><W107/><G78/><T9/><D103/><U93/><E131/><V132/><F132/><N who="0" m="50730" /><D31/><U57/><E66/><V68/><F68/><N who="3" m="42087" /><G33/><T39/><D39/><U13/><E77/><V64/><F6/><W51/><G107/><T108/><D108/><U84/><E93/><V95/><F7/><W59/><G59/><N who="0" m="33167" /><D79/><U2/><E2/><V10/><F10/><W69/><G69/><T35/><D35/><U80/><E80/><V92/><F29/><W98/><G98/><N who="1" m="37418" /><E8/><V1/><F1/><W47/><G47/><T75/><D75/><U94/><E94/><V27/><F95/><W127/><G122/><T12/><D83/><U22/><E22/><V119/><F119/><W128/><G128/><T24/><D81/><U45/><E45/><V133/><F133/><W106/><G106/><T74/><D74/><U130/><E130/><V89/><REACH who="2" step="1"/><F76/><REACH who="2" ten="260,298,185,237" step="2"/><W11/><G127/><T5/><D9/><U120/><E120/><V100/><F100/><W55/><G11/><T88/><D71/><U56/><E56/><V117/><F117/><W43/><G102/><T40/><D4/><U116/><E116/><V46/><F46/><W82/><G101/><T114/><D5/><U62/><AGARI ba="1,2" hai="13,15,20,26,28,54,57,62,84,85,87" m="37418" machi="62" ten="30,1500,0" yaku="8,1" doraHai="61" who="1" fromWho="1" sc="260,-6,298,38,185,-6,237,-6" />
</Scene>
<Scene>
<INIT seed="5,2,0,4,5,59" ten="254,336,179,231" oya="1" hai0="99,2,75,131,7,29,91,40,111,126,11,16,84" hai1="12,50,18,43,17,48,14,128,127,87,83,86,67" hai2="116,3,65,27,32,95,72,78,63,81,56,103,132" hai3="109,52,92,30,74,45,4,24,115,71,53,22,57"/><U5/><E128/><V28/><F116/><W35/><G74/><T26/><D111/><U42/><E127/><V93/><F132/><W58/><G71/><T0/><D131/><U114/><E114/><V69/><F3/><W80/><G109/><T8/><D126/><U20/><E5/><V41/><F41/><N who="1" m="15369" /><E67/><V121/><F121/><W44/><G80/><T39/><D75/><U10/><E87/><V112/><F112/><W55/><G4/><T104/><D40/><U1/><E1/><V89/><F103/><W85/><G35/><T33/><D39/><U120/><E120/><V47/><F47/><N who="3" m="17995" /><G115/><T118/><D118/><U70/><E70/><V38/><F38/><W110/><G110/><T123/><D123/><U34/><E34/><V124/><F124/><W97/><G85/><T113/><D113/><U25/><E25/><V129/><F129/><W68/><G68/><T94/><D2/><U60/><E60/><V101/><F101/><AGARI ba="2,0" hai="22,24,30,52,53,55,57,58,92,97,101" m="17995" machi="101" ten="30,2000,0" yaku="8,1,54,1" doraHai="59" who="3" fromWho="2" sc="254,0,336,0,179,-26,231,26" />
</Scene>
<Scene>
<INIT seed="6,0,0,1,3,67" ten="254,336,153,257" oya="2" hai0="30,42,85,43,71,62,68,103,22,29,109,4,41" hai1="133,0,96,117,91,37,44,100,5,56,75,110,107" hai2="102,1,83,114,28,118,81,70,82,77,61,111,72" hai3="36,108,116,135,24,113,64,47,6,120,2,54,127"/><V79/><F1/><W131/><RYUUKYOKU type="yao9" ba="0,0" sc="254,0,336,0,153,0,257,0" hai3="2,6,24,36,47,54,64,108,113,116,120,127,131,135" />
</Scene>
<Scene>
<INIT seed="6,1,0,0,1,31" ten="254,336,153,257" oya="2" hai0="102,19,85,24,49,94,103,63,23,127,101,14,37" hai1="93,41,70,39,78,66,90,47,50,18,92,87,4" hai2="79,125,68,96,104,113,42,36,34,1,56,3,20" hai3="62,74,82,48,95,108,7,109,115,83,71,43,131"/><V77/><F68/><W132/><G7/><T27/><D37/><U45/><E4/><V16/><F113/><W53/><G74/><T126/><D63/><U65/><E70/><V89/><F125/><N who="0" m="47626" /><D49/><U25/><E78/><V120/><F120/><W46/><G95/><T52/><D52/><U119/><E119/><V129/><F129/><W33/><G83/><T124/><D124/><U130/><E130/><V30/><F36/><W123/><G82/><T13/><D13/><U60/><E60/><V105/><F42/><W122/><G33/><T67/><D67/><U112/><E112/><V121/><F121/><W21/><G115/><T10/><D10/><U116/><E116/><V17/><F56/><W57/><G21/><T106/><D106/><U38/><E38/><V73/><F73/><W29/><G131/><T54/><D54/><U76/><E39/><V40/><F40/><W80/><G43/><T35/><D35/><U64/><E47/><V51/><F51/><W88/><G48/><T11/><D11/><U8/><E8/><V69/><F69/><W118/><G57/><T128/><D128/><U100/><E50/><V107/><F34/><W75/><G71/><T2/><D2/><N who="2" m="522" /><F30/><W59/><G29/><T32/><D32/><U114/><E41/><V98/><F89/><AGARI ba="1,0" hai="14,19,23,24,27,85,89,94,101,102,103" m="47626" machi="89" ten="30,1000,0" yaku="18,1" doraHai="31" who="0" fromWho="2" sc="254,13,336,0,153,-13,257,0" />
</Scene>
<Scene>
<INIT seed="7,0,0,3,3,27" ten="267,336,140,257" oya="3" hai0="6,68,114,98,64,109,46,134,60,128,117,22,51" hai1="40,58,99,67,33,8,32,105,113,110,31,124,84" hai2="69,127,18,123,35,20,42,100,52,13,85,120,62" hai3="37,95,56,12,16,73,10,11,125,89,71,54,38"/><W26/><G73/><T96/><D109/><U78/><E110/><V112/><F35/><W122/><G71/><T47/><D117/><U104/><E40/><V19/><F112/><W23/><G125/><T43/><D114/><U25/><E113/><V86/><F127/><W50/><G11/><T41/><D128/><U130/><E124/><V4/><F42/><W111/><G122/><T21/><D134/><U9/><E33/><V70/><F4/><W75/><G75/><T132/><D132/><U77/><E130/><V118/><F118/><W49/><G49/><T53/><D6/><U3/><E3/><V80/><F100/><W107/><G107/><T87/><D87/><U126/><E126/><V17/><F20/><W15/><G15/><T102/><D96/><U36/><E36/><V101/><F13/><W7/><REACH who="3" step="1"/><G111/><REACH who="3" ten="267,336,140,247" step="2"/><T63/><D63/><N who="1" m="38391" /><E9/><V83/><F101/><W44/><G44/><T24/><D47/><U59/><E8/><V119/><F119/><W133/><G133/><T82/><D51/><U108/><E105/><V91/><F62/><W121/><G121/><N who="2" m="46665" /><F52/><W74/><G74/><T90/><D53/><U29/><E104/><V97/><F97/><AGARI ba="0,1" hai="7,10,12,16,23,26,37,38,50,54,56,89,95,97" machi="97" ten="30,11600,0" yaku="1,1,7,1,54,1,53,1" doraHai="27" doraHaiUra="0" who="3" fromWho="2" sc="267,0,336,0,140,-116,247,126" owari="267,-13.0,336,14.0,24,-48.0,373,47.0" />
</Scene>
</mjloggm>