<mjloggm ver="2.3"><GO type="169"/><UN n0="%E6%A1%82%E3%83%92%E3%83%8A%E3%82%AE%E3%82%AF" n1="%E6%9C%A7%E5%A4%8F%E6%9C%88" n2="%41%53%41%50%49%4E" n3="%31%E6%9C%88%31%31%E6%97%A5" dan="17,18,18,17" rate="2131,2197,2225,2131" sx="F,M,M,M"/><TAIKYOKU oya="0"/>

<Scene>
<INIT seed="0,0,0,1,0,44" ten="250,250,250,250" oya="0" hai0="95,63,42,88,91,13,133,126,49,111,99,12,17" hai1="89,64,55,37,20,38,122,94,30,76,61,56,107" hai2="40,74,39,25,57,117,52,80,92,81,77,18,51" hai3="11,100,75,87,59,119,46,67,65,105,123,14,128"/><T106/><D106/><U130/><E107/><V2/><F117/><W68/><G75/><T78/><D133/><U24/><E122/><V21/><F2/><W85/><G59/><T115/><D115/><U132/><E132/><V72/><F92/><W19/><G100/><T71/><D126/><U36/><E76/><V22/><F40/><W125/><G105/><T120/><D120/><U15/><E130/><V104/><F104/><W97/><G46/><N who="0" m="25815" /><D71/><U102/><E15/><N who="0" m="5705" /><D111/><U8/><E8/><V29/><F39/><W103/><G11/><T10/><D78/><U69/><E102/><V45/><F80/><W108/><G68/><T114/><D114/><U62/><REACH who="1" step="1"/><E36/><REACH who="1" ten="250,240,250,250" step="2"/><V0/><F0/><W116/><G103/><N who="0" m="60927" /><D63/><U110/><E110/><V135/><F135/><W109/><G123/><T118/><D118/><U3/><E3/><V32/><F77/><W41/><G119/><T26/><D10/><U131/><E131/><V73/><F73/><W23/><G128/><T60/><D60/><U129/><E129/><V34/><F72/><W83/><G116/><T53/><D53/><U134/><E134/><V66/><F74/><W48/><G109/><T6/><D6/><U50/><E50/><V31/><F51/><W98/><G48/><T70/><D70/><U86/><AGARI ba="0,1" hai="20,24,30,37,38,55,56,61,62,64,69,86,89,94" machi="86" ten="20,2700,0" yaku="1,1,0,1,7,1,53,0" doraHai="44" doraHaiUra="121" who="1" fromWho="1" sc="250,-13,240,37,250,-7,250,-7" />
</Scene>
<Scene>
<INIT seed="1,0,0,0,5,13" ten="237,277,243,243" oya="1" hai0="34,93,52,113,131,51,110,17,66,104,46,2,114" hai1="69,109,62,99,60,129,47,9,85,42,84,128,135" hai2="72,91,3,111,77,30,32,98,78,45,11,108,124" hai3="59,96,74,29,8,37,53,115,23,27,48,100,88"/><U116/><E116/><V126/><F32/><W39/><G74/><T123/><D34/><U33/><E33/><V49/><F30/><W68/><G68/><T54/><D104/><U92/><E135/><V70/><F70/><W24/><G115/><T50/><D2/><U41/><E9/><V19/><F98/><W61/><G27/><T134/><D134/><U95/><E69/><V90/><F3/><W82/><G8/><T28/><D123/><U125/><E99/><V80/><F78/><W94/><G82/><T56/><D28/><U14/><E14/><N who="2" m="7647" /><F90/><W73/><G73/><T107/><D107/><U130/><E125/><N who="2" m="48235" /><F91/><W22/><G22/><T71/><D71/><U57/><E130/><V36/><F36/><W63/><G39/><T58/><D131/><U25/><E109/><V26/><F26/><W16/><G37/><T21/><D110/><U0/><E25/><V132/><F132/><W76/><G76/><T43/><D93/><U97/><E0/><V7/><F7/><W6/><G6/><T133/><D133/><U12/><E97/><V86/><F72/><W118/><G118/><T4/><D66/><U117/><E117/><V120/><F120/><W121/><G121/><T15/><D4/><U44/><E12/><V10/><F10/><W81/><G29/><T55/><D43/><AGARI ba="0,0" hai="43,45,49,77,80,86,108,111" m="48235,7647" machi="43" ten="30,2000,0" yaku="18,1,52,1" doraHai="13" who="2" fromWho="0" sc="237,-20,277,0,243,20,243,0" />
</Scene>
<Scene>
<INIT seed="2,0,0,2,1,27" ten="217,277,263,243" oya="2" hai0="49,65,40,45,23,126,95,127,21,130,32,111,105" hai1="39,108,60,76,87,70,20,110,101,97,122,11,93" hai2="42,91,28,9,80,84,74,131,30,115,4,64,62" hai3="3,132,113,18,7,109,96,99,13,90,118,50,58"/><V36/><F115/><W41/><G113/><T83/><D105/><U128/><E39/><V89/><F131/><W123/><G118/><T51/><D32/><U52/><E128/><V106/><F106/><W81/><G123/><T100/><D130/><U5/><E122/><V134/><F134/><W75/><G7/><T117/><D117/><U135/><E135/><V104/><F104/><W82/><G3/><T24/><D111/><N who="1" m="42539" /><E20/><V25/><F25/><W59/><G41/><T53/><D65/><N who="1" m="41255" /><E52/><V66/><F66/><W86/><G132/><T35/><D35/><U2/><E87/><V129/><F129/><W16/><G109/><T0/><D0/><U48/><E48/><V44/><F74/><W29/><G75/><T55/><D40/><U98/><E98/><V12/><REACH who="2" step="1"/><F89/><REACH who="2" ten="217,277,253,243" step="2"/><W67/><G67/><T10/><D24/><U116/><E116/><V61/><F61/><W17/><G90/><T8/><D100/><U68/><E68/><AGARI ba="0,1" hai="4,9,12,28,30,36,42,44,62,64,68,80,84,91" machi="68" ten="30,11600,0" yaku="1,1,7,1,52,2,53,0" doraHai="27" doraHaiUra="73" who="2" fromWho="1" sc="217,0,277,-116,253,126,243,0" />
</Scene>
<Scene>
<INIT seed="2,1,0,2,2,98" ten="217,161,379,243" oya="2" hai0="31,32,25,27,51,113,52,20,83,100,15,90,13" hai1="33,88,56,101,108,95,71,123,102,45,44,59,60" hai2="94,43,107,5,111,119,96,55,104,11,37,99,0" hai3="82,10,1,64,76,8,18,135,54,130,134,41,74"/><V21/><F119/><W126/><G54/><T49/><D113/><U50/><E33/><V91/><F111/><W81/><G18/><T97/><D49/><U48/><E71/><V61/><F96/><W131/><G64/><T53/><D53/><N who="1" m="29831" /><E123/><V66/><F55/><W115/><G115/><T70/><D70/><U24/><E24/><V39/><F21/><W122/><G122/><T16/><D90/><U65/><E59/><V46/><REACH who="2" step="1"/><F37/><REACH who="2" ten="217,161,369,243" step="2"/><W116/><G116/><T118/><D118/><U63/><E108/><V125/><F125/><W42/><G126/><T67/><D67/><U127/><E127/><V57/><AGARI ba="1,1" hai="0,5,11,39,43,46,57,61,66,91,94,99,104,107" machi="57" ten="20,7800,0" yaku="1,1,0,1,7,1,53,1" doraHai="98" doraHaiUra="62" who="2" fromWho="2" sc="217,-27,161,-27,369,91,243,-27" />
</Scene>
<Scene>
<INIT seed="2,2,0,3,2,29" ten="190,134,460,216" oya="2" hai0="91,36,0,50,54,116,56,59,21,82,83,74,28" hai1="58,33,107,64,70,89,78,40,7,30,5,12,131" hai2="92,10,87,126,65,69,18,22,118,66,48,53,121" hai3="49,37,93,85,98,112,125,32,120,127,124,27,80"/><V88/><F118/><W99/><G37/><T96/><D0/><U117/><E117/><V135/><F121/><W84/><G120/><T75/><D36/><U67/><E107/><V109/><F135/><W105/><G112/><T133/><D116/><U45/><E70/><V62/><F126/><W35/><G27/><T132/><D28/><U81/><E89/><V34/><F34/><N who="3" m="12843" /><G105/><T130/><D21/><U24/><E131/><V110/><F10/><W72/><G49/><T57/><D130/><U63/><E67/><V106/><F106/><W86/><G93/><T2/><D2/><U134/><E134/><V77/><F77/><AGARI ba="2,0" hai="72,77,80,84,85,86,98,99,124,125,127" m="12843" machi="77" ten="40,8000,1" yaku="18,1,52,3" doraHai="29" who="3" fromWho="2" sc="190,0,134,0,460,-86,216,86" />
</Scene>
<Scene>
<INIT seed="3,0,0,1,3,109" ten="190,134,374,302" oya="3" hai0="110,39,78,134,88,123,62,122,80,29,16,60,26" hai1="49,127,82,116,81,121,65,35,0,107,108,84,41" hai2="114,63,124,58,131,20,118,94,37,92,5,77,43" hai3="64,9,51,54,83,15,66,59,97,18,73,120,3"/><W23/><G120/><T12/><D39/><U7/><E35/><V103/><F118/><W14/><G3/><T79/><D110/><U2/><E107/><V74/><F131/><W106/><G106/><T130/><D130/><U46/><E121/><V34/><F34/><W86/><G73/><T17/><D134/><U115/><E108/><V8/><F114/><W13/><G97/><T135/><D135/><U85/><E127/><V61/><F20/><W24/><REACH who="3" step="1"/><G9/><REACH who="3" ten="190,134,374,292" step="2"/><T27/><D123/><U11/><E2/><N who="2" m="55" /><F74/><W33/><G33/><T67/><D122/><U132/><E132/><V89/><F124/><W71/><G71/><T31/><D67/><U56/><E116/><V112/><F112/><W38/><G38/><T129/><D129/><U98/><E98/><V48/><F37/><W117/><G117/><T133/><D133/><U25/><E115/><V119/><F119/><W42/><G42/><T75/><D75/><U87/><E65/><V47/><F43/><W99/><G99/><T55/><D55/><U50/><E11/><V68/><F68/><W45/><G45/><T76/><D76/><AGARI ba="0,1" hai="13,14,15,18,23,24,51,54,59,64,66,76,83,86" machi="76" ten="40,3900,0" yaku="1,1,8,1,53,0" doraHai="109" doraHaiUra="102" who="3" fromWho="0" sc="190,-39,134,0,374,0,292,49" />
</Scene>
<Scene>
<INIT seed="3,1,0,2,1,46" ten="151,134,374,341" oya="3" hai0="122,111,86,134,81,65,124,93,58,79,53,14,110" hai1="133,24,20,57,126,107,101,34,48,54,94,119,5" hai2="100,114,75,125,117,123,33,15,118,55,3,45,72" hai3="121,27,130,120,129,52,131,59,47,74,97,6,60"/><W26/><G74/><T80/><D122/><N who="3" m="47209" /><G6/><T42/><D134/><U22/><E133/><V2/><F123/><W23/><G47/><T105/><D105/><U91/><E126/><V77/><F125/><W41/><G41/><T11/><D124/><U87/><E119/><V25/><F45/><W35/><G35/><T99/><D65/><U106/><E5/><V98/><F33/><W104/><G23/><T0/><D0/><U102/><E34/><V32/><F32/><W135/><G135/><T95/><D81/><U109/><E109/><N who="0" m="41481" /><D99/><U83/><E22/><V66/><F2/><W4/><G4/><N who="0" m="3431" /><D42/><U9/><E9/><V19/><F3/><W73/><G73/><T43/><D43/><U69/><E69/><V39/><F72/><W64/><G64/><T70/><D70/><U37/><E37/><V8/><F75/><W89/><G89/><T63/><AGARI ba="1,0" hai="53,58,63,79,80,86,93,95" m="3431,41481" machi="63" ten="30,1100,0" yaku="14,1" doraHai="46" who="0" fromWho="0" sc="151,14,134,-4,374,-4,341,-6" />
</Scene>
<Scene>
<INIT seed="4,0,0,0,5,37" ten="165,130,370,335" oya="0" hai0="1,8,78,109,94,38,126,60,112,32,107,90,132" hai1="106,88,22,35,31,39,36,7,13,30,19,34,23" hai2="99,58,114,121,133,41,10,52,14,80,116,55,11" hai3="18,100,42,46,104,44,2,83,122,15,113,57,111"/><T91/><D107/><U123/><E106/><V69/><F121/><W4/><G113/><T6/><D32/><N who="1" m="12331" /><E88/><V98/><F69/><W56/><G111/><T54/><D109/><U12/><E39/><V86/><F133/><W21/><G122/><T25/><D132/><U64/><E64/><V5/><F114/><W48/><G83/><T65/><D112/><U103/><E103/><V68/><F116/><W62/><G57/><T49/><D38/><U102/><E102/><V53/><F68/><W129/><G129/><T9/><D78/><U50/><E50/><V45/><F11/><W74/><G74/><T96/><D9/><N who="1" m="4159" /><E36/><V24/><F24/><W130/><G130/><T71/><D126/><U118/><E123/><V97/><F58/><W134/><G134/><T33/><D33/><U101/><E101/><V87/><F80/><W84/><G84/><T0/><D0/><U135/><E135/><V63/><F63/><W110/><G110/><T66/><D91/><U124/><E118/><V120/><F120/><W47/><G100/><T79/><D79/><U85/><E85/><V17/><F86/><W72/><G72/><T26/><D66/><U43/><E43/><V16/><F87/><W75/><G75/><T59/><AGARI ba="0,0" hai="1,6,8,25,26,49,54,59,60,65,71,90,94,96" machi="59" ten="20,2100,0" yaku="0,1,7,1" doraHai="37" who="0" fromWho="0" sc="165,21,130,-7,370,-7,335,-7" />
</Scene>
<Scene>
<INIT seed="4,1,0,1,5,89" ten="186,123,363,328" oya="0" hai0="92,71,47,5,50,96,108,74,32,54,125,18,0" hai1="42,53,8,88,116,7,70,87,78,72,118,67,55" hai2="86,79,83,134,39,58,37,65,130,56,22,69,101" hai3="4,36,135,102,80,51,12,114,44,31,91,132,57"/><T30/><D74/><U123/><E123/><V13/><F130/><W113/><G36/><T73/><D73/><U48/><E42/><V21/><F134/><W28/><G102/><T126/><D108/><U14/><E72/><V90/><F69/><W15/><G57/><T82/><D71/><U11/><E78/><V106/><F58/><W64/><G64/><T34/><D30/><U35/><E35/><V6/><F79/><W16/><G4/><T115/><D115/><N who="3" m="44041" /><G12/><T75/><D18/><U43/><E43/><V105/><F39/><W26/><G91/><T85/><D5/><U38/><E38/><V97/><F105/><W124/><G80/><T3/><D0/><U20/><E11/><V29/><F37/><W41/><G124/><N who="0" m="47723" /><D3/><U27/><E67/><V25/><F6/><W127/><G127/><T129/><D75/><U121/><E70/><V49/><F65/><W111/><G111/><T24/><D24/><U59/><E121/><V23/><F25/><W77/><G77/><N who="0" m="46287" /><D129/><U119/><E59/><V2/><F2/><W131/><G131/><T99/><D99/><U122/><E122/><V84/><F97/><W76/><G76/><T112/><D112/><U98/><E98/><V17/><F56/><W10/><G31/><T52/><D54/><U133/><E55/><V104/><F29/><W66/><G66/><T107/><D107/><U60/><E53/><V61/><F104/><W46/><G44/><T9/><D9/><U128/><E128/><V117/><F106/><W63/><G63/><T109/><D109/><U81/><E60/><V19/><F61/><RYUUKYOKU ba="1,0" sc="186,15,123,-15,363,-15,328,15" hai0="32,34,47,50,52,92,96" hai3="10,15,16,26,28,41,46,51,132,135" />
</Scene>
<Scene>
<INIT seed="4,2,0,4,2,31" ten="201,108,348,343" oya="0" hai0="121,39,79,101,66,18,16,118,43,71,125,25,37" hai1="20,94,56,106,133,44,4,98,61,13,77,53,120" hai2="96,78,128,45,58,99,12,72,21,34,73,117,87" hai3="52,22,30,10,80,40,89,17,47,5,59,124,46"/><T68/><D118/><U11/><E120/><V62/><F117/><W104/><G104/><T126/><D121/><U83/><E133/><V8/><F128/><W26/><G124/><N who="0" m="47723" /><D79/><U57/><E106/><V28/><F21/><W110/><G110/><T42/><D101/><U111/><E111/><V36/><F87/><W88/><G40/><N who="0" m="15403" /><D25/><U50/><E20/><V23/><F23/><W112/><G112/><T92/><D92/><U9/><E9/><V3/><F45/><W15/><G5/><T116/><D116/><U122/><E122/><V115/><F115/><W102/><G102/><T84/><D84/><U130/><E130/><V91/><F91/><N who="3" m="34891" /><G80/><T82/><D82/><U119/><E119/><V131/><F131/><W7/><G7/><T76/><D76/><U108/><E108/><V0/><F78/><W48/><AGARI ba="2,0" hai="10,15,17,22,26,30,46,47,48,52,59" m="34891" machi="48" ten="30,4000,0" yaku="8,1,54,2" doraHai="31" who="3" fromWho="3" sc="201,-22,108,-12,348,-12,343,46" />
</Scene>
<Scene>
<INIT seed="5,0,0,1,4,63" ten="179,96,336,389" oya="1" hai0="102,86,8,7,25,60,76,105,72,2,13,92,18" hai1="24,117,47,115,82,20,65,54,43,118,39,21,32" hai2="0,129,34,59,33,62,41,93,106,68,3,84,30" hai3="132,87,56,1,135,75,4,15,111,16,123,131,128"/><U134/><E115/><V77/><F106/><W64/><G75/><T81/><D25/><U31/><E134/><N who="3" m="51242" /><G111/><T45/><D45/><U80/><E54/><V101/><F68/><W121/><G1/><T97/><D60/><U103/><E103/><V58/><F129/><N who="3" m="49739" /><G4/><T66/><D66/><U27/><E32/><V14/><F3/><W9/><G87/><T113/><D113/><U107/><E107/><V28/><F0/><W126/><G56/><T94/><D72/><U55/><E55/><V51/><F59/><W104/><G104/><T114/><D114/><U133/><E133/><V71/><F84/><W130/><G130/><T70/><D70/><U83/><REACH who="1" step="1"/><E65/><REACH who="1" ten="179,86,336,389" step="2"/><V52/><F34/><W42/><G64/><T122/><D122/><N who="3" m="46601" /><G42/><T127/><D105/><U67/><E67/><V125/><F41/><W5/><G5/><T38/><D7/><U73/><E73/><V49/><F33/><W19/><G19/><AGARI ba="0,1" hai="19,20,21,24,27,31,39,43,47,80,82,83,117,118" machi="19" ten="40,7700,0" yaku="1,1,53,2" doraHai="63" doraHaiUra="22" who="1" fromWho="3" sc="179,0,86,87,336,0,389,-77" />
</Scene>
<Scene>
<INIT seed="5,1,0,4,5,12" ten="179,173,336,312" oya="1" hai0="108,104,127,113,123,119,42,124,31,132,88,80,134" hai1="106,68,63,82,59,98,112,81,89,70,41,121,40" hai2="67,51,131,125,105,128,107,56,43,109,95,117,18" hai3="5,73,111,16,30,57,13,11,45,118,79,50,23"/><U130/><E121/><V53/><F109/><W33/><G111/><T38/><D31/><U24/><E112/><V44/><F117/><W84/><G73/><T126/><D119/><U87/><E130/><N who="2" m="49707" /><F125/><W64/><G118/><T27/><D108/><U34/><E82/><V35/><F35/><W47/><G33/><T66/><D123/><U10/><E10/><V96/><F67/><W3/><G30/><T94/><D104/><U85/><E85/><V115/><F18/><W32/><G32/><T22/><D66/><N who="1" m="41055" /><E59/><V8/><F8/><W75/><G75/><T39/><D42/><U1/><E1/><V2/><F2/><W4/><G4/><T129/><D80/><U110/><E70/><V15/><F15/><W7/><G7/><T0/><D0/><U36/><E36/><N who="0" m="13865" /><D113/><U114/><E114/><V92/><F115/><W20/><G20/><T83/><D83/><U100/><E110/><V25/><F25/><N who="3" m="14567" /><G3/><T133/><D129/><U91/><E91/><N who="2" m="55327" /><F95/><W52/><G64/><T17/><D126/><U49/><E49/><AGARI ba="1,0" hai="43,44,49,51,53,56,105,107" m="55327,49707" machi="49" ten="30,1000,0" yaku="19,1" doraHai="12" who="2" fromWho="1" sc="179,0,173,-13,336,13,312,0" />
</Scene>
<Scene>
<INIT seed="6,0,0,2,1,59" ten="179,160,349,312" oya="2" hai0="60,68,48,135,43,125,9,89,94,54,78,121,33" hai1="81,38,115,112,18,66,77,82,51,62,26,134,118" hai2="52,23,83,1,53,32,79,74,80,5,92,31,29" hai3="132,17,4,13,7,123,130,30,65,37,8,0,122"/><V105/><F105/><W120/><G37/><T39/><D121/><U44/><E38/><V99/><F32/><W3/><G65/><T15/><D33/><U36/><E36/><V104/><F104/><W41/><G41/><T55/><D135/><U50/><E118/><V12/><F1/><N who="3" m="587" /><G132/><T40/><D125/><U35/><E134/><V24/><F29/><W56/><G56/><N who="0" m="34847" /><D68/><N who="1" m="42071" /><E44/><V93/><F93/><W116/><G116/><T131/><D131/><U75/><E82/><N who="2" m="31275" /><F74/><W2/><G130/><T42/><D39/><U90/><E90/><N who="2" m="55703" /><F79/><W76/><G76/><T47/><D78/><U22/><E35/><V19/><F31/><W64/><G64/><T58/><D47/><U25/><E25/><V11/><AGARI ba="0,0" hai="5,11,12,19,23,24,52,53" m="55703,31275" machi="11" ten="30,3000,0" yaku="8,1,54,1" doraHai="59" who="2" fromWho="2" sc="179,-10,160,-10,349,30,312,-10" />
</Scene>
<Scene>
<INIT seed="6,1,0,5,2,116" ten="169,150,379,302" oya="2" hai0="72,46,4,50,130,62,11,78,80,115,83,17,32" hai1="70,29,84,105,36,51,125,113,110,2,73,13,93" hai2="131,35,48,9,55,54,75,25,121,132,129,57,101" hai3="53,119,67,135,108,42,123,27,82,19,23,33,5"/><V0/><F121/><W91/><G108/><T77/><D130/><N who="2" m="49674" /><F75/><W98/><G119/><T117/><D115/><U63/><E36/><V38/><F38/><W39/><G33/><T30/><D117/><U90/><E2/><V41/><F41/><W97/><G67/><T21/><D32/><U74/><E110/><V66/><F132/><W44/><G135/><T45/><D30/><U37/><E37/><V124/><F124/><W85/><G5/><T133/><D133/><U87/><E105/><V122/><F122/><W65/><G123/><T96/><D96/><U104/><E104/><V59/><F101/><W95/><G65/><T14/><D62/><U10/><E29/><N who="2" m="19887" /><F66/><W47/><G53/><T120/><D50/><U92/><E51/><N who="2" m="30943" /><F9/><W49/><G39/><T58/><D58/><U12/><E125/><V1/><AGARI ba="1,0" hai="0,1,48,55,59" m="30943,19887,49674" machi="1" ten="30,1500,0" yaku="19,1" doraHai="116" who="2" fromWho="2" sc="169,-6,150,-6,379,18,302,-6" />
</Scene>
<Scene>
<INIT seed="6,2,0,1,3,7" ten="163,144,397,296" oya="2" hai0="75,32,52,120,97,124,58,0,21,26,121,14,1" hai1="82,112,118,46,127,81,116,126,43,62,84,128,23" hai2="86,9,57,106,15,74,125,39,95,99,93,55,5" hai3="8,42,47,64,110,66,16,101,17,67,20,90,31"/><V105/><F74/><W12/><G110/><T113/><D75/><U111/><E111/><V22/><F39/><W10/><G101/><T130/><D113/><U35/><E35/><V68/><F68/><W56/><G31/><T103/><D130/><U117/><E128/><V36/><F36/><W83/><G56/><T13/><D124/><N who="1" m="47659" /><E112/><V61/><F125/><W70/><G70/><T2/><D32/><U51/><E62/><V19/><F86/><N who="3" m="50527" /><G17/><T41/><D121/><U76/><E82/><V78/><F78/><W50/><AGARI ba="2,0" hai="8,10,12,16,20,42,47,50,64,66,67" m="50527" machi="50" ten="30,7900,0" yaku="8,1,52,2,54,1" doraHai="7" who="3" fromWho="3" sc="163,-22,144,-22,397,-41,296,85" />
</Scene>
<Scene>
<INIT seed="7,0,0,3,0,51" ten="141,122,356,381" oya="3" hai0="94,76,90,24,80,103,96,135,106,116,83,100,79" hai1="95,119,8,33,61,12,105,43,54,29,36,17,89" hai2="98,64,74,63,14,72,107,13,110,73,50,75,56" hai3="102,32,118,1,34,40,134,65,101,15,115,88,30"/><W48/><G1/><T127/><D116/><U49/><E105/><V87/><F110/><W129/><G118/><T68/><D68/><U126/><E119/><V53/><N who="2" m="18432" /><DORA hai="16" /><V78/><F78/><N who="0" m="29738" /><D24/><U37/><E126/><V38/><F38/><W133/><G129/><T5/><D5/><U22/><E33/><V77/><F107/><W44/><G115/><T91/><D127/><U47/><E29/><V69/><REACH who="2" step="1"/><F98/><REACH who="2" ten="141,122,346,381" step="2"/><W11/><G65/><T7/><D106/><U108/><E108/><V52/><F52/><W18/><G133/><T111/><D135/><U132/><E132/><V0/><F0/><W109/><G109/><T70/><D111/><U92/><E37/><V71/><F71/><W67/><G134/><T81/><D70/><U60/><E8/><V58/><F58/><W128/><G128/><T99/><D7/><U23/><E23/><V45/><F45/><W10/><G11/><T46/><D46/><U82/><E36/><V55/><F55/><W62/><G32/><T131/><D131/><U31/><E31/><V25/><F25/><W125/><G125/><T123/><D123/><U3/><E3/><V57/><F57/><N who="3" m="37327" /><G34/><T93/><AGARI ba="0,1" hai="80,81,83,90,91,93,94,96,99,100,103" m="29738" machi="93" ten="30,12000,2" yaku="8,1,35,5" doraHai="51,16" who="0" fromWho="0" sc="141,130,122,-30,346,-30,381,-60" owari="271,-13.0,92,-41.0,316,12.0,321,42.0" />
</Scene>
</mjloggm>