<mjloggm ver="2.3"><GO type="169" lobby="0"/><UN n0="%41%53%41%50%49%4E" n1="%43%4F%52%41%4C" n2="%E6%A1%82%E3%83%92%E3%83%8A%E3%82%AE%E3%82%AF" n3="%E6%82%A0%E9%9B%85" dan="18,17,16,16" rate="2261.23,2109.42,2105.51,2029.28" sx="M,M,F,M"/><TAIKYOKU oya="0"/>

<Scene>
<INIT seed="0,0,0,0,3,18" ten="250,250,250,250" oya="0" hai0="55,101,118,110,122,77,134,90,8,60,84,95,117" hai1="97,67,123,89,36,82,16,32,45,120,22,40,27" hai2="26,106,33,62,53,96,75,66,59,5,12,83,35" hai3="65,131,47,3,4,64,48,99,25,61,94,76,111"/><T86/><D122/><U71/><E32/><V128/><F128/><W125/><G131/><T34/><D34/><U11/><E11/><V108/><F108/><W87/><G111/><T119/><D110/><U38/><E38/><V100/><F53/><W2/><G65/><T49/><D134/><U121/><E67/><V9/><F26/><W13/><G125/><T30/><D30/><U28/><E71/><V68/><F59/><W79/><G79/><T56/><D101/><U20/><E123/><V113/><F113/><W127/><G127/><T103/><D103/><U70/><E70/><V29/><F29/><W107/><G107/><T130/><D130/><U15/><REACH who="1" step="1"/><E82/><REACH who="1" ten="250,240,250,250" step="2"/><V24/><F35/><W6/><G64/><N who="0" m="38919" /><D8/><U88/><E88/><V1/><F33/><W109/><G109/><T7/><D119/><U39/><E39/><V132/><F132/><W133/><G133/><T116/><D118/><U37/><E37/><V72/><F83/><W23/><G2/><T92/><D116/><U112/><E112/><V31/><F1/><W85/><G3/><T124/><D117/><U21/><E21/><V105/><F105/><W114/><G23/><T57/><D124/><U43/><E43/><V81/><F81/><W102/><G114/><T44/><D77/><U0/><E0/><V10/><F9/><W58/><G76/><T135/><D135/><U104/><E104/><V126/><F126/><W129/><G129/><T63/><D7/><U93/><AGARI ba="0,1" hai="15,16,20,22,27,28,36,40,45,89,93,97,120,121" machi="93" ten="30,8000,1" yaku="1,1,0,1,52,2,54,1,53,0" doraHai="18" doraHaiUra="74" who="1" fromWho="1" sc="250,-40,240,90,250,-20,250,-20" />
</Scene>
<Scene>
<INIT seed="1,0,0,2,4,78" ten="210,330,230,230" oya="1" hai0="27,107,79,72,38,63,135,11,0,25,6,53,71" hai1="97,94,1,106,68,47,124,104,88,19,2,16,49" hai2="52,28,33,115,102,45,4,89,110,105,12,56,100" hai3="117,31,13,35,5,81,65,57,76,84,131,87,32"/><U70/><E124/><V112/><F110/><W129/><G117/><T8/><D135/><U43/><E2/><V85/><F45/><W23/><G31/><T118/><D118/><U120/><E1/><V67/><F67/><W29/><G29/><T22/><D107/><U64/><E120/><V10/><F28/><W95/><G65/><T83/><D22/><U132/><E132/><V51/><F33/><W42/><G57/><T127/><D127/><U90/><E90/><V123/><F123/><W113/><G42/><T75/><D75/><U125/><E125/><V34/><F34/><W18/><G113/><N who="2" m="43593" /><F105/><W9/><G87/><T40/><D11/><U69/><E64/><V50/><F50/><W99/><G131/><T74/><D74/><U21/><REACH who="1" step="1"/><E19/><REACH who="1" ten="210,320,230,230" step="2"/><V17/><F17/><W59/><G129/><T7/><D0/><U80/><E80/><AGARI ba="0,1" hai="4,10,12,51,52,56,80,85,89,100,102" m="43593" machi="80" ten="30,3900,0" yaku="11,1,52,1,54,1" doraHai="78" who="2" fromWho="1" sc="210,0,320,-39,230,49,230,0" />
</Scene>
<Scene>
<INIT seed="2,0,0,5,5,41" ten="210,281,279,230" oya="2" hai0="6,54,78,122,96,99,76,15,17,130,38,92,27" hai1="120,65,131,33,22,43,37,70,126,86,16,134,135" hai2="75,28,50,59,81,66,45,26,95,124,79,49,129" hai3="103,89,132,58,85,34,127,115,88,5,74,52,69"/><V105/><F105/><W1/><G69/><T30/><D122/><U44/><E33/><V104/><F104/><W111/><G74/><T114/><D114/><U128/><E120/><V3/><F3/><W113/><G111/><T84/><D130/><N who="1" m="49707" /><E86/><V133/><F129/><W7/><G34/><T19/><D38/><U98/><E98/><V71/><F133/><N who="1" m="50697" /><E65/><V62/><F124/><W21/><G127/><T10/><D96/><U11/><E11/><V40/><F95/><W20/><G132/><T23/><D54/><U101/><E101/><V8/><F8/><W0/><G103/><N who="0" m="60903" /><D84/><U77/><E77/><AGARI ba="0,0" hai="6,10,15,17,19,23,27,30,76,77,78" m="60903" machi="77" ten="30,1000,0" yaku="8,1" doraHai="41" who="0" fromWho="1" sc="210,10,281,-10,279,0,230,0" />
</Scene>
<Scene>
<INIT seed="3,0,0,2,2,120" ten="220,271,279,230" oya="3" hai0="41,130,14,7,100,66,32,116,117,19,20,87,70" hai1="104,94,35,113,8,39,91,6,52,98,101,124,59" hai2="64,54,26,133,74,53,21,57,58,108,129,18,95" hai3="28,80,122,68,30,48,1,65,42,76,119,81,45"/><W10/><G122/><T72/><D32/><U88/><E35/><V79/><F64/><W127/><G119/><T121/><D121/><U62/><E113/><V86/><F74/><W111/><G127/><T82/><D72/><U9/><E39/><V105/><F105/><W102/><G81/><T51/><D130/><U106/><E124/><V37/><F37/><W31/><G102/><T126/><D126/><U69/><E69/><V63/><F129/><W43/><G68/><T2/><D100/><U61/><E9/><V110/><F133/><W49/><G65/><T75/><D75/><U38/><E38/><V99/><F86/><W46/><G1/><T27/><D2/><U40/><E40/><V77/><F77/><W73/><REACH who="3" step="1"/><G10/><REACH who="3" ten="220,271,279,220" step="2"/><T93/><D66/><U84/><E106/><V36/><F79/><W131/><G131/><T123/><D82/><U67/><E67/><V109/><F36/><W47/><G47/><T55/><D70/><U118/><E118/><V103/><F58/><W24/><G24/><T0/><D0/><U115/><E115/><V135/><F135/><W114/><G114/><T107/><D107/><U50/><E91/><V92/><F54/><W85/><G85/><T22/><D55/><U16/><E104/><V132/><F132/><W13/><G13/><T17/><D123/><U12/><E101/><V34/><F95/><W128/><G128/><T23/><D117/><U89/><E6/><V44/><F44/><W15/><G15/><T25/><D116/><U11/><E11/><V112/><F112/><W56/><G56/><T33/><D7/><RYUUKYOKU ba="0,1" sc="220,-30,271,10,279,10,220,10" hai1="8,12,16,50,52,59,61,62,84,88,89,94,98" hai2="18,21,26,34,53,57,63,92,99,103,108,109,110" hai3="28,30,31,42,43,45,46,48,49,73,76,80,111" />
</Scene>
<Scene>
<INIT seed="3,1,1,1,5,111" ten="190,281,289,230" oya="3" hai0="119,75,66,133,55,52,91,14,51,115,104,64,22" hai1="126,73,8,109,107,121,112,77,127,47,45,43,72" hai2="16,26,114,94,39,5,37,44,74,85,79,3,78" hai3="57,46,25,49,65,38,2,7,15,96,98,20,70"/><W69/><G38/><T13/><D119/><U0/><E121/><V62/><F74/><N who="1" m="28777" /><E77/><V23/><F114/><W92/><G2/><T30/><D75/><U9/><E107/><V113/><F113/><W53/><G96/><T129/><D104/><U42/><E112/><V105/><F105/><W120/><G120/><T40/><D129/><U21/><E21/><V99/><F62/><W80/><G80/><T102/><D133/><U56/><E56/><V27/><F27/><W18/><G7/><T58/><D102/><U84/><E84/><V54/><F85/><W108/><G108/><T89/><D115/><U122/><E122/><V71/><F71/><W29/><G57/><N who="0" m="32927" /><D40/><N who="1" m="15403" /><E109/><V131/><F131/><W110/><G65/><N who="0" m="25195" /><D30/><U48/><E48/><V132/><F132/><W83/><G83/><T125/><D22/><U33/><E33/><V1/><F5/><W128/><G128/><T134/><D134/><U59/><E59/><V103/><F1/><W97/><G97/><T41/><D41/><U68/><E68/><V90/><F3/><W88/><REACH who="3" step="1"/><G110/><REACH who="3" ten="190,281,289,220" step="2"/><T19/><D58/><U60/><E0/><V116/><F116/><W101/><G101/><T93/><D89/><U28/><E60/><V11/><F37/><W36/><G36/><T81/><D91/><U4/><E4/><V100/><F39/><W123/><G123/><T117/><D117/><U32/><E47/><V76/><F11/><AGARI ba="1,2" hai="11,15,18,20,25,29,46,49,53,69,70,88,92,98" machi="11" ten="30,11600,0" yaku="1,1,7,1,54,1,53,1" doraHai="111" doraHaiUra="95" who="3" fromWho="2" sc="190,0,281,0,289,-119,220,139" />
</Scene>
<Scene>
<INIT seed="3,2,0,0,3,13" ten="190,281,170,359" oya="3" hai0="43,40,23,26,15,0,83,57,22,1,110,97,102" hai1="104,37,107,73,124,19,2,8,76,56,31,119,12" hai2="123,51,96,34,72,25,117,99,20,118,98,111,30" hai3="52,38,90,18,28,39,80,46,100,108,60,121,44"/><W74/><G121/><T33/><D110/><U63/><E37/><V122/><F111/><W116/><G116/><N who="2" m="44649" /><F72/><W61/><G108/><T54/><D33/><U53/><E119/><V69/><F69/><W113/><G113/><T89/><D1/><U103/><E124/><V9/><F9/><W10/><G100/><T131/><D0/><U94/><E2/><V64/><F64/><W128/><G28/><T82/><D131/><U68/><E68/><V29/><F51/><N who="3" m="28775" /><G74/><T126/><D15/><U86/><E31/><N who="2" m="11787" /><F34/><W59/><G128/><T88/><D126/><U85/><E73/><V35/><F35/><W93/><G38/><T41/><D82/><U78/><E107/><V62/><F62/><W67/><G61/><N who="0" m="36023" /><D83/><U84/><REACH who="1" step="1"/><E104/><REACH who="1" ten="190,271,170,359" step="2"/><V66/><F122/><W127/><G39/><T5/><D43/><U106/><E106/><V32/><F123/><W42/><G127/><T58/><D41/><U24/><E24/><V135/><F32/><W114/><G42/><T55/><D26/><U27/><E27/><V115/><F25/><W129/><G129/><T81/><D40/><U65/><E65/><V77/><F66/><W101/><G67/><T11/><D55/><U91/><E91/><V120/><F120/><W70/><G90/><T50/><D88/><U92/><E92/><V130/><F130/><W7/><G93/><N who="0" m="58671" /><D89/><U125/><E125/><V47/><F115/><W79/><G114/><T95/><D95/><U105/><E105/><V134/><F77/><W112/><G112/><T4/><D81/><U49/><E49/><V14/><F47/><W45/><G79/><RYUUKYOKU ba="2,1" sc="190,-15,271,15,170,15,359,-15" hai1="8,12,19,53,56,63,76,78,84,85,86,94,103" hai2="14,20,96,98,99,134,135" />
</Scene>
<Scene>
<INIT seed="4,3,1,4,4,90" ten="175,286,185,344" oya="0" hai0="82,114,79,101,135,134,16,53,13,120,54,118,75" hai1="96,68,38,132,0,3,113,91,80,10,66,103,130" hai2="122,58,43,73,46,61,42,64,86,9,22,15,60" hai3="34,62,36,18,124,110,111,81,27,94,29,76,40"/><T121/><D118/><U8/><E38/><V25/><F73/><W7/><G124/><T87/><D114/><U30/><E30/><V67/><F122/><W32/><G32/><T133/><D101/><U126/><E68/><V65/><F86/><W125/><G125/><T127/><D127/><U119/><E66/><V20/><F67/><W1/><G62/><T21/><D75/><U48/><E48/><N who="2" m="26711" /><F43/><W24/><G24/><T97/><REACH who="0" step="1"/><D97/><REACH who="0" ten="165,286,185,344" step="2"/><U35/><E96/><V19/><F25/><W47/><G27/><T56/><D56/><AGARI ba="3,2" hai="9,15,19,20,22,56,58,60,61,64,65" m="26711" machi="56" ten="30,1000,0" yaku="8,1" doraHai="90" who="2" fromWho="0" sc="165,-19,286,0,185,39,344,0" />
</Scene>
<Scene>
<INIT seed="5,0,0,1,1,79" ten="146,286,224,344" oya="1" hai0="22,8,83,57,51,129,60,98,125,109,46,75,103" hai1="6,64,5,80,12,24,78,50,85,124,106,132,62" hai2="63,93,38,19,45,2,87,66,102,41,119,53,88" hai3="30,104,4,15,117,95,35,9,114,73,110,89,47"/><U49/><E106/><V71/><F119/><W122/><G104/><T123/><D109/><U84/><E132/><V13/><F2/><W61/><G110/><T69/><D69/><U115/><E115/><V121/><F121/><W56/><G114/><T134/><D134/><U17/><E24/><V76/><F76/><W28/><G122/><T14/><D123/><U94/><E124/><V18/><F102/><W99/><G117/><T3/><D125/><U120/><E120/><V113/><F113/><W0/><G73/><T108/><D108/><U133/><E133/><V40/><F40/><W7/><G35/><T116/><D116/><U54/><E50/><V101/><F101/><W27/><G47/><T43/><D129/><U23/><E94/><V34/><F34/><W55/><G0/><T128/><D128/><U130/><E85/><V44/><F13/><W81/><G27/><T74/><D3/><U126/><E126/><V97/><F97/><W77/><G4/><T52/><D22/><U33/><E33/><V92/><F93/><W1/><G1/><T26/><D26/><U131/><E131/><V68/><F71/><W90/><G77/><T112/><D112/><U100/><E100/><V127/><F127/><W10/><G10/><T39/><D39/><U36/><E36/><V58/><F44/><W70/><G70/><T96/><D103/><U59/><REACH who="1" step="1"/><E130/><REACH who="1" ten="146,276,224,344" step="2"/><V111/><F111/><W72/><G72/><T82/><D75/><U135/><E135/><V25/><F25/><W105/><G105/><T86/><D74/><U16/><E16/><V48/><AGARI ba="0,1" hai="18,19,38,41,45,48,53,58,63,66,68,87,88,92" machi="48" ten="20,12000,2" yaku="5,1,0,1,7,1,24,2,54,1" doraHai="79" who="2" fromWho="2" sc="146,-30,276,-60,224,130,344,-30" />
</Scene>
<Scene>
<INIT seed="6,0,0,4,3,112" ten="116,216,354,314" oya="2" hai0="43,84,90,6,111,129,53,5,86,92,50,122,32" hai1="26,52,47,23,35,9,106,88,15,108,119,116,124" hai2="77,34,2,58,66,95,70,3,7,24,72,115,27" hai3="44,98,113,125,83,131,22,135,134,81,107,118,91"/><V79/><F70/><W120/><G120/><T20/><D111/><U31/><E106/><V8/><F115/><W40/><G113/><T105/><D122/><U21/><E108/><V126/><F126/><W75/><G125/><T49/><D105/><U121/><E124/><V19/><F2/><W46/><G46/><T69/><D69/><U82/><E121/><V78/><F72/><W45/><G45/><T102/><D32/><U123/><E123/><V133/><F133/><W104/><G22/><T130/><D102/><U54/><E54/><V11/><F34/><W68/><G68/><T128/><D43/><U87/><E23/><V17/><F95/><W4/><G4/><T117/><D117/><U100/><E100/><V39/><F39/><W13/><G118/><T76/><D20/><U74/><E74/><V67/><F7/><W85/><G104/><T65/><D65/><N who="2" m="24586" /><F58/><W56/><G56/><T110/><D110/><U48/><REACH who="1" step="1"/><E35/><REACH who="1" ten="116,206,354,314" step="2"/><V29/><F11/><W28/><G75/><T41/><D41/><U71/><E71/><V30/><F8/><W55/><G107/><T10/><D53/><U18/><AGARI ba="0,1" hai="9,15,18,21,26,31,47,48,52,82,87,88,116,119" machi="18" ten="20,16000,3" yaku="1,1,0,1,7,1,25,2,52,2,54,2,53,0" doraHai="112" doraHaiUra="1" who="1" fromWho="1" sc="116,-40,206,170,354,-80,314,-40" />
</Scene>
<Scene>
<INIT seed="7,0,0,0,3,52" ten="76,376,274,274" oya="3" hai0="37,59,95,79,16,51,29,101,26,48,135,77,40" hai1="31,70,106,110,115,3,67,86,87,125,123,44,74" hai2="63,64,47,1,114,6,111,30,19,62,69,39,28" hai3="85,41,88,92,130,22,134,34,32,14,94,7,99"/><W122/><G122/><T109/><D109/><U132/><E31/><V33/><F111/><W54/><G134/><T27/><D135/><U108/><E87/><V98/><F114/><W73/><G73/><T45/><D37/><U50/><E86/><V91/><F63/><W56/><G130/><T8/><D29/><U35/><E67/><V112/><F112/><W100/><G41/><T96/><D26/><U83/><E83/><V90/><F1/><W129/><G129/><T71/><D71/><U65/><E65/><V118/><F6/><W46/><G46/><T121/><D121/><U84/><E84/><V120/><F120/><W17/><G7/><T0/><D0/><U89/><E89/><V15/><F118/><W55/><G55/><T75/><D75/><U93/><E93/><V105/><F98/><W9/><G9/><T4/><D4/><U13/><E108/><V11/><F105/><W25/><G25/><T97/><D97/><U117/><E44/><V116/><F116/><W20/><G20/><T5/><D5/><U12/><E110/><V21/><F33/><W131/><G131/><T42/><D42/><U61/><E132/><V124/><F124/><W57/><G57/><T128/><D128/><U68/><E125/><V126/><F126/><W81/><G81/><T2/><D2/><U72/><E70/><V58/><F69/><W127/><G127/><T102/><D102/><U10/><E72/><V36/><F47/><W18/><G18/><T107/><D107/><U119/><E74/><V38/><F11/><W60/><AGARI ba="0,0" hai="14,17,22,32,34,54,56,60,85,88,92,94,99,100" machi="60" ten="20,7800,0" yaku="0,1,7,1,52,1,54,1" doraHai="52" who="3" fromWho="3" sc="76,-26,376,-26,274,-26,274,78" owari="50,-45.0,350,15.0,248,-15.0,352,45.0" />
</Scene>
</mjloggm>