<mjloggm ver="2.3"><GO type="169"/><UN n0="%43%4F%52%41%4C" n1="%43%2D%E3%83%93%E3%83%83%E3%82%AF" n2="%E3%81%A4%E3%81%B0%E3%81%8D%E3%81%A1%30%33" n3="%41%53%41%50%49%4E" dan="17,17,17,19" rate="2118,2075,2207,2189" sx="M,M,M,M"/><TAIKYOKU oya="0"/>

<Scene>
<INIT seed="0,0,0,3,3,115" ten="250,250,250,250" oya="0" hai0="133,10,85,104,127,18,51,131,101,46,5,96,45" hai1="83,39,88,126,47,78,84,65,9,55,99,108,80" hai2="107,114,1,54,11,44,121,105,89,12,13,74,120" hai3="103,132,69,14,113,73,42,100,60,116,56,72,111"/><T87/><D133/><U70/><E108/><V32/><F32/><W52/><G113/><T91/><D131/><U53/><E126/><V6/><F74/><W49/><G111/><T117/><D117/><U23/><E70/><V75/><F75/><W86/><G132/><T134/><D127/><U128/><E65/><V30/><F30/><W90/><G116/><T64/><D64/><U31/><E128/><V95/><F107/><W59/><G69/><T4/><D87/><U112/><E112/><V34/><F34/><W58/><G72/><T16/><D134/><U79/><E9/><V106/><F106/><W21/><G73/><T25/><D25/><N who="1" m="16831" /><E39/><V92/><F105/><W41/><G41/><T76/><D76/><N who="1" m="29227" /><E99/><V67/><F67/><N who="3" m="39327" /><G58/><T15/><D18/><U62/><E62/><V33/><F33/><W77/><G42/><T22/><D22/><U63/><E63/><V36/><F114/><W37/><G37/><T35/><D35/><U135/><E135/><V8/><F36/><W3/><G3/><T119/><D119/><U124/><E124/><V17/><F1/><W109/><G77/><T57/><D57/><U81/><E47/><V61/><F61/><W27/><G27/><T43/><REACH who="0" step="1"/><D46/><REACH who="0" ten="240,250,250,250" step="2"/><U129/><E129/><V48/><F95/><AGARI ba="0,1" hai="4,5,10,15,16,43,45,51,85,91,95,96,101,104" machi="95" ten="30,12000,1" yaku="1,1,2,1,7,1,54,1,53,1" doraHai="115" doraHaiUra="7" who="0" fromWho="2" sc="240,130,250,0,250,-120,250,0" /><AGARI ba="0,0" hai="53,55,80,81,83,84,88,95" m="29227,16831" machi="95" ten="30,2000,0" yaku="8,1,54,1" doraHai="115" who="1" fromWho="2" sc="370,0,250,20,130,-20,250,0" />
</Scene>
<Scene>
<INIT seed="0,1,0,3,1,113" ten="370,270,110,250" oya="0" hai0="21,36,121,106,117,8,91,57,83,84,56,48,9" hai1="115,114,116,112,52,6,92,22,35,19,44,60,43" hai2="99,127,101,16,102,39,118,33,28,108,85,15,62" hai3="98,111,73,133,132,87,41,11,63,51,54,96,81"/><T128/><D106/><U27/><E35/><V64/><F39/><W119/><G73/><T17/><D36/><U74/><E74/><V20/><F108/><W53/><G111/><T75/><D75/><U90/><E6/><V88/><F127/><W109/><G109/><T24/><D121/><U97/><E116/><V7/><F7/><W2/><G119/><T40/><D128/><U50/><REACH who="1" step="1"/><E60/><REACH who="1" ten="370,260,110,250" step="2"/><V67/><F118/><W14/><G63/><T69/><D117/><U110/><E110/><V129/><F129/><W93/><G132/><T32/><D32/><U25/><E25/><V126/><F126/><W37/><G133/><T82/><D69/><U122/><E122/><V26/><F99/><W79/><G96/><T46/><D82/><U30/><E30/><V38/><F38/><W107/><G81/><T131/><D131/><U1/><E1/><V72/><F72/><W42/><G2/><T100/><D100/><U34/><E34/><V49/><F49/><W135/><G51/><T10/><AGARI ba="1,1" hai="8,9,10,17,21,24,40,46,48,56,57,83,84,91" machi="10" ten="30,3000,0" yaku="0,1,8,1" doraHai="113" who="0" fromWho="0" sc="370,43,260,-11,110,-11,250,-11" />
</Scene>
<Scene>
<INIT seed="0,2,0,3,5,52" ten="413,249,99,239" oya="0" hai0="93,60,41,108,116,20,7,83,81,126,124,87,69" hai1="97,28,128,24,90,5,18,32,27,71,76,12,1" hai2="134,133,92,49,102,88,111,58,85,84,114,3,106" hai3="6,23,72,10,109,78,122,65,130,55,13,99,73"/><T0/><D116/><U120/><E120/><V9/><F114/><W112/><G112/><T66/><D41/><U36/><E71/><V91/><F3/><W14/><G122/><T127/><D108/><U51/><E36/><V89/><F9/><W94/><G109/><T132/><D132/><N who="2" m="50794" /><F111/><W39/><G39/><T33/><D33/><U79/><E27/><V67/><F49/><W123/><G123/><T64/><D64/><U59/><E128/><V15/><F15/><W110/><G110/><T19/><D0/><U107/><E5/><V115/><F115/><W38/><G130/><T2/><D7/><U30/><E1/><V125/><F125/><W4/><G65/><T68/><D2/><U104/><E28/><V135/><N who="2" m="50802" /><V53/><DORA hai="35" /><F53/><W121/><G121/><T95/><D69/><U43/><E12/><V21/><F21/><W50/><G38/><T16/><D19/><U129/><E129/><V8/><F8/><W40/><G40/><T11/><D11/><U46/><E18/><V96/><F106/><W56/><G23/><T17/><D17/><U98/><E107/><V57/><F57/><W44/><G13/><N who="0" m="9231" /><D81/><U42/><E42/><V119/><F119/><W48/><G6/><T131/><D131/><U105/><E105/><V62/><AGARI ba="2,0" hai="58,62,67,84,85,88,89,91,92,96,102" m="50802" machi="62" ten="50,6400,0" yaku="20,1,52,1,54,1" doraHai="52,35" who="2" fromWho="2" sc="413,-34,249,-18,99,70,239,-18" />
</Scene>
<Scene>
<INIT seed="1,0,0,0,0,92" ten="379,231,169,221" oya="1" hai0="58,105,130,125,1,122,123,43,31,95,61,33,88" hai1="120,108,50,13,97,30,22,17,5,67,9,53,86" hai2="75,18,107,7,23,74,60,124,62,99,8,28,15" hai3="36,96,46,0,113,112,57,63,68,91,38,77,29"/><U45/><E120/><V54/><F28/><W98/><G68/><T100/><D1/><U14/><E108/><V85/><F85/><W90/><G0/><T73/><D73/><U11/><E67/><V65/><F54/><W93/><G29/><T129/><D43/><U71/><E71/><V21/><F124/><W116/><G77/><T94/><D105/><U12/><E86/><V76/><F23/><W118/><G46/><T20/><D33/><U121/><E121/><N who="0" m="46089" /><D125/><U10/><E30/><V117/><F117/><N who="3" m="45163" /><G91/><T2/><D2/><U110/><E110/><V126/><F126/><W66/><G96/><N who="0" m="59415" /><D31/><U59/><E97/><V79/><F79/><W64/><G64/><N who="0" m="38967" /><D20/><U104/><E104/><V119/><F119/><W103/><G103/><T40/><D40/><N who="1" m="24871" /><E13/><V44/><F107/><W131/><G38/><T115/><D115/><U41/><E41/><V26/><F75/><W55/><G36/><T102/><D102/><U48/><AGARI ba="0,0" hai="5,9,10,11,12,14,17,22,48,53,59" m="24871" machi="48" ten="30,1500,0" yaku="8,1" doraHai="92" who="1" fromWho="1" sc="379,-5,231,15,169,-5,221,-5" />
</Scene>
<Scene>
<INIT seed="1,1,0,5,1,8" ten="374,246,164,216" oya="1" hai0="14,98,113,59,23,70,129,92,85,126,28,89,123" hai1="38,69,32,57,110,19,27,64,116,68,77,94,9" hai2="124,78,26,21,108,96,43,82,134,36,81,79,105" hai3="30,100,35,84,73,13,131,106,22,1,115,7,56"/><U133/><E116/><V25/><F108/><W107/><G115/><T51/><D70/><U33/><E38/><V60/><F124/><W11/><G73/><T83/><D113/><U53/><E77/><V34/><F134/><W88/><G131/><T31/><D126/><U86/><E133/><V104/><F60/><W15/><G100/><T61/><D129/><U4/><E64/><V37/><F21/><W101/><G101/><N who="0" m="60615" /><D51/><U20/><E110/><V54/><F96/><W24/><G56/><T44/><D44/><U117/><E117/><V63/><F63/><W3/><G3/><T29/><D123/><U2/><E69/><V112/><F54/><W122/><G122/><T99/><D99/><U87/><E68/><V42/><REACH who="2" step="1"/><F112/><REACH who="2" ten="374,246,154,216" step="2"/><W132/><G132/><T10/><D23/><U47/><E53/><V62/><F62/><W75/><G75/><T72/><D72/><U16/><E20/><V41/><F41/><W66/><G66/><N who="0" m="39231" /><D31/><U80/><E32/><AGARI ba="1,1" hai="25,26,32,34,36,37,42,43,78,79,81,82,104,105" machi="32" ten="25,3200,0" yaku="1,1,22,2,53,0" doraHai="8" doraHaiUra="46" who="2" fromWho="1" sc="374,0,246,-35,154,45,216,0" />
</Scene>
<Scene>
<INIT seed="2,0,0,5,2,51" ten="374,211,199,216" oya="2" hai0="115,78,119,32,87,76,43,10,59,121,22,16,19" hai1="9,135,63,60,66,7,36,99,6,94,56,39,129" hai2="106,88,68,44,97,112,122,4,15,130,62,82,96" hai3="126,80,127,46,72,107,113,33,69,18,42,75,17"/><V45/><F122/><W48/><G69/><T124/><D32/><U116/><E116/><V73/><F112/><W0/><G0/><T85/><D115/><U95/><E135/><V29/><F130/><W105/><G33/><T11/><D121/><U64/><E129/><V67/><F29/><W123/><G123/><T117/><D43/><U27/><E27/><V41/><F106/><N who="3" m="40459" /><G113/><T79/><D59/><U125/><E125/><N who="3" m="47626" /><G80/><T65/><D124/><U111/><E111/><V120/><F120/><W52/><G42/><T13/><D65/><U21/><E21/><V92/><F97/><W55/><G55/><T8/><D19/><AGARI ba="0,0" hai="17,18,19,46,48,52,72,75" m="47626,40459" machi="19" ten="30,3900,0" yaku="18,1,52,1,54,1" doraHai="51" who="3" fromWho="0" sc="374,-39,211,0,199,0,216,39" />
</Scene>
<Scene>
<INIT seed="3,0,0,0,1,58" ten="335,211,199,255" oya="3" hai0="20,38,90,82,25,56,36,108,128,50,3,45,15" hai1="21,48,122,78,22,75,86,97,10,18,133,8,39" hai2="81,131,73,72,105,70,85,16,59,101,60,14,5" hai3="33,120,95,106,102,99,24,0,6,79,135,47,117"/><W35/><G117/><T103/><D3/><U132/><E122/><V127/><F70/><W11/><G120/><T62/><D108/><U9/><E39/><V93/><F105/><W123/><G123/><T28/><D128/><U83/><E97/><N who="2" m="59567" /><F73/><W77/><G135/><N who="1" m="51786" /><E18/><V121/><F72/><W66/><G95/><T30/><D103/><U23/><E48/><V96/><F127/><W92/><G92/><T43/><D36/><U124/><E124/><V84/><F131/><W100/><G100/><T17/><D38/><U34/><E34/><V13/><F96/><W109/><G109/><T65/><D15/><U114/><E75/><V126/><F126/><W94/><G94/><T61/><D82/><U27/><E27/><V87/><F121/><W32/><G24/><T134/><D134/><U69/><E69/><V112/><F112/><AGARI ba="0,0" hai="8,9,10,21,22,23,78,83,86,112,114" m="51786" machi="112" ten="40,1300,0" yaku="20,1" doraHai="58" who="1" fromWho="2" sc="335,0,211,13,199,-13,255,0" />
</Scene>
<Scene>
<INIT seed="4,0,0,4,5,21" ten="335,224,186,255" oya="0" hai0="106,120,95,6,62,3,32,119,75,51,124,70,72" hai1="18,132,54,17,31,25,13,110,89,130,80,58,48" hai2="39,79,15,117,52,135,71,88,105,94,112,46,44" hai3="16,107,113,86,36,87,8,14,131,9,122,109,85"/><T27/><D120/><U61/><E110/><V50/><F105/><W10/><G109/><T41/><D106/><U63/><E132/><V93/><F71/><W24/><G107/><T47/><D119/><U100/><E130/><V111/><F111/><W33/><G36/><T104/><D104/><U126/><E126/><V49/><F39/><W11/><G131/><T0/><D0/><U98/><E100/><V84/><F112/><W99/><G113/><T82/><D124/><U121/><E121/><V2/><F2/><W108/><G108/><T92/><D70/><U134/><E134/><V129/><F129/><W42/><G122/><T12/><D62/><U101/><E101/><V96/><F117/><W97/><REACH who="3" step="1"/><G42/><REACH who="3" ten="335,224,186,245" step="2"/><T114/><D114/><U74/><E74/><V5/><F135/><W30/><AGARI ba="0,1" hai="8,9,10,11,14,16,24,30,33,85,86,87,97,99" machi="30" ten="40,8000,1" yaku="1,1,2,1,0,1,52,1,54,1,53,0" doraHai="21" doraHaiUra="68" who="3" fromWho="3" sc="335,-40,224,-20,186,-20,245,90" />
</Scene>
<Scene>
<INIT seed="5,0,0,2,4,73" ten="295,204,166,335" oya="1" hai0="27,95,66,109,53,134,71,46,23,81,131,25,106" hai1="8,92,41,5,123,121,115,88,104,26,83,91,48" hai2="64,96,31,22,50,63,132,37,54,117,35,135,3" hai3="80,36,68,59,13,67,103,125,107,101,12,118,105"/><U34/><E104/><V10/><F37/><W47/><G68/><T61/><D109/><U124/><E115/><V4/><F35/><W28/><G125/><T86/><D106/><U85/><E124/><V0/><F117/><W32/><G118/><T77/><D134/><N who="2" m="51242" /><F96/><W69/><G59/><T113/><D113/><U24/><E41/><V93/><F93/><W74/><G105/><T2/><D2/><U29/><E26/><N who="2" m="16855" /><F3/><W129/><G36/><T116/><D116/><U90/><E48/><V52/><F50/><W38/><G32/><T126/><D25/><U42/><E42/><V133/><N who="2" m="51250" /><V17/><DORA hai="55" /><F17/><W102/><G28/><T6/><D95/><U16/><E16/><V51/><F51/><W75/><G38/><T76/><D126/><U44/><E44/><V111/><F111/><W114/><G47/><T120/><D46/><U119/><E119/><V84/><F84/><W94/><G74/><T11/><D86/><U9/><E8/><V122/><F122/><W78/><G114/><T112/><D112/><U7/><E7/><V56/><AGARI ba="0,0" hai="0,4,10,52,54,56,63,64" m="16855,51250" machi="56" ten="40,5200,0" yaku="20,1,52,1,54,1" doraHai="73,55" who="2" fromWho="2" sc="295,-13,204,-26,166,52,335,-13" />
</Scene>
<Scene>
<INIT seed="6,0,0,0,5,70" ten="282,178,218,322" oya="2" hai0="40,120,115,126,96,62,50,88,121,63,22,117,102" hai1="60,5,44,112,0,87,12,129,8,104,11,101,133" hai2="83,132,9,4,94,14,32,109,17,128,95,86,37" hai3="119,35,84,41,72,1,31,54,39,25,29,92,108"/><V125/><F32/><W71/><G108/><T56/><D117/><U55/><E112/><V110/><F132/><W30/><G119/><T98/><D115/><U10/><E133/><V28/><F28/><W64/><G72/><T61/><D126/><U116/><E116/><V13/><F125/><W19/><G1/><T33/><D33/><U103/><E129/><V69/><F69/><W36/><G41/><T105/><D22/><U47/><E104/><V130/><F37/><W73/><G73/><T20/><D20/><U24/><E24/><V26/><F26/><W85/><G35/><T2/><D2/><U66/><E87/><V65/><F65/><W81/><G54/><T89/><D98/><U59/><E11/><N who="2" m="4327" /><F94/><W91/><G19/><T52/><REACH who="0" step="1"/><D40/><REACH who="0" ten="272,178,218,322" step="2"/><U80/><E80/><V45/><F95/><W7/><G81/><T16/><D16/><U107/><E107/><V82/><F82/><W135/><G135/><T21/><D21/><U78/><E78/><N who="2" m="46455" /><F45/><W75/><G29/><T49/><D49/><U114/><E114/><V74/><F74/><W127/><G75/><T42/><D42/><U67/><E0/><V123/><F123/><AGARI ba="0,1" hai="50,52,56,61,62,63,88,89,96,102,105,120,121,123" machi="123" ten="40,8000,1" yaku="1,1,54,2,53,1" doraHai="70" doraHaiUra="48" who="0" fromWho="2" sc="272,90,178,0,218,-80,322,0" />
</Scene>
<Scene>
<INIT seed="7,0,0,3,1,90" ten="362,178,138,322" oya="3" hai0="128,106,18,56,99,5,114,86,108,109,41,47,8" hai1="4,101,13,7,107,50,77,59,42,11,20,116,87" hai2="133,82,15,54,26,24,9,119,72,112,46,64,93" hai3="29,21,49,121,12,117,66,102,30,17,44,52,95"/><W36/><G117/><T122/><D122/><U45/><E116/><V135/><F119/><W65/><G121/><T32/><D32/><U79/><E4/><V68/><F68/><W69/><G36/><T71/><D71/><U81/><E107/><V125/><F64/><N who="3" m="24683" /><G69/><T74/><D74/><U88/><E101/><V120/><F120/><W84/><G84/><T48/><D18/><U85/><E85/><V92/><F82/><W37/><G37/><T127/><D86/><U89/><E79/><V100/><F100/><W83/><G83/><T104/><D104/><U35/><E35/><V97/><F97/><AGARI ba="0,0" hai="12,17,21,29,30,44,49,52,95,97,102" m="24683" machi="97" ten="30,5800,0" yaku="8,1,52,1,54,1" doraHai="90" who="3" fromWho="2" sc="362,0,178,0,138,-58,322,58" owari="362,16.0,178,-22.0,80,-42.0,380,48.0" />
</Scene>
</mjloggm>