<mjloggm ver="2.3"><GO type="169"/><UN n0="%E3%82%A4%E3%82%BA%E3%83%9F%E3%83%B3" n1="%E7%A5%AD%E4%BA%BA" n2="%41%53%41%50%49%4E" n3="%23%37%34%E5%A4%A7%E6%B2%BB%E9%83%8E" dan="16,17,18,16" rate="2033,2179,2227,2133" sx="M,M,M,M"/><TAIKYOKU oya="0"/>

<Scene>
<INIT seed="0,0,0,0,3,35" ten="250,250,250,250" oya="0" hai0="37,33,93,80,50,65,13,27,129,95,111,28,47" hai1="23,42,102,110,49,91,1,56,103,90,22,7,11" hai2="68,86,130,115,5,64,66,77,85,100,16,79,74" hai3="82,88,132,67,113,106,123,101,52,20,87,108,98"/><T3/><D37/><U119/><E119/><V135/><F115/><W125/><G113/><T118/><D118/><U69/><E69/><V21/><F130/><W131/><G67/><T12/><D65/><U32/><E32/><V89/><F135/><W104/><G132/><T57/><D129/><U73/><E73/><V9/><F100/><W128/><G125/><T24/><D57/><U8/><E110/><V46/><F85/><W83/><G108/><T126/><D111/><U0/><E56/><V29/><F29/><W41/><G41/><T48/><D47/><U59/><E59/><V55/><F74/><W43/><G43/><T70/><D80/><U34/><E34/><V81/><F66/><W45/><G106/><T122/><D33/><U109/><E109/><V114/><F114/><W25/><G83/><T116/><D116/><U4/><E42/><V71/><F55/><W15/><G15/><T54/><D28/><U78/><E49/><V36/><F46/><W18/><REACH who="3" step="1"/><G123/><REACH who="3" ten="250,250,250,240" step="2"/><T105/><D105/><U84/><E78/><V112/><F112/><W76/><G76/><T94/><D122/><U31/><E31/><V51/><F77/><W19/><G19/><T63/><D126/><U75/><E75/><V44/><F79/><W61/><G61/><T72/><D72/><U53/><E53/><V121/><F121/><W38/><G38/><T2/><D54/><U14/><E14/><N who="2" m="5423" /><F64/><W133/><G133/><T127/><D127/><U17/><E17/><V96/><F36/><W60/><G60/><T62/><D95/><U97/><E84/><V99/><F16/><RYUUKYOKU ba="0,1" sc="250,10,250,10,250,-30,240,10" hai0="2,3,12,13,24,27,48,50,62,63,70,93,94" hai1="0,1,4,7,8,11,22,23,90,91,97,102,103" hai3="18,20,25,45,52,82,87,88,98,101,104,128,131" />
</Scene>
<Scene>
<INIT seed="0,1,1,1,3,69" ten="260,260,220,250" oya="0" hai0="95,30,19,113,94,18,25,60,7,135,86,28,101" hai1="26,84,6,115,56,75,121,71,70,54,13,14,55" hai2="37,104,1,108,89,68,109,0,64,133,35,107,46" hai3="33,66,123,131,132,3,128,10,97,29,82,20,53"/><T134/><D113/><U15/><E75/><V61/><F89/><W124/><G33/><T73/><D73/><U130/><E121/><V45/><F45/><W11/><G123/><T74/><D7/><U51/><E130/><N who="3" m="49706" /><G66/><T90/><D74/><U96/><E6/><V114/><F114/><W22/><G124/><T31/><D60/><U117/><E117/><V58/><F58/><W119/><G119/><T2/><D2/><N who="2" m="1130" /><F35/><W127/><G127/><T23/><D18/><U43/><E115/><V92/><F92/><W27/><G97/><T110/><D110/><N who="2" m="42602" /><F133/><N who="0" m="50698" /><D101/><U91/><E43/><AGARI ba="1,1" hai="37,43,46,61,64,68,104,107" m="42602,1130" machi="43" ten="30,3900,0" yaku="14,1,23,1,52,1" doraHai="69" who="2" fromWho="1" sc="260,0,260,-42,220,52,250,0" />
</Scene>
<Scene>
<INIT seed="1,0,0,4,3,47" ten="260,218,272,250" oya="1" hai0="24,26,69,43,86,85,39,54,29,118,115,42,66" hai1="53,19,121,56,21,52,59,107,94,78,68,84,135" hai2="72,15,58,37,123,4,83,99,82,112,90,101,92" hai3="7,50,109,16,111,14,114,132,104,127,55,126,131"/><U1/><E121/><V61/><F123/><W119/><G104/><T113/><D54/><U65/><E107/><V10/><F37/><W73/><G73/><T12/><D12/><U120/><E120/><V88/><F112/><W36/><G36/><T48/><D39/><U89/><E1/><V60/><F60/><W13/><G114/><T51/><D66/><U44/><E135/><V41/><F41/><W116/><G132/><T110/><D29/><U70/><E78/><V38/><F38/><W133/><G133/><T49/><D85/><U35/><E35/><V87/><F72/><W81/><G81/><T31/><D31/><U5/><E5/><V11/><F11/><N who="3" m="4351" /><G131/><T8/><D86/><U80/><E65/><N who="2" m="39095" /><F83/><W117/><G50/><T62/><D51/><N who="1" m="28775" /><E68/><V71/><F71/><W45/><G45/><T75/><D69/><U77/><E70/><V3/><F3/><W95/><G95/><T100/><D118/><U46/><E46/><V33/><F33/><W30/><G30/><T125/><D43/><U17/><E21/><V63/><F63/><W108/><G55/><T2/><D62/><N who="1" m="36111" /><E59/><V22/><F22/><AGARI ba="0,0" hai="14,16,22,108,109,111,116,117,119,126,127" m="4351" machi="22" ten="40,8000,1" yaku="14,1,12,1,34,2,54,1" doraHai="47" who="3" fromWho="2" sc="260,0,218,0,272,-80,250,80" />
</Scene>
<Scene>
<INIT seed="2,0,0,4,3,60" ten="260,218,192,330" oya="2" hai0="93,14,26,3,5,27,73,15,13,2,58,35,23" hai1="99,49,72,81,123,53,75,30,64,16,82,126,79" hai2="1,113,0,59,54,50,80,36,105,135,112,98,46" hai3="40,33,78,71,12,41,124,91,61,109,101,88,121"/><V34/><F34/><W42/><G121/><T133/><D73/><U69/><E30/><V4/><F135/><W29/><G124/><T118/><D93/><U116/><E116/><V67/><F4/><W70/><G109/><T94/><D94/><U92/><E126/><V22/><F22/><W127/><G127/><T47/><D47/><U84/><E123/><V19/><F19/><W39/><G39/><T25/><D58/><U96/><E96/><V24/><F24/><N who="0" m="9322" /><D133/><U85/><E69/><V132/><F132/><W9/><G29/><N who="0" m="19903" /><D118/><U129/><E129/><V90/><F80/><W31/><G31/><T37/><D37/><U48/><E64/><V21/><F21/><W119/><G33/><T128/><D128/><U89/><E16/><V86/><F86/><W83/><G101/><T74/><D74/><U120/><E120/><V108/><F108/><W95/><G119/><T44/><D44/><U28/><E28/><V76/><F76/><W125/><G125/><T18/><D13/><U7/><E49/><V32/><F32/><W100/><G100/><T57/><D57/><U8/><E48/><V131/><F131/><W107/><G107/><T10/><AGARI ba="0,0" hai="2,3,5,10,14,15,18,23" m="19903,9322" machi="10" ten="30,8000,1" yaku="35,5" doraHai="60" who="0" fromWho="0" sc="260,80,218,-20,192,-40,330,-20" />
</Scene>
<Scene>
<INIT seed="3,0,0,0,3,18" ten="340,198,152,310" oya="3" hai0="68,110,6,109,131,64,55,133,35,36,83,127,4" hai1="76,38,101,17,100,128,72,21,42,44,75,74,81" hai2="0,90,123,8,20,13,134,70,119,41,51,99,31" hai3="71,92,129,19,52,2,105,124,12,80,63,118,58"/><W60/><G118/><T113/><D83/><U43/><E128/><V61/><F119/><W130/><G105/><T77/><D77/><U1/><E1/><V84/><F134/><W10/><G124/><T126/><D55/><U121/><E121/><V114/><F123/><W39/><G39/><T111/><D64/><U115/><E115/><V135/><F114/><W122/><G122/><T3/><D6/><U22/><E43/><V40/><F135/><W16/><G2/><T53/><D53/><U27/><REACH who="1" step="1"/><E22/><REACH who="1" ten="340,188,152,310" step="2"/><V106/><F20/><W62/><G71/><T98/><D68/><U86/><AGARI ba="0,1" hai="17,21,27,38,42,44,72,74,75,76,81,86,100,101" machi="86" ten="30,7900,0" yaku="1,1,2,1,0,1,52,1,53,0" doraHai="18" doraHaiUra="102" who="1" fromWho="1" sc="340,-20,188,89,152,-20,310,-39" />
</Scene>
<Scene>
<INIT seed="4,0,0,0,1,21" ten="320,277,132,271" oya="0" hai0="26,3,19,61,5,30,122,115,90,111,58,32,70" hai1="131,126,124,87,27,10,13,18,42,125,83,94,82" hai2="40,110,38,49,69,117,113,97,129,108,98,22,1" hai3="12,123,135,15,93,130,34,9,72,127,102,16,55"/><T20/><D70/><U81/><E131/><V11/><F69/><W33/><G72/><T35/><D122/><U43/><E94/><V50/><F1/><W14/><G55/><T84/><D111/><U23/><REACH who="1" step="1"/><E87/><REACH who="1" ten="320,267,132,271" step="2"/><V73/><F110/><W101/><G93/><T53/><D115/><U44/><E44/><V29/><F108/><W41/><G130/><T52/><D53/><U0/><E0/><V65/><F129/><W106/><G106/><T100/><D100/><U67/><E67/><V51/><F65/><W75/><G75/><T96/><D96/><U89/><E89/><V56/><F73/><W31/><G102/><T66/><D66/><U104/><E104/><V114/><F98/><W103/><G101/><T77/><D77/><U68/><E68/><V119/><F97/><W17/><G103/><T107/><D107/><U112/><E112/><N who="2" m="43115" /><F56/><W133/><G41/><T36/><D84/><U78/><E78/><V8/><F40/><W85/><G85/><T6/><D90/><U39/><E39/><V99/><F38/><W109/><G109/><T86/><D36/><U91/><E91/><V24/><F99/><W95/><G95/><T63/><D86/><U105/><E105/><V120/><F120/><W46/><G46/><T71/><D3/><U74/><E74/><V37/><F37/><W7/><G123/><T132/><D71/><U116/><E116/><AGARI ba="0,1" hai="8,11,22,24,29,49,50,51,116,117,119" m="43115" machi="116" ten="40,5200,0" yaku="12,1,15,1,52,1" doraHai="21" who="2" fromWho="1" sc="320,0,267,-52,132,62,271,0" />
</Scene>
<Scene>
<INIT seed="5,0,0,1,3,110" ten="320,215,194,271" oya="1" hai0="1,60,49,34,83,115,103,129,98,37,62,91,87" hai1="41,40,8,58,107,17,24,134,84,47,2,54,128" hai2="35,69,7,113,119,72,59,81,30,9,80,16,133" hai3="52,123,74,111,126,26,64,46,45,71,135,95,106"/><U104/><E128/><V132/><F69/><W31/><G123/><T23/><D34/><U43/><E134/><N who="2" m="51819" /><F119/><W12/><G135/><T92/><D1/><U48/><E2/><N who="2" m="247" /><F72/><W57/><G106/><T13/><D37/><U19/><E104/><V116/><F116/><W127/><G74/><T11/><D129/><U66/><E107/><V18/><F59/><W10/><G95/><T25/><D49/><U100/><E100/><V14/><F18/><N who="3" m="8471" /><G64/><T3/><D3/><U79/><E8/><N who="2" m="6215" /><F113/><W105/><G105/><T67/><D115/><U93/><E24/><AGARI ba="0,0" hai="24,30,35,80,81" m="6215,247,51819" machi="24" ten="30,2000,0" yaku="20,1,54,1" doraHai="110" who="2" fromWho="1" sc="320,0,215,-20,194,20,271,0" />
</Scene>
<Scene>
<INIT seed="6,0,0,2,4,31" ten="320,195,214,271" oya="2" hai0="60,84,111,134,73,82,110,61,2,40,118,124,13" hai1="67,87,86,104,69,114,47,20,1,10,130,3,80" hai2="0,4,77,113,76,17,127,6,68,105,75,24,43" hai3="128,49,133,38,16,99,42,45,83,56,74,132,48"/><V131/><F68/><W22/><G128/><T53/><D2/><U81/><E104/><V50/><F105/><W26/><G99/><T70/><D73/><U63/><E130/><V46/><F131/><W64/><G74/><T72/><D72/><U112/><E20/><N who="2" m="13327" /><F75/><W125/><G83/><T101/><D101/><U55/><E47/><V21/><F0/><W92/><G92/><T27/><D40/><U14/><E55/><V106/><F106/><W65/><G125/><T52/><D84/><U62/><E14/><V116/><F116/><W129/><G129/><T90/><D82/><U100/><E100/><V12/><F113/><W108/><G108/><T102/><D102/><U94/><E94/><V58/><F127/><W91/><G91/><T117/><D13/><U30/><E30/><V7/><F58/><W123/><G123/><T120/><D27/><U57/><E57/><V96/><F96/><W8/><G8/><T51/><D90/><U103/><E103/><V18/><AGARI ba="0,0" hai="4,6,7,12,18,21,43,46,50,76,77" m="13327" machi="18" ten="30,1500,0" yaku="8,1" doraHai="31" who="2" fromWho="2" sc="320,-5,195,-5,214,15,271,-5" />
</Scene>
<Scene>
<INIT seed="6,1,0,4,2,47" ten="315,190,229,266" oya="2" hai0="20,126,54,118,53,63,36,49,42,94,51,112,128" hai1="7,91,29,117,23,104,116,107,73,27,108,38,85" hai2="57,84,127,19,39,71,75,114,130,45,61,135,129" hai3="65,72,69,123,0,64,21,120,44,30,2,31,15"/><V46/><F75/><W17/><G72/><T92/><D118/><U56/><E73/><V79/><F19/><W134/><G44/><N who="2" m="17001" /><F79/><W66/><G69/><T52/><D36/><U55/><E108/><V12/><F84/><W68/><G68/><T103/><D42/><U115/><E38/><V80/><F80/><W26/><G134/><T8/><D8/><U86/><E115/><V102/><F39/><W133/><G133/><T14/><D112/><U16/><E7/><V4/><F135/><W125/><G125/><T122/><D126/><U83/><E86/><V37/><F37/><W48/><G48/><N who="0" m="18507" /><D122/><U95/><E83/><V82/><F82/><W98/><G98/><N who="0" m="59847" /><D128/><N who="2" m="49258" /><F71/><W33/><REACH who="3" step="1"/><G31/><REACH who="3" ten="315,190,229,256" step="2"/><T131/><D131/><U32/><E116/><V99/><F127/><W11/><G11/><T88/><D63/><U58/><E117/><V10/><F114/><W9/><G9/><T50/><D20/><U121/><E121/><AGARI ba="1,1" hai="0,2,15,17,21,26,30,33,64,65,66,120,121,123" machi="121" ten="40,2600,0" yaku="1,1,53,1" doraHai="47" doraHaiUra="28" who="3" fromWho="1" sc="315,0,190,-29,229,0,256,39" />
</Scene>
<Scene>
<INIT seed="7,0,0,3,1,95" ten="315,161,229,295" oya="3" hai0="133,67,116,10,38,27,101,13,134,22,32,118,14" hai1="0,37,88,100,62,6,17,1,28,9,107,40,41" hai2="91,103,42,47,51,60,113,56,11,108,86,79,63" hai3="55,90,83,19,43,69,54,31,44,50,4,70,80"/><W85/><G31/><N who="0" m="17911" /><D32/><U39/><E1/><V121/><F113/><W25/><G4/><N who="0" m="3271" /><D38/><U21/><E28/><V94/><F108/><W23/><G69/><T105/><D67/><U78/><E78/><V102/><F121/><W96/><G70/><T130/><D130/><U131/><E131/><V84/><F63/><W128/><G128/><T20/><D101/><U16/><E17/><V123/><F123/><W53/><G96/><T2/><D2/><U75/><E75/><V33/><F33/><W26/><G26/><T74/><D105/><U97/><E62/><V120/><F120/><W110/><G110/><T104/><D74/><U76/><E76/><V57/><F57/><W115/><G115/><T73/><D73/><U5/><E5/><V135/><F135/><N who="0" m="51722" /><D104/><U61/><E61/><V36/><F11/><W92/><AGARI ba="0,0" hai="19,23,25,43,44,50,53,54,55,80,83,85,90,92" machi="92" ten="30,3000,0" yaku="0,1,8,1" doraHai="95" who="3" fromWho="3" sc="315,-10,161,-10,229,-10,295,30" owari="305,11.0,151,-35.0,219,-18.0,325,42.0" />
</Scene>
</mjloggm>