<mjloggm ver="2.3"><GO type="169"/><UN n0="%E3%81%91%E3%82%93%31%39%37%30" n1="%E3%83%99%E3%82%BF%E3%82%AA%E3%83%AA%E3%82%B9%E3%82%AF" n2="%E7%AB%8B%E8%8F%AF%E5%A5%8F" n3="%41%53%41%50%49%4E" dan="16,16,16,19" rate="2110,2139,2111,2195" sx="M,M,F,M"/><TAIKYOKU oya="0"/>

<Scene>
<INIT seed="0,0,0,3,3,27" ten="250,250,250,250" oya="0" hai0="46,104,21,43,91,23,72,31,63,116,125,105,18" hai1="126,134,128,45,83,29,93,8,81,47,59,127,16" hai2="97,89,108,32,22,80,92,42,123,12,39,53,17" hai3="94,40,135,75,95,76,13,25,55,69,2,131,9"/><T37/><D116/><U122/><E122/><V54/><F123/><W82/><G69/><T4/><D72/><U119/><E119/><V3/><F3/><W1/><G131/><T56/><D4/><U50/><E134/><V0/><F0/><W73/><G135/><T121/><D121/><U129/><E93/><V132/><F132/><W44/><G75/><T84/><D125/><N who="1" m="47627" /><E59/><V6/><F6/><W78/><G78/><T57/><D57/><U115/><E115/><V103/><F108/><W113/><G113/><T77/><D77/><U85/><E29/><V38/><F32/><W101/><G94/><T86/><D86/><U58/><E58/><V100/><F42/><W48/><G95/><T5/><D5/><U11/><E16/><V70/><F70/><W98/><G98/><T117/><D117/><U62/><E62/><V120/><F120/><W71/><G101/><T30/><D105/><U109/><E109/><V19/><F19/><W130/><G71/><T110/><D104/><U64/><E64/><V90/><F39/><W61/><G130/><N who="1" m="50282" /><E85/><N who="2" m="50343" /><F38/><W124/><G124/><T49/><D37/><U20/><E20/><N who="0" m="7753" /><D18/><U114/><E114/><V87/><F103/><W28/><G73/><T102/><D102/><U60/><E60/><V33/><F33/><W7/><G61/><T133/><D133/><U66/><E66/><V35/><F35/><N who="3" m="20879" /><G40/><T118/><D118/><U99/><E99/><V68/><F68/><W79/><G82/><AGARI ba="0,0" hai="12,17,22,53,54,82,87,90,92,97,100" m="50343" machi="82" ten="30,1000,0" yaku="8,1" doraHai="27" who="2" fromWho="3" sc="250,0,250,0,250,10,250,-10" />
</Scene>
<Scene>
<INIT seed="1,0,0,1,3,48" ten="250,250,260,240" oya="1" hai0="61,8,58,30,32,19,114,24,67,16,1,36,43" hai1="41,9,93,7,5,31,56,94,23,100,116,83,59" hai2="68,115,101,95,3,21,75,127,22,73,122,97,42" hai3="109,87,82,108,15,132,14,0,70,66,128,81,28"/><U91/><E116/><V126/><F122/><W13/><G0/><T99/><D114/><U64/><E41/><V118/><F118/><W37/><G37/><T125/><D125/><N who="2" m="47626" /><F115/><W112/><G112/><T74/><D74/><N who="2" m="28170" /><F3/><W51/><G128/><T62/><D43/><U124/><E124/><V27/><F68/><W69/><G132/><T17/><D36/><U10/><E83/><N who="3" m="31754" /><G87/><T79/><D79/><U4/><E100/><V98/><F42/><W45/><G28/><T49/><D49/><U80/><E80/><V96/><F21/><W102/><G102/><T20/><D99/><N who="1" m="57791" /><E94/><V110/><F110/><N who="3" m="42603" /><G66/><T55/><D1/><U52/><E64/><V130/><F130/><W90/><G90/><T39/><D39/><U34/><E34/><V35/><F35/><W86/><G86/><T25/><REACH who="0" step="1"/><D8/><REACH who="0" ten="240,250,260,240" step="2"/><U84/><E10/><V44/><F97/><W135/><G135/><T120/><D120/><U54/><E9/><V123/><F98/><W77/><G77/><T89/><D89/><U57/><E84/><V121/><F123/><W113/><G113/><T106/><D106/><U12/><E31/><V65/><F121/><W46/><G51/><T78/><D78/><U104/><E104/><V105/><F105/><W131/><G131/><T33/><D33/><U129/><E129/><V134/><F96/><W63/><G63/><T72/><D72/><U6/><E23/><V11/><F22/><W85/><G85/><T26/><D26/><U119/><E119/><V133/><F27/><W92/><G92/><T18/><D18/><U38/><E38/><V71/><F95/><RYUUKYOKU ba="0,1" sc="240,10,250,10,260,-30,240,10" hai0="16,17,19,20,24,25,30,32,55,58,61,62,67" hai1="4,5,6,7,12,52,54,56,57,59" hai3="13,14,15,45,46,69,70" />
</Scene>
<Scene>
<INIT seed="1,1,1,3,2,46" ten="250,260,230,250" oya="1" hai0="83,29,87,95,97,121,119,124,134,25,93,101,52" hai1="3,24,50,122,38,135,69,130,51,8,56,88,35" hai2="54,109,89,17,31,43,61,110,58,9,99,65,91" hai3="28,120,86,112,22,73,11,103,20,118,53,1,128"/><U14/><E69/><V85/><F43/><W108/><G112/><T132/><D119/><U90/><E38/><V116/><F116/><W59/><G73/><T34/><D121/><U77/><E122/><V13/><F31/><W84/><G120/><T6/><D6/><U102/><E3/><V74/><F74/><W18/><G118/><T94/><D124/><U111/><E135/><V126/><F126/><W33/><G108/><N who="2" m="41577" /><F99/><W26/><G128/><T19/><D19/><U106/><E111/><V64/><F91/><W82/><G103/><T80/><D80/><AGARI ba="1,1" hai="9,13,17,54,58,61,64,65,80,85,89" m="41577" machi="80" ten="30,1000,0" yaku="14,1" doraHai="46" who="2" fromWho="0" sc="250,-13,260,0,230,23,250,0" />
</Scene>
<Scene>
<INIT seed="2,0,0,1,1,79" ten="237,260,253,250" oya="2" hai0="110,44,4,95,77,2,67,11,86,113,84,99,27" hai1="132,85,18,35,87,115,107,5,120,123,83,14,64" hai2="96,32,112,101,28,59,7,104,33,133,129,58,76" hai3="62,43,90,134,50,49,75,31,19,98,108,9,8"/><V16/><F112/><W80/><G108/><T119/><D110/><U54/><E115/><V116/><F116/><W128/><G128/><T82/><D113/><U55/><E35/><V38/><F129/><W102/><G134/><T63/><D119/><U125/><E107/><V105/><F133/><W45/><G31/><T40/><D27/><U15/><E132/><V34/><F38/><W118/><G118/><T3/><D3/><U88/><E64/><V46/><F105/><W65/><G49/><T36/><D99/><U10/><E125/><V73/><F7/><W93/><G19/><T37/><D37/><U103/><E103/><V60/><F46/><W72/><G72/><T109/><D95/><U111/><E111/><V89/><F28/><W124/><G124/><T0/><D0/><U106/><E106/><V122/><F122/><N who="1" m="46633" /><E87/><V42/><F42/><W53/><G43/><T48/><D48/><U6/><E6/><V47/><F47/><W69/><REACH who="3" step="1"/><G102/><REACH who="3" ten="237,260,253,240" step="2"/><T78/><D109/><U23/><AGARI ba="0,1" hai="5,10,14,15,18,23,54,55,83,85,88" m="46633" machi="23" ten="30,4000,0" yaku="13,1,52,1,54,1" doraHai="79" who="1" fromWho="1" sc="237,-10,260,50,253,-20,240,-10" />
</Scene>
<Scene>
<INIT seed="3,0,0,5,1,87" ten="227,310,233,230" oya="3" hai0="17,21,127,20,30,113,89,55,26,102,91,123,116" hai1="12,96,72,38,95,42,88,112,47,7,64,61,31" hai2="48,0,54,80,74,10,129,128,34,15,59,104,109" hai3="118,4,122,135,60,63,86,52,1,69,13,120,33"/><W106/><G118/><T43/><D123/><U98/><E112/><V2/><F34/><W40/><G106/><T92/><D116/><U50/><E72/><V110/><F104/><W119/><G119/><T84/><D43/><U101/><E31/><V100/><F100/><W35/><G1/><N who="2" m="617" /><F74/><W99/><G135/><T25/><D113/><U45/><E7/><N who="2" m="3551" /><F80/><W73/><G73/><T83/><D127/><U67/><E12/><V85/><F85/><W5/><G99/><T94/><D55/><U124/><E124/><V71/><F71/><W76/><G40/><T93/><D102/><U133/><E133/><V126/><F126/><W8/><G69/><T75/><D75/><U51/><E47/><V56/><F56/><W58/><G5/><T29/><D17/><U79/><E79/><AGARI ba="0,0" hai="20,21,25,26,29,30,79,83,84,89,91,92,93,94" machi="79" ten="40,8000,1" yaku="9,1,8,1,52,2" doraHai="87" who="0" fromWho="1" sc="227,80,310,-80,233,0,230,0" />
</Scene>
<Scene>
<INIT seed="4,0,0,3,5,78" ten="307,230,233,230" oya="0" hai0="123,4,2,15,120,82,97,42,32,22,39,71,74" hai1="18,6,88,30,133,68,77,25,16,81,85,129,33" hai2="132,34,8,56,11,62,134,13,110,61,69,116,75" hai3="108,73,63,7,91,50,59,38,67,46,70,24,28"/><T79/><D71/><U31/><E68/><V109/><F34/><W65/><G108/><T131/><D32/><U100/><E133/><N who="2" m="51307" /><F75/><W102/><G73/><T106/><D131/><U17/><E129/><V47/><F116/><W92/><G102/><N who="0" m="62799" /><D15/><U94/><E100/><V84/><F69/><W113/><G113/><T115/><D22/><U112/><E112/><V111/><F47/><W35/><G7/><T107/><D115/><U52/><E6/><V76/><F13/><W126/><G126/><T105/><D123/><U135/><E135/><V23/><F23/><W114/><G114/><T130/><D130/><U89/><E31/><V96/><F96/><W101/><G101/><T19/><D19/><U60/><REACH who="1" step="1"/><E94/><REACH who="1" ten="307,220,233,230" step="2"/><V21/><F111/><W5/><G5/><T45/><D120/><U64/><E64/><V41/><F110/><W118/><G67/><T40/><D40/><U58/><AGARI ba="0,1" hai="16,17,18,25,30,33,52,58,60,77,81,85,88,89" machi="58" ten="30,12000,2" yaku="1,1,0,1,52,1,54,3,53,1" doraHai="78" doraHaiUra="57" who="1" fromWho="1" sc="307,-60,220,130,233,-30,230,-30" />
</Scene>
<Scene>
<INIT seed="5,0,0,2,3,32" ten="247,350,203,200" oya="1" hai0="118,54,42,27,56,61,94,39,48,9,127,108,36" hai1="95,122,30,5,84,0,4,117,125,29,59,33,89" hai2="77,134,86,131,90,69,16,26,78,24,14,8,100" hai3="7,53,121,82,34,13,135,92,62,97,79,96,70"/><U91/><E117/><V60/><F131/><W18/><G121/><T103/><D108/><U10/><E122/><V2/><F134/><W50/><G34/><T111/><D111/><U46/><E125/><V124/><F124/><W126/><G126/><T52/><D118/><U110/><E110/><V85/><F100/><W120/><G120/><T66/><D127/><U12/><E33/><V58/><F69/><W43/><G135/><T67/><D94/><U109/><E109/><V114/><F114/><W11/><G43/><T104/><D27/><N who="2" m="10282" /><F2/><W73/><G70/><T15/><D15/><U133/><E133/><V130/><F130/><W64/><G62/><T3/><D3/><U119/><E119/><V38/><F38/><N who="0" m="14378" /><D9/><U105/><E105/><V19/><F19/><W102/><G64/><N who="0" m="24619" /><D103/><U99/><E0/><V44/><F44/><W128/><G128/><T23/><D23/><U74/><E74/><V132/><F132/><W21/><G97/><T98/><D98/><U106/><E106/><V75/><F75/><W93/><G93/><T6/><D6/><U87/><E5/><V71/><F71/><W35/><G35/><T41/><D104/><U81/><E4/><V28/><F28/><W31/><G31/><T25/><D25/><U76/><E30/><V116/><F116/><W20/><REACH who="3" step="1"/><G7/><REACH who="3" ten="247,350,203,190" step="2"/><T113/><D113/><U107/><E29/><V55/><F90/><W88/><G88/><T80/><D80/><U22/><E81/><V45/><F45/><AGARI ba="0,1" hai="11,13,18,20,21,45,50,53,73,79,82,92,96,102" machi="45" ten="30,3900,0" yaku="1,1,7,1,53,1" doraHai="32" doraHaiUra="47" who="3" fromWho="2" sc="247,0,350,0,203,-39,190,49" /><AGARI ba="0,0" hai="41,42,45,48,52,54,56,61" m="24619,14378" machi="45" ten="30,12000,2" yaku="35,5,54,1" doraHai="32" who="0" fromWho="2" sc="247,120,350,0,164,-120,239,0" />
</Scene>
<Scene>
<INIT seed="6,0,0,2,0,87" ten="367,350,44,239" oya="2" hai0="62,20,105,21,25,81,15,101,73,56,79,66,54" hai1="89,49,52,118,129,43,93,109,4,9,126,13,41" hai2="67,45,70,64,57,108,103,50,12,34,106,120,27" hai3="132,18,75,102,5,71,8,39,99,95,6,100,38"/><V128/><F120/><W90/><G71/><T116/><D116/><U19/><E118/><V23/><F108/><W86/><G75/><T135/><D135/><U122/><E109/><V55/><F128/><W111/><G111/><T46/><D105/><U51/><E122/><V16/><F70/><W77/><G132/><T134/><D101/><U121/><E121/><V30/><REACH who="2" step="1"/><F45/><REACH who="2" ten="367,350,34,239" step="2"/><W68/><G68/><T60/><D134/><U44/><E129/><V63/><F63/><W83/><G39/><T123/><D123/><U115/><E44/><V98/><AGARI ba="0,1" hai="12,16,23,27,30,34,50,55,57,64,67,98,103,106" machi="98" ten="30,6000,0" yaku="1,1,0,1,54,1,53,0" doraHai="87" doraHaiUra="36" who="2" fromWho="2" sc="367,-20,350,-20,34,70,239,-20" />
</Scene>
<Scene>
<INIT seed="6,1,0,2,3,93" ten="347,330,104,219" oya="2" hai0="67,8,52,21,122,108,119,125,82,117,31,121,48" hai1="50,30,51,87,66,62,4,86,116,127,57,123,76" hai2="35,113,106,61,22,104,133,128,45,70,75,79,101" hai3="72,24,33,107,65,20,68,14,2,112,84,27,26"/><V110/><F35/><W17/><G72/><T55/><D8/><U38/><E38/><V115/><F110/><W28/><G84/><T53/><D82/><U42/><E116/><N who="0" m="44617" /><D21/><U91/><E123/><N who="0" m="47113" /><D31/><U105/><E105/><V94/><F22/><N who="3" m="11575" /><G65/><T6/><D6/><U54/><E127/><V59/><F70/><W131/><G68/><T73/><D73/><U78/><E4/><V111/><F111/><W81/><G81/><T74/><D74/><U9/><E9/><V36/><F75/><W37/><G37/><T13/><D13/><U90/><E30/><V120/><F79/><W89/><G89/><T95/><D95/><U88/><E42/><N who="2" m="22727" /><F120/><W83/><G107/><T71/><D108/><U44/><E51/><V0/><F0/><W64/><G83/><T7/><D7/><U60/><E60/><V46/><F46/><W34/><G34/><T103/><D103/><U118/><E118/><V77/><F77/><AGARI ba="1,0" hai="44,50,54,57,62,66,76,77,78,86,87,88,90,91" machi="77" ten="40,2600,0" yaku="8,1,54,1" doraHai="93" who="1" fromWho="2" sc="347,0,330,29,104,-29,219,0" />
</Scene>
<Scene>
<INIT seed="7,0,0,4,4,49" ten="347,359,75,219" oya="3" hai0="8,42,129,120,22,106,85,60,50,52,54,62,5" hai1="57,25,2,87,94,31,27,95,44,105,61,88,112" hai2="78,107,111,29,32,101,19,36,66,126,82,67,125" hai3="83,15,16,133,47,89,122,23,132,58,99,79,51"/><W118/><G118/><T7/><D120/><U14/><E105/><V74/><F111/><W64/><G122/><T90/><D106/><U86/><E2/><V4/><F4/><N who="0" m="1610" /><D8/><U56/><E112/><V46/><F19/><W103/><G89/><T102/><D102/><U75/><E75/><V91/><F66/><W38/><G38/><T40/><D22/><N who="1" m="15799" /><E14/><V108/><F67/><W84/><G58/><N who="1" m="22634" /><E61/><N who="0" m="23657" /><D129/><U48/><E27/><V53/><F108/><W0/><G64/><T96/><D96/><N who="1" m="57415" /><E95/><V97/><F91/><W109/><G109/><T77/><D77/><U134/><E134/><V124/><F29/><W121/><G0/><T11/><D11/><U21/><E21/><V130/><F32/><W12/><G12/><T65/><D65/><U68/><E68/><V128/><REACH who="2" step="1"/><F53/><AGARI ba="0,0" hai="44,48,53,86,87" m="57415,22634,15799" machi="53" ten="30,3900,0" yaku="8,1,52,1,54,1" doraHai="49" who="1" fromWho="2" sc="347,0,359,39,75,-39,219,0" owari="347,15.0,398,49.0,36,-46.0,219,-18.0" />
</Scene>
</mjloggm>