<mjloggm ver="2.3"><GO type="169"/><UN n0="%41%53%41%50%49%4E" n1="%E3%81%93%E3%81%98%E3%82%8D" n2="%E3%83%87%E3%82%B8%E3%82%BF%E3%83%AB%E4%BB%99%E4%BA%BA" n3="%E5%89%A3%E5%9F%8E" dan="18,17,18,16" rate="2198,2155,2198,2034" sx="M,M,F,M"/><TAIKYOKU oya="0"/>

<Scene>
<INIT seed="0,0,0,4,0,74" ten="250,250,250,250" oya="0" hai0="69,58,84,51,45,11,113,70,35,123,131,21,3" hai1="91,24,56,73,9,39,2,112,86,116,63,85,64" hai2="5,110,62,37,88,0,47,97,105,23,44,19,25" hai3="1,67,27,98,22,48,80,60,57,134,132,106,54"/><T129/><D35/><U13/><E73/><V18/><F110/><W34/><G1/><T31/><D113/><U117/><E39/><V59/><F37/><W66/><G22/><T17/><D123/><U114/><E2/><V127/><F127/><W125/><G125/><T16/><D31/><U29/><E116/><V102/><F18/><W53/><G80/><T6/><D58/><U107/><E107/><V46/><F5/><W83/><G83/><T65/><D84/><U90/><E117/><V78/><F0/><W36/><G36/><T42/><D17/><U79/><E112/><V61/><F78/><W28/><G98/><T43/><D43/><U50/><E50/><V126/><F126/><W135/><REACH who="3" step="1"/><G106/><REACH who="3" ten="250,250,250,240" step="2"/><T15/><REACH who="0" step="1"/><D65/><REACH who="0" ten="240,250,250,240" step="2"/><U55/><E114/><V104/><F104/><W100/><G100/><T94/><D94/><U30/><E64/><V75/><F102/><W96/><G96/><T12/><D12/><U68/><E13/><V133/><F105/><W7/><G7/><T77/><D77/><U72/><E79/><V81/><F97/><W10/><G10/><T41/><D41/><U93/><E9/><V124/><F124/><W121/><G121/><T32/><D32/><U87/><E93/><V119/><F119/><W8/><G8/><T120/><D120/><U49/><E91/><V33/><F88/><W122/><G122/><T82/><D82/><U115/><E90/><V26/><F81/><W14/><G14/><T111/><D111/><U89/><E115/><V130/><F23/><W38/><G38/><T101/><D101/><U108/><E89/><RYUUKYOKU ba="0,2" sc="240,15,250,-15,250,-15,240,15" hai0="3,6,11,15,16,21,42,45,51,69,70,129,131" hai3="27,28,34,48,53,54,57,60,66,67,132,134,135" />
</Scene>
<Scene>
<INIT seed="0,1,2,5,0,79" ten="255,235,235,255" oya="0" hai0="31,32,86,119,107,109,27,12,102,34,82,81,38" hai1="43,112,29,42,122,21,60,84,90,8,120,134,70" hai2="88,123,3,71,28,35,91,63,69,80,48,85,93" hai3="7,67,96,128,22,44,116,68,1,73,47,49,108"/><T104/><D119/><U39/><E112/><V45/><F123/><W19/><G116/><T0/><D0/><U26/><E134/><V125/><F3/><W101/><G73/><T77/><D38/><U36/><E36/><V18/><F125/><W103/><G68/><T127/><D127/><U9/><E122/><V56/><F18/><W20/><G67/><T65/><D109/><U4/><E120/><V94/><F28/><W92/><G1/><T10/><D102/><U74/><E74/><V57/><F35/><W54/><G7/><T121/><D121/><U41/><E39/><V87/><F71/><W126/><G126/><T66/><D34/><U129/><E129/><V111/><F111/><W2/><G2/><T62/><D66/><U130/><E130/><V5/><F5/><W13/><G128/><T52/><D82/><U89/><E89/><N who="2" m="53439" /><F69/><W23/><G108/><T15/><D65/><U114/><E114/><V131/><F63/><W40/><G101/><T11/><D15/><U95/><E70/><V30/><F30/><W14/><G14/><T135/><D135/><U64/><E64/><V133/><F133/><W75/><G75/><T97/><D97/><U98/><E60/><V72/><F72/><W53/><G44/><T113/><D113/><U76/><E4/><V51/><F131/><W17/><G17/><N who="0" m="8343" /><D11/><AGARI ba="1,2" hai="11,13,19,20,22,23,40,47,49,53,54,92,96,103" machi="11" ten="40,1300,0" yaku="8,1" doraHai="79" who="3" fromWho="0" sc="255,-16,235,0,235,0,255,36" />
</Scene>
<Scene>
<INIT seed="1,0,0,5,2,95" ten="239,235,235,291" oya="1" hai0="50,26,105,22,67,30,41,37,14,100,90,19,7" hai1="24,25,73,116,28,69,84,48,79,114,96,91,110" hai2="64,115,63,135,77,98,103,9,51,27,85,66,102" hai3="134,65,55,12,62,35,130,57,83,36,99,82,3"/><U34/><E116/><V81/><F115/><W123/><G3/><T68/><D37/><U111/><E114/><V61/><F135/><W125/><G36/><T39/><D39/><U107/><E69/><V5/><F27/><W118/><G35/><T124/><D124/><U46/><E25/><V58/><F51/><BYE who="2" /><W49/><G123/><T133/><D133/><U11/><E11/><V33/><F33/><W0/><G134/><T1/><D41/><U74/><E79/><V126/><F126/><W40/><G0/><T53/><D90/><U47/><E47/><UN n2="%E3%83%87%E3%82%B8%E3%82%BF%E3%83%AB%E4%BB%99%E4%BA%BA" /><V128/><F128/><W129/><G40/><T132/><D132/><U20/><E34/><V15/><REACH who="2" step="1"/><F98/><REACH who="2" ten="239,235,225,291" step="2"/><W80/><G125/><T87/><D50/><U23/><E96/><V131/><F131/><N who="3" m="50187" /><G99/><T60/><D26/><U42/><E107/><V127/><F127/><W75/><G118/><T121/><D105/><U43/><E43/><V97/><F97/><W4/><G75/><T21/><D100/><U94/><REACH who="1" step="1"/><E23/><REACH who="1" ten="239,225,225,291" step="2"/><V2/><F2/><W32/><G32/><T18/><D22/><U8/><E8/><V10/><F10/><N who="3" m="4167" /><G49/><T6/><D1/><U101/><E101/><V13/><F13/><W56/><G62/><T109/><D14/><U59/><E59/><AGARI ba="0,2" hai="5,9,15,58,59,61,63,64,66,77,81,85,102,103" machi="59" ten="30,7700,0" yaku="1,1,7,1,9,1,8,1,53,0" doraHai="95" doraHaiUra="119" who="2" fromWho="1" sc="239,0,225,-77,225,97,291,0" />
</Scene>
<Scene>
<INIT seed="2,0,0,3,1,6" ten="239,148,322,291" oya="2" hai0="58,131,29,40,126,69,49,33,89,78,121,92,129" hai1="94,19,0,105,34,28,56,30,32,10,62,80,107" hai2="31,51,44,41,133,119,66,5,36,87,11,50,74" hai3="45,102,76,135,70,111,59,60,91,43,35,16,115"/><V2/><F119/><W103/><G35/><T73/><D121/><U55/><E80/><V93/><F133/><W14/><G70/><T132/><D69/><U37/><E37/><V71/><F31/><W22/><G76/><T9/><D132/><U124/><E124/><V57/><F74/><W81/><G135/><T100/><D126/><U112/><E112/><V63/><F87/><BYE who="2" /><W113/><G111/><T85/><D100/><U127/><E127/><V1/><F1/><W84/><G115/><T104/><D104/><U20/><E94/><UN n2="%E3%83%87%E3%82%B8%E3%82%BF%E3%83%AB%E4%BB%99%E4%BA%BA" /><V17/><F93/><W108/><G108/><T18/><D29/><U96/><E30/><V64/><F17/><W54/><REACH who="3" step="1"/><G113/><REACH who="3" ten="239,148,322,281" step="2"/><T116/><D33/><U98/><E34/><V134/><F134/><W23/><G23/><T25/><D78/><U27/><E107/><V125/><F125/><W118/><G118/><T106/><D116/><U13/><E105/><V117/><F117/><W90/><G90/><T83/><D106/><U128/><E128/><V61/><AGARI ba="0,1" hai="2,5,11,36,41,44,50,51,57,61,63,64,66,71" machi="61" ten="30,3000,0" yaku="0,1,52,1" doraHai="6" who="2" fromWho="2" sc="239,-10,148,-10,322,40,281,-10" />
</Scene>
<Scene>
<INIT seed="2,1,0,1,3,55" ten="229,138,362,271" oya="2" hai0="104,87,52,29,37,60,127,100,93,110,34,106,96" hai1="109,117,121,118,80,105,124,27,61,98,120,79,92" hai2="1,119,32,2,67,22,16,116,75,72,122,86,66" hai3="14,113,112,130,68,133,43,30,132,45,135,26,56"/><V50/><F122/><W38/><G14/><T89/><D37/><U49/><E27/><V73/><F32/><W18/><G18/><T77/><D110/><U41/><E49/><V64/><F86/><W84/><G84/><T134/><D134/><U111/><E41/><V129/><F129/><W23/><G68/><T103/><D127/><U58/><E61/><V131/><F131/><W28/><G130/><T71/><D77/><U81/><E105/><V97/><F97/><W85/><G85/><T126/><D126/><U6/><E58/><V69/><F50/><W123/><G28/><T7/><D7/><U99/><E6/><V4/><F69/><W13/><G13/><T59/><D71/><U3/><E3/><V90/><F90/><W44/><G123/><N who="1" m="47178" /><E124/><V70/><F70/><W48/><REACH who="3" step="1"/><G56/><REACH who="3" ten="229,138,362,261" step="2"/><T46/><D29/><U40/><E40/><AGARI ba="1,1" hai="23,26,30,38,40,43,44,45,48,112,113,132,133,135" machi="40" ten="50,6400,0" yaku="1,1,2,1,20,1,53,0" doraHai="55" doraHaiUra="101" who="3" fromWho="1" sc="229,0,138,-67,362,0,261,77" />
</Scene>
<Scene>
<INIT seed="3,0,0,0,2,62" ten="229,71,362,338" oya="3" hai0="129,50,107,41,125,102,110,122,128,78,124,134,70" hai1="79,106,85,1,42,2,91,127,84,54,66,65,96" hai2="58,56,17,44,87,12,33,120,111,10,81,82,67" hai3="11,47,98,29,64,68,131,24,9,27,4,57,100"/><W126/><G68/><T37/><D78/><U73/><E42/><V113/><F120/><W133/><G131/><N who="0" m="50251" /><D107/><U103/><E127/><N who="0" m="48713" /><D102/><U121/><E121/><V101/><F101/><W53/><G126/><T38/><D122/><U19/><E19/><V75/><F33/><W135/><G100/><T55/><D110/><U118/><E85/><V90/><F111/><W34/><G98/><T40/><D70/><U61/><E118/><V22/><F113/><W99/><G99/><T49/><D49/><U14/><E14/><V92/><F75/><W74/><G74/><T46/><D134/><U89/><E89/><V76/><F76/><W93/><G135/><T51/><D51/><U112/><E112/><V80/><F44/><W39/><G47/><T8/><D8/><U7/><E54/><V114/><F114/><W88/><G11/><T6/><D6/><U63/><E63/><N who="2" m="38375" /><F58/><W71/><G57/><T26/><D26/><U123/><E123/><V86/><F86/><W21/><G27/><T77/><D77/><U36/><E36/><V104/><F104/><W60/><G39/><T94/><D94/><N who="1" m="54631" /><E61/><V43/><F43/><AGARI ba="0,0" hai="37,38,40,41,43,46,50,55" m="48713,50251" machi="43" ten="30,7700,0" yaku="19,1,18,1,34,2" doraHai="62" who="0" fromWho="2" sc="229,77,71,0,362,-77,338,0" />
</Scene>
<Scene>
<INIT seed="4,0,0,0,3,75" ten="306,71,285,338" oya="0" hai0="11,21,130,67,86,36,16,51,101,85,103,26,83" hai1="84,99,27,134,127,115,78,82,46,32,80,44,102" hai2="17,23,19,117,9,90,42,66,70,14,53,28,109" hai3="119,135,31,112,104,39,133,55,62,65,0,43,74"/><T52/><D36/><U126/><E134/><V98/><F117/><W29/><G0/><T113/><D113/><U25/><E32/><V69/><F109/><W89/><G104/><T2/><D130/><U61/><E61/><V60/><F42/><W81/><G89/><T105/><D105/><U8/><E8/><V96/><F28/><W4/><G4/><T50/><D67/><U76/><E115/><V34/><F34/><W56/><G112/><T64/><D64/><U87/><E99/><V7/><F70/><W125/><G119/><T120/><D120/><U114/><E114/><V3/><F90/><W1/><G1/><T15/><D2/><U18/><E18/><V106/><F106/><W132/><G125/><T93/><D51/><U47/><REACH who="1" step="1"/><E46/><REACH who="1" ten="306,61,285,338" step="2"/><V79/><F98/><W122/><G122/><T35/><D35/><U37/><E37/><V124/><F96/><W116/><G116/><T6/><D93/><U24/><E24/><V123/><F123/><W118/><G118/><T95/><D95/><U128/><E128/><V111/><F17/><W88/><G133/><T108/><D108/><U110/><E110/><V59/><F111/><W45/><G135/><T121/><D121/><U13/><E13/><V48/><F124/><W71/><G132/><T58/><REACH who="0" step="1"/><D86/><REACH who="0" ten="296,61,285,338" step="2"/><U38/><E38/><V10/><F3/><W72/><G39/><T40/><D40/><U30/><E30/><V77/><F7/><W22/><G31/><T57/><D57/><U54/><E54/><V41/><F41/><W20/><G29/><T68/><D68/><U5/><E5/><RYUUKYOKU ba="0,2" sc="296,10,61,10,285,10,338,-30" hai0="6,11,15,16,21,26,50,52,58,83,85,101,103" hai1="25,27,44,47,76,78,80,82,84,87,102,126,127" hai2="9,10,14,19,23,48,53,59,60,66,69,77,79" />
</Scene>
<Scene>
<INIT seed="4,1,2,5,5,92" ten="306,71,295,308" oya="0" hai0="69,66,10,17,36,14,51,47,74,52,78,9,103" hai1="87,112,114,21,118,95,129,90,73,18,111,22,24" hai2="104,83,80,61,64,88,133,75,109,34,19,135,77" hai3="98,79,106,108,105,44,59,128,20,93,68,71,46"/><T124/><D124/><U5/><E111/><V58/><F34/><W3/><G108/><T91/><D36/><U101/><E73/><V15/><F104/><W31/><G3/><T97/><D91/><U4/><E118/><V62/><F109/><W107/><G79/><T100/><D100/><U30/><E129/><V72/><F62/><W130/><G59/><T132/><D132/><N who="2" m="50762" /><F88/><N who="3" m="55591" /><G20/><T49/><D49/><U29/><E101/><V126/><F126/><W27/><G27/><T99/><D103/><U12/><REACH who="1" step="1"/><E30/><REACH who="1" ten="306,61,295,308" step="2"/><V82/><F75/><W57/><G31/><T48/><D74/><U81/><E81/><V96/><F72/><W6/><G128/><T25/><D78/><U23/><E23/><N who="2" m="11775" /><F77/><W33/><G130/><T134/><D134/><U123/><E123/><V120/><F120/><W35/><G33/><T89/><D89/><U84/><E84/><V40/><F83/><W94/><G35/><T42/><D10/><U8/><E8/><V116/><F82/><W2/><G106/><T102/><D102/><U86/><E86/><V56/><F80/><W32/><G32/><T41/><D41/><U76/><E76/><V50/><F40/><W7/><G107/><T13/><D9/><U16/><E16/><V11/><F11/><W113/><G105/><T67/><D17/><U119/><E119/><V63/><F116/><W43/><G43/><T38/><D42/><U55/><E55/><V125/><F125/><W121/><G121/><T53/><D53/><U26/><E26/><V110/><F110/><W45/><G94/><T37/><D25/><U131/><E131/><RYUUKYOKU ba="1,3" sc="306,-10,61,30,295,-10,308,-10" hai1="4,5,12,18,21,22,24,29,87,90,95,112,114" />
</Scene>
<Scene>
<INIT seed="5,2,3,4,2,104" ten="296,91,285,298" oya="1" hai0="116,50,33,108,2,21,53,38,18,11,4,72,134" hai1="13,39,67,41,42,113,56,70,122,91,57,130,25" hai2="31,68,129,5,58,90,119,78,46,48,66,20,73" hai3="99,81,132,32,35,30,16,118,14,9,65,93,71"/><U15/><E122/><V74/><F119/><W77/><G118/><T126/><D116/><U49/><E39/><V92/><F68/><W43/><G43/><N who="1" m="16394" /><E70/><V102/><F5/><W82/><G132/><T106/><D134/><U59/><E130/><V107/><F129/><W109/><G109/><T0/><D108/><U29/><E113/><V110/><F110/><W54/><G81/><T133/><D38/><U123/><E123/><V114/><F114/><W75/><G30/><T89/><D106/><U87/><E67/><V69/><F69/><W60/><REACH who="3" step="1"/><G54/><REACH who="3" ten="296,91,285,288" step="2"/><T88/><D53/><U115/><E115/><V76/><F31/><W51/><G51/><T105/><D50/><U103/><E49/><V52/><F48/><W12/><G12/><N who="1" m="4682" /><E103/><AGARI ba="2,4" hai="9,14,16,32,35,60,65,71,75,77,82,93,99,103" machi="103" ten="30,7700,0" yaku="1,1,7,1,52,1,54,1,53,0" doraHai="104" doraHaiUra="80" who="3" fromWho="1" sc="296,0,91,-83,285,0,288,123" />
</Scene>
<Scene>
<INIT seed="6,0,0,5,2,15" ten="296,8,285,411" oya="2" hai0="135,131,6,22,29,88,59,13,8,111,1,32,42" hai1="95,74,108,97,84,132,67,78,77,113,51,44,126" hai2="33,114,34,5,76,92,123,124,23,128,52,102,27" hai3="21,58,54,110,122,99,90,62,118,48,53,61,40"/><V103/><F123/><W4/><G110/><T28/><D111/><U17/><E67/><V85/><F114/><W83/><G122/><T133/><D42/><U14/><E108/><V43/><F128/><W39/><G39/><T2/><D131/><U38/><E38/><V65/><F124/><W35/><G35/><T7/><D59/><U93/><E126/><V9/><F34/><W82/><G4/><N who="0" m="1579" /><D32/><U55/><E74/><V72/><F72/><W127/><G118/><T24/><D28/><U19/><E113/><V96/><F33/><W86/><G40/><T30/><D88/><N who="1" m="53383" /><E132/><N who="0" m="50761" /><D30/><U37/><E37/><V130/><F130/><W75/><G75/><T116/><D116/><U56/><E14/><N who="2" m="5423" /><F43/><W41/><G41/><T80/><D80/><U47/><E44/><V120/><F120/><W50/><G82/><T0/><D13/><U11/><E11/><AGARI ba="0,0" hai="0,1,2,8,11,22,24,29" m="50761,1579" machi="11" ten="40,5200,0" yaku="20,1,34,2" doraHai="15" who="0" fromWho="1" sc="296,52,8,-52,285,0,411,0" owari="348,15.0,-44,-54.0,285,-11.0,411,50.0" />
</Scene>
</mjloggm>