<mjloggm ver="2.3"><GO type="169" lobby="0"/><UN n0="%E3%81%B4%E3%81%AE" n1="%E3%82%A4%E3%82%BA%E3%83%9F%E3%83%B3" n2="%E6%B5%9C%E6%B4%8B%E4%B8%80%E6%9C%97" n3="%41%53%41%50%49%4E" dan="16,16,16,19" rate="2114.12,2090.52,2051.40,2284.72" sx="M,M,F,M"/><TAIKYOKU oya="0"/>

<Scene>
<INIT seed="0,0,0,4,5,20" ten="250,250,250,250" oya="0" hai0="107,17,48,93,27,73,103,32,10,132,117,90,16" hai1="61,123,65,104,110,97,121,0,111,33,112,105,40" hai2="80,75,126,38,5,28,54,88,45,67,70,94,22" hai3="43,21,119,124,106,113,1,91,15,42,129,86,114"/><T76/><D117/><U87/><E33/><V52/><F126/><W133/><G119/><T50/><D132/><U96/><E0/><V24/><F5/><W74/><G106/><T59/><D107/><U26/><E40/><V35/><F70/><W81/><G1/><T83/><D103/><U46/><E46/><V89/><F67/><W122/><G133/><T84/><D59/><U7/><E7/><V108/><F108/><W14/><G124/><T79/><D79/><U25/><E65/><V64/><F64/><W135/><G135/><T134/><D134/><U68/><E61/><V82/><F35/><W2/><G2/><T99/><D73/><U77/><E77/><V51/><F38/><W100/><G74/><T31/><REACH who="0" step="1"/><D10/><REACH who="0" ten="240,250,250,250" step="2"/><U60/><E112/><V58/><F75/><W55/><G100/><T4/><D4/><U78/><E78/><V18/><F28/><W39/><G114/><T118/><D118/><U116/><E116/><V109/><F109/><W57/><G113/><T9/><D9/><U131/><E111/><V62/><REACH who="2" step="1"/><F89/><REACH who="2" ten="240,250,240,250" step="2"/><W6/><G91/><T44/><D44/><U29/><E110/><V69/><F69/><W130/><G6/><T23/><D23/><U12/><E29/><V13/><F13/><W47/><G21/><T36/><D36/><U30/><E12/><V128/><F128/><W8/><G14/><T66/><D66/><U92/><E30/><V3/><F3/><W85/><G15/><T34/><D34/><U37/><E131/><V63/><F63/><W72/><G39/><T49/><AGARI ba="0,2" hai="16,17,27,31,32,48,49,50,76,83,84,90,93,99" machi="49" ten="30,11700,0" yaku="1,1,0,1,52,1,54,1,53,0" doraHai="20" doraHaiUra="120" who="0" fromWho="0" sc="240,137,250,-39,240,-39,250,-39" />
</Scene>
<Scene>
<INIT seed="0,1,0,4,1,99" ten="377,211,201,211" oya="0" hai0="97,106,71,70,121,98,41,105,104,134,123,57,19" hai1="82,54,72,44,94,88,31,23,16,117,65,81,108" hai2="26,79,1,124,3,77,15,8,46,63,29,102,13" hai3="27,53,28,130,2,9,30,24,32,60,125,84,87"/><T68/><D134/><U133/><E133/><V113/><F113/><W48/><G130/><T109/><D41/><U92/><E117/><V95/><F124/><W61/><G125/><T85/><D109/><U49/><E65/><V7/><F3/><W90/><G9/><T40/><D40/><U58/><E108/><V111/><F111/><W0/><G0/><T12/><D57/><U128/><E128/><V73/><F73/><W59/><G2/><T122/><REACH who="0" step="1"/><D85/><REACH who="0" ten="367,211,201,211" step="2"/><U51/><E72/><V112/><F112/><W43/><G43/><T131/><D131/><U132/><E132/><V50/><F46/><W93/><REACH who="3" step="1"/><G87/><REACH who="3" ten="367,211,201,201" step="2"/><T22/><AGARI ba="1,2" hai="12,19,22,68,70,71,97,98,104,105,106,121,122,123" machi="22" ten="50,12000,1" yaku="1,1,0,1,29,2,53,0" doraHai="99" doraHaiUra="74" who="0" fromWho="0" sc="367,143,211,-41,201,-41,201,-41" />
</Scene>
<Scene>
<INIT seed="0,2,0,3,1,95" ten="510,170,160,160" oya="0" hai0="17,22,31,54,94,76,23,67,86,56,64,21,51" hai1="41,1,39,106,133,18,98,33,32,77,87,69,62" hai2="75,122,72,26,134,50,13,38,6,99,20,36,49" hai3="96,55,58,80,118,10,125,5,45,114,112,28,40"/><T128/><D128/><U116/><E1/><V63/><F122/><W93/><G118/><T104/><D104/><U43/><E116/><V0/><F0/><W82/><G125/><T34/><D34/><U100/><E133/><V88/><F134/><W119/><G119/><T60/><D31/><U52/><E39/><V24/><F63/><W70/><G70/><T46/><D94/><U84/><E84/><V124/><F6/><W83/><G28/><T9/><D9/><U121/><E32/><V68/><F68/><W71/><G71/><T102/><D102/><U27/><E121/><V2/><F2/><W15/><G58/><T66/><D17/><U79/><E79/><V53/><F53/><W8/><G8/><T130/><D130/><U85/><E85/><V105/><F105/><W3/><G55/><T109/><D109/><U81/><E18/><V57/><F57/><W110/><G110/><T117/><D117/><U91/><E77/><V90/><F13/><W73/><G73/><T48/><D46/><U111/><E111/><V37/><F37/><W30/><G30/><T97/><D56/><U108/><E108/><V92/><F92/><W35/><G35/><T65/><D54/><U42/><E52/><V101/><F101/><N who="3" m="60559" /><G3/><T47/><D47/><U16/><E33/><V131/><F131/><W11/><G11/><T4/><D48/><U103/><E69/><V107/><F38/><N who="3" m="21655" /><G114/><T132/><D51/><U78/><E62/><V89/><F36/><W127/><G112/><T19/><D60/><U74/><E74/><V61/><F75/><W115/><G115/><RYUUKYOKU ba="2,0" sc="510,-10,170,-10,160,-10,160,30" hai3="5,10,15,80,82,83,127" />
</Scene>
<Scene>
<INIT seed="1,3,0,3,3,86" ten="500,160,150,190" oya="1" hai0="119,29,37,25,60,83,22,35,20,16,26,3,18" hai1="44,97,120,101,12,34,94,54,112,87,99,33,110" hai2="121,125,46,79,15,9,89,40,73,58,85,30,52" hai3="51,47,59,88,84,14,17,41,62,75,43,135,91"/><U130/><E120/><V10/><F121/><W107/><G107/><T76/><D37/><U108/><E112/><V105/><F105/><W126/><G75/><T55/><D119/><U19/><E130/><V113/><F113/><W31/><G135/><T77/><D3/><U42/><E54/><V38/><F125/><W32/><G126/><T131/><D131/><U81/><E99/><V133/><F133/><W95/><G32/><T109/><D109/><N who="1" m="42091" /><E19/><V111/><F111/><W132/><G132/><T116/><D116/><U90/><E12/><V69/><F30/><W122/><G122/><T27/><D83/><U13/><E13/><V93/><F69/><W36/><G31/><T100/><D100/><U74/><E74/><V66/><F66/><W78/><G36/><AGARI ba="3,0" hai="33,34,36,42,44,81,87,90,94,97,101" m="42091" machi="36" ten="30,5800,0" yaku="14,1,10,1,52,1" doraHai="86" who="1" fromWho="3" sc="500,0,160,67,150,0,190,-67" />
</Scene>
<Scene>
<INIT seed="1,4,0,5,3,98" ten="500,227,150,123" oya="1" hai0="18,37,52,20,28,114,112,5,16,44,115,10,64" hai1="47,53,89,60,63,119,92,82,127,108,11,45,56" hai2="24,132,41,80,7,73,51,78,121,131,13,35,100" hai3="104,125,123,12,124,102,93,88,118,122,135,15,55"/><U9/><E119/><V61/><F121/><W29/><G118/><T67/><D28/><U68/><E127/><N who="3" m="48714" /><G29/><T46/><D37/><U130/><E130/><V27/><F35/><W14/><G135/><T117/><D117/><U30/><E30/><V6/><F132/><W69/><G69/><T34/><D34/><U26/><E26/><V42/><F131/><W111/><G111/><T77/><D77/><U86/><E108/><V126/><F126/><W95/><G55/><T17/><D20/><U107/><E107/><V96/><F61/><W106/><G95/><T99/><D99/><U4/><E9/><V74/><F74/><W129/><G129/><T40/><D52/><U50/><E68/><V134/><F134/><W19/><G19/><T58/><D58/><U43/><E45/><V103/><F42/><W70/><G70/><T105/><D105/><N who="3" m="40553" /><G102/><T83/><D18/><U23/><E23/><V113/><F100/><W32/><G32/><T21/><D17/><U71/><E71/><V81/><F103/><W84/><AGARI ba="4,0" hai="12,14,15,84,88,93,122,123" m="40553,48714" machi="84" ten="40,2700,0" yaku="18,1,54,1" doraHai="98" who="3" fromWho="3" sc="500,-11,227,-17,150,-11,123,39" />
</Scene>
<Scene>
<INIT seed="2,0,0,2,2,61" ten="489,210,139,162" oya="2" hai0="125,83,117,45,62,127,48,99,0,1,40,118,56" hai1="113,35,20,41,17,73,130,10,132,53,129,107,51" hai2="32,12,34,3,44,110,75,108,5,116,89,81,96" hai3="121,67,92,54,49,46,79,86,95,14,25,76,27"/><V78/><F116/><N who="0" m="44650" /><D99/><U120/><E73/><V105/><F12/><W102/><G121/><T98/><D98/><U82/><E107/><V59/><F59/><W31/><G102/><T58/><D83/><U112/><E82/><V91/><F91/><W15/><G86/><T123/><D123/><U74/><E74/><V39/><F89/><W72/><G72/><T101/><D101/><U21/><E41/><N who="2" m="22591" /><F96/><W23/><G27/><T57/><D62/><U30/><E53/><V29/><F105/><W65/><G14/><T60/><D60/><U7/><E51/><V6/><F6/><W4/><G4/><T131/><D131/><U84/><E84/><V22/><F22/><W77/><REACH who="3" step="1"/><G15/><REACH who="3" ten="489,210,139,152" step="2"/><T13/><D13/><N who="1" m="5343" /><E120/><V97/><F97/><W122/><G122/><T16/><D0/><U106/><E130/><V103/><F103/><W43/><G43/><T126/><D1/><U128/><E129/><V94/><F94/><AGARI ba="0,1" hai="23,25,31,46,49,54,65,67,76,77,79,92,94,95" machi="94" ten="40,8000,1" yaku="1,1,8,1,52,2,53,1" doraHai="61" doraHaiUra="18" who="3" fromWho="2" sc="489,0,210,0,139,-80,152,90" />
</Scene>
<Scene>
<INIT seed="3,0,0,3,2,26" ten="489,210,59,242" oya="3" hai0="30,120,98,68,63,102,4,83,89,24,101,87,19" hai1="123,15,52,31,57,12,104,97,8,72,46,18,118" hai2="65,96,80,133,74,43,22,59,69,105,91,90,21" hai3="73,125,109,110,6,49,70,40,60,124,71,23,79"/><W77/><G6/><T135/><D120/><U94/><E72/><V3/><F69/><N who="3" m="26123" /><G73/><T128/><D19/><U85/><E123/><V32/><F32/><W92/><G92/><T129/><D4/><U116/><E104/><V51/><F3/><W95/><G95/><T55/><D55/><U39/><E85/><V5/><F5/><W119/><G23/><T67/><D135/><U10/><E39/><V100/><F133/><W25/><G25/><T48/><D48/><U37/><E46/><V34/><F34/><W27/><G27/><T38/><D38/><U114/><E37/><V58/><F58/><W76/><G60/><T56/><D56/><U113/><E31/><V50/><F59/><W64/><G64/><T2/><D2/><U36/><E36/><V9/><F65/><W126/><G119/><N who="1" m="45610" /><E12/><V29/><F74/><W99/><G99/><T11/><D11/><U127/><E10/><V122/><F9/><W117/><G117/><T42/><D98/><U20/><E8/><V75/><F75/><W62/><G62/><T66/><D63/><N who="1" m="36263" /><E127/><V108/><F105/><W44/><AGARI ba="0,0" hai="40,44,49,76,77,79,109,110,124,125,126" m="26123" machi="44" ten="50,2400,0" yaku="18,1" doraHai="26" who="3" fromWho="3" sc="489,-8,210,-8,59,-8,242,24" />
</Scene>
<Scene>
<INIT seed="3,1,0,5,2,53" ten="481,202,51,266" oya="3" hai0="45,23,30,58,46,60,9,35,6,79,90,120,69" hai1="95,15,4,25,19,92,12,75,133,67,48,118,91" hai2="112,88,127,34,22,8,68,85,110,94,122,97,107" hai3="64,24,134,81,72,89,59,42,123,103,17,98,108"/><W13/><G123/><T54/><D120/><U82/><E118/><V129/><F122/><W83/><G134/><T119/><D119/><U28/><E67/><V56/><F68/><W44/><G108/><T26/><D69/><U111/><E111/><V37/><F110/><W21/><G72/><T104/><D104/><U124/><E133/><V71/><F71/><W32/><G89/><T121/><D121/><U29/><E124/><V40/><F34/><W116/><G116/><T93/><D79/><U113/><E113/><V61/><F112/><W80/><G32/><T1/><D35/><U117/><E117/><V41/><F127/><W7/><G7/><T131/><D131/><U57/><E75/><V132/><F129/><W62/><G24/><T38/><D38/><U5/><E82/><V130/><F130/><W135/><G135/><T63/><D63/><U33/><E28/><V126/><F126/><W70/><G70/><T50/><D50/><U36/><E36/><V77/><F132/><W87/><G87/><AGARI ba="1,0" hai="1,6,9,23,26,30,45,46,54,58,60,87,90,93" machi="87" ten="30,2000,0" yaku="7,1,52,1" doraHai="53" who="0" fromWho="3" sc="481,23,202,0,51,0,266,-23" />
</Scene>
<Scene>
<INIT seed="4,0,0,1,5,6" ten="504,202,51,243" oya="0" hai0="133,72,46,23,60,111,70,55,102,99,61,122,88" hai1="101,96,86,63,42,126,120,21,128,85,51,48,34" hai2="10,83,24,90,30,87,130,91,2,134,123,71,89" hai3="7,121,84,105,131,20,77,68,14,98,97,112,59"/><T40/><D122/><U65/><E34/><V4/><F134/><W17/><G68/><T93/><D72/><U58/><E120/><V49/><F123/><W56/><G121/><T117/><D70/><U54/><E126/><V29/><F130/><W75/><G75/><T22/><D133/><U115/><E128/><V52/><F71/><W79/><G131/><T127/><D127/><U9/><E115/><V8/><F8/><N who="3" m="4383" /><G105/><T35/><D35/><U108/><E108/><V32/><REACH who="2" step="1"/><F29/><REACH who="2" ten="504,202,41,243" step="2"/><W47/><G112/><T28/><D28/><U1/><E21/><V27/><F27/><W15/><G20/><T74/><D22/><U109/><E109/><V26/><F26/><W95/><G17/><T103/><D23/><U129/><E129/><V81/><F81/><W106/><G15/><T94/><D111/><U11/><E1/><V100/><F100/><W57/><G106/><T119/><D103/><U31/><E31/><V67/><F67/><W37/><G95/><T76/><D102/><U13/><E9/><V118/><F118/><W69/><G69/><T5/><D94/><U18/><E65/><V92/><F92/><W104/><G104/><T36/><D93/><N who="1" m="58511" /><E42/><V135/><F135/><W66/><G66/><T125/><D40/><U53/><E63/><V19/><F19/><W38/><G98/><T110/><D119/><U41/><E41/><V78/><F78/><W44/><G97/><T12/><D117/><U132/><E132/><V73/><F73/><W124/><G124/><T0/><D125/><U25/><E25/><V116/><F116/><W64/><G64/><RYUUKYOKU ba="0,1" sc="504,-15,202,15,41,15,243,-15" hai1="11,13,18,48,51,53,54,58,85,86" hai2="2,4,10,24,30,32,49,52,83,87,89,90,91" />
</Scene>
<Scene>
<INIT seed="5,1,1,1,1,59" ten="489,217,56,228" oya="1" hai0="74,126,29,133,121,13,83,112,66,99,113,52,128" hai1="96,0,77,81,124,102,35,86,95,71,78,129,130" hai2="135,11,2,21,118,42,91,117,4,46,60,28,8" hai3="17,76,67,107,82,45,123,84,55,63,110,53,57"/><U70/><E35/><V14/><F135/><W125/><G110/><T93/><D29/><U98/><E0/><V61/><F117/><W26/><G123/><T131/><D66/><U134/><E134/><V80/><F118/><W97/><G125/><T116/><D83/><U58/><E58/><V101/><F101/><W48/><G107/><T127/><D74/><U24/><E24/><V7/><F28/><W108/><G108/><T30/><D30/><U16/><E16/><V72/><F21/><N who="3" m="13615" /><G97/><T69/><D69/><U38/><E38/><V104/><F104/><W119/><G119/><T36/><D36/><U111/><E111/><V90/><F90/><W31/><G31/><T5/><D116/><U73/><E70/><V56/><F56/><W20/><G20/><T85/><D133/><U68/><E68/><V114/><F114/><W32/><G32/><T100/><D112/><U62/><E62/><V18/><F18/><W43/><AGARI ba="1,1" hai="43,45,48,53,55,57,63,67,76,82,84" m="13615" machi="43" ten="30,2000,0" yaku="8,1,52,1" doraHai="59" who="3" fromWho="3" sc="489,-6,217,-11,56,-6,228,33" />
</Scene>
<Scene>
<INIT seed="6,0,0,2,2,33" ten="483,206,50,261" oya="2" hai0="46,132,96,91,60,57,38,7,123,108,106,67,63" hai1="113,61,51,23,31,131,19,109,79,120,121,58,77" hai2="49,68,13,129,62,86,20,66,100,94,107,103,70" hai3="32,88,27,83,85,112,44,115,2,35,75,5,9"/><V47/><F129/><W64/><G75/><T17/><D108/><U87/><E109/><V99/><F68/><W30/><G64/><T40/><D132/><U124/><E131/><V127/><F127/><W6/><G32/><T125/><D7/><U90/><E124/><V41/><F86/><W72/><G72/><T53/><D123/><N who="1" m="47179" /><E31/><V82/><F82/><W4/><G44/><T128/><D128/><U3/><E3/><V84/><F84/><W119/><G119/><T54/><D125/><U81/><E51/><V10/><F20/><W21/><G35/><T110/><D110/><U34/><E34/><V1/><F1/><W18/><G30/><T37/><D37/><U80/><E80/><V97/><F10/><W98/><G98/><T45/><D45/><U71/><E71/><V26/><REACH who="2" step="1"/><F13/><REACH who="2" ten="483,206,40,261" step="2"/><W52/><G2/><T116/><D116/><U114/><E114/><N who="3" m="43562" /><G9/><T56/><D96/><U65/><E113/><V134/><F134/><W122/><G122/><T36/><D36/><U95/><E81/><V42/><F42/><W89/><G85/><T15/><D38/><U135/><E135/><V22/><F22/><W43/><G83/><T39/><D39/><U111/><E111/><V28/><F28/><W92/><G43/><T117/><D40/><U11/><E11/><V102/><F102/><W24/><G89/><T118/><D91/><U50/><E23/><V25/><AGARI ba="0,1" hai="25,26,41,47,49,62,66,70,94,97,99,100,103,107" machi="25" ten="30,3000,0" yaku="1,1,0,1,53,0" doraHai="33" doraHaiUra="0" who="2" fromWho="2" sc="483,-10,206,-10,40,40,261,-10" />
</Scene>
<Scene>
<INIT seed="6,1,0,5,5,39" ten="473,196,80,251" oya="2" hai0="5,14,119,44,47,68,41,19,92,125,12,18,53" hai1="8,20,22,59,30,74,90,134,71,94,79,89,21" hai2="65,28,93,57,101,42,60,99,88,29,33,63,97" hai3="96,110,26,43,86,123,131,76,10,24,114,80,70"/><V62/><F42/><W1/><G110/><T52/><D68/><U56/><E71/><V82/><F82/><W106/><G70/><T7/><D41/><U32/><E32/><V25/><REACH who="2" step="1"/><F29/><REACH who="2" ten="473,196,70,251" step="2"/><W81/><G80/><T51/><D119/><U98/><E134/><V50/><F50/><W102/><G81/><T35/><D51/><U64/><E30/><V48/><F48/><W13/><G43/><T40/><D40/><U0/><E74/><V107/><AGARI ba="1,1" hai="25,28,33,57,60,62,63,65,88,93,97,99,101,107" machi="107" ten="20,7800,0" yaku="1,1,0,1,7,1,54,1,53,0" doraHai="39" doraHaiUra="120" who="2" fromWho="2" sc="473,-27,196,-27,70,91,251,-27" />
</Scene>
<Scene>
<INIT seed="6,2,0,5,3,4" ten="446,169,161,224" oya="2" hai0="29,133,66,117,48,63,109,7,81,125,35,67,72" hai1="65,70,102,113,12,13,23,92,69,124,114,57,105" hai2="61,120,17,8,55,90,43,50,37,100,44,135,132" hai3="99,93,34,64,1,14,62,30,33,89,94,47,88"/><V85/><F120/><W56/><G1/><T82/><D67/><U95/><E105/><V77/><F77/><W116/><G116/><T78/><D7/><U38/><E38/><V52/><F100/><W108/><G108/><T121/><D109/><U32/><E32/><V25/><F61/><W127/><G127/><T40/><D82/><U84/><E124/><V91/><F55/><W59/><G30/><T118/><D29/><U39/><E39/><V74/><F74/><W73/><G73/><T20/><D20/><U24/><E84/><V122/><F122/><W106/><G106/><T111/><D35/><U41/><E41/><V107/><F107/><W68/><G68/><T119/><D111/><U53/><E65/><V36/><F36/><W22/><G47/><N who="0" m="25703" /><D133/><N who="2" m="51274" /><F85/><W49/><G49/><T19/><D125/><U130/><E70/><V112/><F112/><W2/><G56/><N who="0" m="37223" /><D121/><U83/><E69/><V75/><F75/><W96/><G2/><T101/><D101/><U115/><E102/><V42/><F42/><W15/><G15/><T71/><D71/><U128/><E12/><N who="2" m="7303" /><F25/><W51/><G51/><T60/><D60/><U18/><E13/><V104/><F104/><W103/><G103/><T6/><D72/><U45/><E115/><V126/><F126/><W80/><G80/><T10/><D81/><U86/><E114/><V129/><F129/><W16/><AGARI ba="2,0" hai="14,16,22,33,34,59,62,64,88,89,93,94,96,99" machi="16" ten="30,7900,0" yaku="0,1,9,1,54,2" doraHai="4" who="3" fromWho="3" sc="446,-22,169,-22,161,-41,224,85" />
</Scene>
<Scene>
<INIT seed="7,0,0,4,0,108" ten="424,147,120,309" oya="3" hai0="101,105,38,63,82,25,131,90,84,71,83,110,85" hai1="135,27,4,88,122,104,26,61,32,94,72,19,60" hai2="96,123,81,0,121,130,44,73,107,74,119,111,22" hai3="7,113,57,67,120,128,126,14,134,97,109,52,35"/><W47/><G120/><T8/><D110/><U39/><E39/><V6/><F119/><W9/><G109/><T48/><D38/><U76/><E104/><V33/><F111/><W45/><G35/><T66/><D25/><U114/><E114/><V16/><F130/><W30/><G128/><T13/><D105/><U29/><E4/><V92/><F33/><W15/><G30/><T112/><D101/><U3/><E3/><V59/><F107/><W43/><G134/><T80/><D112/><U50/><E135/><V56/><F56/><W102/><G113/><T89/><D131/><U34/><E76/><V12/><F59/><W103/><G126/><T23/><D48/><U75/><E50/><V28/><F28/><W86/><G67/><T36/><D23/><U54/><E34/><V31/><F31/><W115/><G115/><T117/><D36/><U98/><E61/><V65/><F65/><W116/><G116/><T125/><D125/><U62/><E62/><V2/><F44/><N who="3" m="16971" /><G97/><T1/><D1/><U69/><E69/><V70/><F70/><W5/><G43/><T93/><D117/><U10/><E72/><V77/><F74/><W129/><G129/><T100/><D100/><N who="3" m="38441" /><G86/><T78/><D78/><U133/><E75/><V91/><REACH who="2" step="1"/><F6/><AGARI ba="0,0" hai="6,8,13,63,66,71,80,82,83,84,85,89,90,93" machi="6" ten="30,1000,0" yaku="7,1" doraHai="108" who="0" fromWho="2" sc="424,10,147,0,120,-10,309,0" owari="434,53.0,147,-25.0,110,-39.0,309,11.0" />
</Scene>
</mjloggm>