<mjloggm ver="2.3"><GO type="169"/><UN n0="%E3%80%93%E6%9D%BE%E4%BA%95%EF%BC%A3%EF%BC%B3%E3%80%93" n1="%41%53%41%50%49%4E" n2="%E6%A1%82%E3%83%92%E3%83%8A%E3%82%AE%E3%82%AF" n3="%E6%A1%9C%E8%8A%B1%E9%96%83%E3%80%85" dan="17,18,17,18" rate="2139,2248,2138,2177" sx="M,M,F,M"/><TAIKYOKU oya="0"/>

<Scene>
<INIT seed="0,0,0,0,2,69" ten="250,250,250,250" oya="0" hai0="46,49,6,10,24,3,77,130,62,40,16,58,31" hai1="21,107,38,54,22,126,51,133,131,34,110,104,99" hai2="45,112,125,4,122,82,29,53,124,89,132,93,84" hai3="48,81,7,9,0,33,42,55,1,74,36,108,116"/><T96/><D130/><U65/><E34/><V50/><F122/><W15/><G116/><T35/><D77/><U102/><E131/><V70/><F112/><W120/><G33/><T123/><D123/><U127/><E107/><V90/><F70/><W98/><G120/><T26/><D96/><U66/><E110/><V2/><F29/><W75/><G108/><T11/><D11/><U59/><E38/><V56/><F2/><W17/><G98/><T135/><D135/><U109/><E109/><V134/><F4/><W105/><G105/><T91/><D91/><U85/><E133/><N who="2" m="51307" /><F56/><W41/><G0/><T32/><D16/><U67/><REACH who="1" step="1"/><E85/><AGARI ba="0,0" hai="45,50,53,82,84,85,89,90,93,124,125" m="51307" machi="85" ten="30,1000,0" yaku="20,1" doraHai="69" who="2" fromWho="1" sc="250,0,250,-10,250,10,250,0" />
</Scene>
<Scene>
<INIT seed="1,0,0,4,2,45" ten="250,240,260,250" oya="1" hai0="129,34,70,96,44,128,126,9,23,51,39,61,67" hai1="85,35,132,79,20,50,36,2,57,123,106,81,95" hai2="124,16,80,98,1,114,88,87,78,63,118,27,76" hai3="24,125,119,116,66,17,134,103,94,108,49,120,74"/><U86/><E123/><V54/><F1/><W46/><G120/><T72/><D34/><U59/><E35/><V97/><F118/><W105/><G105/><T122/><D72/><U18/><E36/><V5/><F5/><W111/><G74/><T19/><D122/><U65/><E106/><V15/><F27/><W40/><G66/><T13/><D39/><U101/><E2/><V112/><F124/><W90/><G103/><T42/><D126/><U33/><E33/><V62/><F62/><W10/><G125/><T21/><REACH who="0" step="1"/><D96/><REACH who="0" ten="240,240,260,250" step="2"/><N who="1" m="59551" /><E132/><V7/><F98/><N who="3" m="57687" /><G134/><T41/><D41/><U84/><E65/><V77/><F97/><W14/><G116/><T69/><D69/><U3/><E3/><V47/><F114/><W53/><G119/><T31/><D31/><U12/><E59/><V60/><F112/><W0/><G0/><T52/><D52/><AGARI ba="0,1" hai="12,18,20,50,52,57,79,81,84,85,86" m="59551" machi="52" ten="30,5800,0" yaku="8,1,52,1,54,1" doraHai="45" who="1" fromWho="0" sc="240,-58,240,68,260,0,250,0" />
</Scene>
<Scene>
<INIT seed="1,1,0,5,0,92" ten="182,308,260,250" oya="1" hai0="134,94,135,130,24,104,54,112,4,106,63,31,79" hai1="132,36,32,119,83,16,110,131,123,48,20,19,88" hai2="128,2,38,30,103,37,33,108,105,21,56,129,66" hai3="35,98,78,44,101,117,58,109,124,9,74,42,97"/><U87/><E119/><V13/><F2/><W125/><G35/><T39/><D112/><U7/><E123/><V95/><F105/><W65/><G117/><T53/><D39/><U62/><E36/><V29/><F33/><W90/><G109/><T0/><D130/><U51/><E32/><V81/><F81/><N who="3" m="45271" /><G101/><T12/><D0/><U55/><E131/><V45/><F45/><W116/><G90/><T18/><D4/><U41/><E132/><V59/><F13/><W127/><G9/><T61/><D79/><U8/><E110/><V68/><F68/><W26/><G26/><T17/><D31/><U73/><E73/><V15/><F15/><W64/><G116/><T93/><REACH who="0" step="1"/><D12/><REACH who="0" ten="172,308,260,250" step="2"/><N who="1" m="7175" /><E7/><V34/><F30/><W84/><G124/><T133/><D133/><U99/><E19/><V100/><F29/><W71/><G125/><T67/><D67/><U40/><E20/><V114/><F21/><W76/><G65/><T11/><D11/><U107/><E107/><V60/><F66/><W120/><G127/><T5/><D5/><U96/><E62/><V50/><F60/><W47/><G64/><T1/><D1/><U85/><E48/><V10/><F50/><W49/><G49/><T23/><D23/><U82/><E41/><V75/><F129/><W57/><G42/><T91/><D91/><N who="1" m="51639" /><E40/><V80/><F128/><W43/><G43/><T89/><D89/><U115/><E115/><V25/><F38/><W111/><G111/><T70/><D70/><U52/><E55/><V113/><F37/><W14/><G71/><T6/><D6/><U86/><E52/><RYUUKYOKU ba="1,1" sc="172,30,308,-10,260,-10,250,-10" hai0="17,18,24,53,54,61,63,93,94,104,106,134,135" />
</Scene>
<Scene>
<INIT seed="2,2,1,1,4,79" ten="202,298,250,240" oya="2" hai0="48,62,10,68,61,130,70,134,114,126,95,20,107" hai1="76,80,78,54,94,39,82,59,96,53,44,33,11" hai2="1,90,64,120,112,19,46,28,45,9,14,34,125" hai3="101,26,128,98,5,119,52,0,91,135,23,8,7"/><V41/><F120/><W40/><G119/><T105/><D114/><U55/><E33/><V6/><F112/><W37/><G128/><T122/><D122/><U63/><E11/><V16/><F125/><W74/><G135/><T132/><D130/><U24/><E24/><V60/><F34/><W3/><G74/><T18/><D10/><U56/><E39/><V30/><F90/><W38/><G7/><T12/><D126/><U113/><E113/><V51/><F46/><W97/><G3/><T121/><D121/><U92/><E44/><V75/><F75/><W103/><G91/><T47/><D95/><N who="1" m="36395" /><E96/><V49/><F49/><W124/><G124/><T110/><D110/><U123/><E123/><V25/><F1/><W35/><G35/><T118/><D118/><U17/><E17/><N who="2" m="6731" /><F25/><W36/><G40/><T42/><D70/><U15/><E15/><V86/><F86/><W129/><G129/><T31/><D31/><U81/><E56/><AGARI ba="2,1" hai="6,9,14,28,30,41,45,51,56,60,64" m="6731" machi="56" ten="30,2900,0" yaku="8,1,54,1" doraHai="79" who="2" fromWho="1" sc="202,0,298,-35,250,45,240,0" />
</Scene>
<Scene>
<INIT seed="2,3,0,0,2,66" ten="202,263,295,240" oya="2" hai0="97,88,69,82,45,124,30,119,86,98,80,3,55" hai1="93,104,71,112,91,105,114,126,29,110,13,28,11" hai2="38,134,115,19,132,94,117,51,12,70,54,123,35" hai3="95,67,4,21,90,15,10,81,14,103,62,57,22"/><V34/><F38/><W20/><G103/><T43/><D3/><U111/><E126/><V73/><F73/><W129/><G129/><T60/><D124/><U131/><E131/><V52/><F123/><W92/><REACH who="3" step="1"/><G14/><REACH who="3" ten="202,263,295,230" step="2"/><T1/><D1/><U85/><E13/><V48/><F12/><W16/><G16/><T2/><D2/><U40/><E29/><V23/><F19/><W5/><G5/><T96/><D30/><U26/><E28/><V53/><F134/><W63/><G63/><T107/><D119/><U122/><E122/><V89/><F117/><W101/><G101/><T27/><D107/><U99/><E104/><V50/><F115/><W77/><G77/><T6/><D6/><U72/><E105/><V100/><F100/><W18/><G18/><T135/><D135/><U33/><E112/><V42/><F132/><W113/><G113/><T39/><D27/><U0/><E114/><V64/><F42/><W8/><G8/><T31/><D31/><U133/><E40/><V106/><F106/><W127/><G127/><T68/><REACH who="0" step="1"/><D80/><REACH who="0" ten="192,263,295,230" step="2"/><U36/><E133/><V17/><F35/><W74/><G74/><T47/><D47/><U118/><E33/><V102/><F34/><W49/><G49/><T116/><D116/><U120/><E118/><V24/><F48/><W125/><G125/><T56/><AGARI ba="3,2" hai="39,43,45,55,56,60,68,69,82,86,88,96,97,98" machi="56" ten="30,8000,1" yaku="1,1,0,1,52,2,54,1,53,0" doraHai="66" doraHaiUra="130" who="0" fromWho="0" sc="192,109,263,-23,295,-43,230,-23" />
</Scene>
<Scene>
<INIT seed="3,0,0,0,1,16" ten="301,240,252,207" oya="3" hai0="119,112,25,32,99,9,103,114,72,8,13,116,26" hai1="118,30,52,28,53,124,131,18,50,46,48,47,98" hai2="80,64,31,44,101,20,23,56,77,132,69,67,3" hai3="97,39,2,36,134,86,109,37,96,10,105,55,14"/><W135/><G2/><T130/><D72/><U15/><E131/><V70/><F3/><W84/><G55/><T129/><D99/><N who="3" m="37961" /><G105/><T74/><D74/><U82/><E124/><V78/><F101/><W100/><G100/><T113/><D103/><U33/><E33/><V5/><F5/><N who="3" m="3407" /><G109/><T19/><D8/><U115/><E115/><V93/><F93/><W106/><G106/><T75/><D75/><U123/><E123/><V127/><F127/><W1/><G1/><T68/><D68/><U92/><E118/><N who="0" m="45097" /><D32/><U59/><E59/><V117/><F31/><W108/><G108/><T7/><D7/><U120/><E82/><V126/><F69/><W66/><G66/><T6/><D6/><U34/><E34/><V102/><F70/><W85/><G86/><T22/><D9/><N who="1" m="6511" /><E120/><V45/><F102/><AGARI ba="0,0" hai="28,30,46,47,48,50,52,53,92,98,102" m="6511" machi="102" ten="30,2000,0" yaku="8,1,54,1" doraHai="16" who="1" fromWho="2" sc="301,0,240,20,252,-20,207,0" />
</Scene>
<Scene>
<INIT seed="4,0,0,4,5,98" ten="301,260,232,207" oya="0" hai0="101,15,116,121,108,27,93,18,125,34,74,112,45" hai1="119,55,13,8,22,42,17,114,126,44,97,29,35" hai2="77,131,69,54,51,39,115,104,92,62,78,40,5" hai3="117,87,28,73,59,85,123,70,106,20,99,47,100"/><T32/><D116/><U6/><E119/><V127/><F104/><W95/><G117/><T2/><D2/><U88/><E126/><V60/><F127/><W132/><G70/><T36/><D125/><U61/><E114/><V12/><F115/><W64/><G73/><T56/><D74/><U129/><E129/><V102/><F39/><W16/><G132/><T14/><D112/><U50/><E35/><V52/><F40/><W130/><G130/><T133/><D121/><U83/><E29/><V9/><F69/><W89/><G28/><T57/><D108/><U21/><E21/><V7/><F7/><W33/><G33/><T110/><D110/><U65/><E42/><V91/><F102/><W24/><G123/><T135/><D45/><U76/><E61/><N who="2" m="23659" /><F131/><W25/><G59/><N who="0" m="22603" /><D36/><U23/><E65/><V107/><F107/><W128/><G128/><T66/><D66/><U84/><E6/><V122/><F122/><W86/><G64/><T120/><D120/><U43/><E43/><V118/><F118/><W105/><G105/><T26/><D34/><U79/><E76/><N who="2" m="29291" /><F51/><W19/><G47/><T81/><D32/><U46/><E46/><V1/><F1/><W67/><G67/><T49/><D49/><U96/><E79/><V82/><F82/><W53/><G53/><T30/><D81/><U80/><E80/><V3/><F3/><W72/><G72/><T10/><D135/><U38/><E38/><V31/><F31/><W4/><G4/><N who="0" m="3399" /><D133/><U68/><E68/><V111/><F111/><W113/><G113/><T94/><D30/><U11/><E11/><RYUUKYOKU ba="0,0" sc="301,-30,260,10,232,10,207,10" hai1="8,13,17,22,23,44,50,55,83,84,88,96,97" hai2="5,9,12,52,54,91,92" hai3="16,19,20,24,25,85,86,87,89,95,99,100,106" />
</Scene>
<Scene>
<INIT seed="5,1,0,4,1,76" ten="271,270,242,217" oya="1" hai0="9,16,46,52,107,23,67,131,10,60,42,14,105" hai1="133,89,69,20,29,130,87,101,30,8,22,6,55" hai2="58,71,3,82,26,72,57,135,43,25,94,126,2" hai3="99,18,90,78,119,45,17,61,127,7,54,77,27"/><U51/><E69/><V31/><F71/><W81/><G127/><T98/><D131/><U50/><E130/><V28/><F126/><W5/><G119/><T129/><D129/><U114/><E114/><V112/><F112/><W11/><G45/><T21/><D21/><U111/><E133/><V36/><F36/><W118/><G118/><T132/><D132/><U12/><E111/><V56/><F43/><W123/><G123/><T32/><D32/><U100/><E22/><V92/><F135/><W39/><G39/><T64/><D107/><U34/><E34/><V48/><F57/><N who="3" m="34999" /><G27/><T40/><D105/><U106/><E51/><V103/><F48/><W41/><G41/><N who="0" m="15979" /><D98/><U84/><E84/><V33/><F103/><N who="1" m="39497" /><E20/><V93/><F33/><W97/><G99/><T117/><D117/><U109/><E109/><V4/><F4/><W47/><G5/><T79/><D79/><U124/><E106/><V116/><F116/><W66/><G77/><T113/><D113/><U115/><E115/><V80/><F93/><W120/><G78/><T70/><D70/><U91/><E91/><V88/><F88/><W121/><G120/><T134/><D134/><U24/><E24/><V73/><AGARI ba="1,0" hai="2,3,25,26,28,31,56,58,72,73,80,82,92,94" machi="73" ten="25,8000,1" yaku="0,1,22,2,52,2" doraHai="76" who="2" fromWho="2" sc="271,-21,270,-41,242,83,217,-21" />
</Scene>
<Scene>
<INIT seed="6,0,0,4,4,7" ten="250,229,325,196" oya="2" hai0="112,66,55,20,30,76,51,32,132,29,38,105,125" hai1="127,73,50,60,2,13,67,54,33,46,135,9,27" hai2="96,128,36,8,99,21,129,25,77,75,119,106,74" hai3="71,31,116,28,15,58,10,11,90,107,4,123,35"/><V126/><F119/><W18/><G71/><T26/><D38/><U56/><E135/><V40/><F40/><W61/><G116/><T34/><D105/><U133/><E133/><V37/><F77/><W43/><G123/><T70/><D132/><U113/><E113/><V64/><F106/><W114/><G114/><T89/><D112/><U19/><E127/><V80/><F80/><W39/><G107/><T59/><D125/><U95/><E73/><V3/><F64/><W103/><G103/><T63/><D76/><U134/><E134/><V94/><F96/><W49/><G39/><T84/><REACH who="0" step="1"/><D30/><REACH who="0" ten="240,229,325,196" step="2"/><U1/><E33/><V53/><F37/><W121/><G35/><T108/><D108/><U93/><REACH who="1" step="1"/><E27/><REACH who="1" ten="240,219,325,196" step="2"/><V122/><F25/><W104/><G121/><T117/><D117/><U14/><E14/><V65/><F122/><W48/><G15/><T68/><D68/><U45/><E45/><V83/><F126/><W120/><G120/><T72/><D72/><U100/><E100/><V24/><F75/><W0/><G0/><AGARI ba="0,2" hai="0,1,2,9,13,19,46,50,54,56,60,67,93,95" machi="0" ten="40,5200,0" yaku="1,1,52,1,53,1" doraHai="7" doraHaiUra="52" who="1" fromWho="3" sc="240,0,219,72,325,0,196,-52" />
</Scene>
<Scene>
<INIT seed="7,0,0,3,5,129" ten="240,291,325,144" oya="3" hai0="100,1,81,10,94,19,22,73,67,96,70,123,39" hai1="36,24,112,97,114,91,83,134,118,16,45,53,46" hai2="58,121,25,60,74,30,41,40,98,38,33,44,108" hai3="52,88,48,115,17,93,31,37,62,18,11,26,102"/><W126/><G37/><T92/><D123/><U28/><E118/><V61/><F74/><W75/><G75/><T54/><D39/><U76/><E134/><V131/><F108/><W13/><G115/><N who="1" m="44074" /><E36/><V32/><F32/><W2/><G126/><T9/><D1/><U127/><E127/><V20/><F40/><W35/><G2/><T95/><D67/><U132/><E132/><V51/><F131/><W7/><G62/><T79/><D70/><U87/><E53/><V34/><F121/><W86/><REACH who="3" step="1"/><G102/><REACH who="3" ten="240,291,325,134" step="2"/><T4/><D100/><U59/><E28/><V27/><F38/><W0/><G0/><T107/><D73/><U133/><E133/><V47/><F61/><W89/><G89/><T6/><D79/><U85/><E76/><V125/><F30/><W113/><G113/><T77/><D77/><U122/><E122/><V84/><F60/><W56/><AGARI ba="0,1" hai="7,11,13,17,18,26,31,35,48,52,56,86,88,93" machi="56" ten="20,18000,2" yaku="1,1,0,1,7,1,54,2,53,1" doraHai="129" doraHaiUra="5" who="3" fromWho="3" sc="240,-60,291,-60,325,-60,134,190" owari="180,-32.0,231,-17.0,265,7.0,324,42.0" />
</Scene>
</mjloggm>