<mjloggm ver="2.3"><GO type="169"/><UN n0="%41%53%41%50%49%4E" n1="%73%61%77%6C%79" n2="%E3%81%91%E3%82%93%31%39%37%30" n3="%E3%81%BE%E3%81%8A%E3%82%89%E3%82%93" dan="19,17,16,16" rate="2195,2155,2116,2101" sx="M,M,M,F"/><TAIKYOKU oya="0"/>

<Scene>
<INIT seed="0,0,0,0,1,133" ten="250,250,250,250" oya="0" hai0="54,47,118,135,4,79,123,34,39,55,38,42,25" hai1="88,131,71,87,90,16,56,45,109,7,99,43,127" hai2="72,59,8,134,33,78,57,97,92,101,64,108,85" hai3="91,77,76,20,27,94,62,105,41,119,50,86,73"/><T115/><D115/><U48/><E109/><V75/><F108/><W51/><G105/><T61/><D118/><U32/><E131/><V82/><F33/><W125/><G119/><T104/><D123/><U35/><E127/><V113/><F113/><W63/><G73/><T12/><D104/><U83/><E71/><V19/><F134/><W111/><G111/><T89/><D135/><U29/><E7/><V100/><F100/><W1/><G1/><T21/><D34/><U10/><E29/><V15/><F64/><W30/><G125/><T31/><D39/><U24/><E56/><V122/><F122/><W14/><G14/><T95/><D79/><N who="3" m="30281" /><G41/><T126/><D126/><U68/><E68/><V52/><REACH who="2" step="1"/><F59/><REACH who="2" ten="250,250,240,250" step="2"/><W9/><G9/><T132/><D132/><U46/><E32/><V98/><F98/><W102/><G102/><T103/><D103/><U120/><E35/><V114/><F114/><W44/><G44/><T124/><D124/><U13/><E120/><V58/><F58/><W107/><G107/><T2/><D47/><U26/><E46/><V6/><F6/><W60/><AGARI ba="0,1" hai="20,27,30,50,51,60,62,63,86,91,94" m="30281" machi="60" ten="30,1100,0" yaku="8,1" doraHai="133" who="3" fromWho="3" sc="250,-5,250,-3,240,-3,250,21" />
</Scene>
<Scene>
<INIT seed="1,0,0,1,5,81" ten="245,247,237,271" oya="1" hai0="94,59,46,16,14,35,120,39,87,55,95,51,117" hai1="113,4,53,130,133,30,72,18,88,90,11,104,105" hai2="135,21,76,116,125,106,34,89,44,54,56,60,33" hai3="132,78,129,66,127,52,84,36,121,103,112,86,31"/><U71/><E113/><V70/><F106/><W124/><G121/><T100/><D117/><U122/><E122/><V110/><F76/><W50/><G112/><T15/><D35/><U8/><E130/><V43/><F116/><W17/><G36/><T48/><D39/><U93/><E133/><V131/><F135/><W98/><G132/><T5/><D120/><U27/><E72/><V123/><F123/><W73/><G129/><T96/><D5/><U28/><E71/><V92/><F70/><W77/><G66/><T0/><D0/><U32/><E30/><V68/><F68/><W3/><G17/><T41/><D14/><U118/><E118/><V20/><F20/><W126/><G3/><T134/><D134/><U85/><E53/><V79/><F79/><N who="3" m="30219" /><G31/><T57/><D57/><U38/><E38/><V6/><F6/><W114/><G73/><T12/><D12/><U1/><REACH who="1" step="1"/><E90/><REACH who="1" ten="245,237,237,271" step="2"/><V37/><F131/><W97/><G114/><T80/><D55/><U109/><E109/><V107/><F110/><W19/><G19/><T83/><D59/><U64/><E64/><V49/><F37/><W45/><G98/><T26/><D96/><U62/><E62/><V99/><F60/><W40/><G40/><T42/><D41/><U10/><E10/><V111/><F43/><W119/><G119/><T69/><D42/><U7/><E7/><V47/><F111/><W75/><G75/><T91/><D69/><U74/><E74/><V2/><F99/><W24/><G24/><T65/><D26/><U9/><E9/><V67/><F67/><W82/><G97/><RYUUKYOKU ba="0,1" sc="245,-10,237,30,237,-10,271,-10" hai1="1,4,8,11,18,27,28,32,85,88,93,104,105" />
</Scene>
<Scene>
<INIT seed="1,1,1,0,4,83" ten="235,267,227,261" oya="1" hai0="37,97,108,106,68,56,45,44,64,27,3,133,10" hai1="62,63,51,91,130,28,129,71,58,123,94,67,20" hai2="111,101,36,72,121,132,2,124,16,92,95,127,126" hai3="114,78,84,81,88,52,14,43,82,122,22,47,29"/><U57/><E123/><V119/><F121/><W118/><G118/><T102/><D108/><U49/><E28/><V40/><F119/><W110/><G122/><T69/><D133/><U87/><E20/><V41/><F2/><W6/><G114/><T60/><D68/><U13/><E13/><V9/><F72/><W116/><G116/><T30/><D37/><U107/><E107/><V54/><F132/><W32/><G32/><T31/><D31/><U79/><E79/><V76/><F76/><W34/><G34/><N who="0" m="20831" /><D56/><U120/><E120/><V66/><F66/><W8/><G110/><T42/><D42/><U48/><REACH who="1" step="1"/><E71/><REACH who="1" ten="235,257,227,261" step="2"/><V112/><F111/><W12/><G29/><T86/><D3/><U33/><E33/><V70/><F70/><W7/><G22/><T90/><D10/><U73/><E73/><V35/><F35/><W128/><G128/><T38/><D38/><U0/><E0/><V135/><F135/><W125/><G125/><T80/><AGARI ba="1,2" hai="44,45,60,64,69,80,86,90,97,102,106" m="20831" machi="80" ten="30,2000,0" yaku="25,1,52,1" doraHai="83" who="0" fromWho="0" sc="235,43,257,-11,227,-6,261,-6" />
</Scene>
<Scene>
<INIT seed="2,0,0,1,2,89" ten="278,246,221,255" oya="2" hai0="55,100,15,11,129,96,41,92,21,97,44,105,106" hai1="73,34,125,7,88,95,5,98,109,2,113,70,66" hai2="0,67,14,102,134,50,94,83,26,72,48,27,28" hai3="36,87,43,30,124,130,132,111,84,9,19,123,54"/><V63/><F0/><W86/><G123/><T45/><D129/><U68/><E109/><V60/><F134/><W4/><G132/><T42/><D21/><U103/><E125/><V24/><F72/><W64/><G124/><T10/><D55/><U131/><E131/><V122/><F122/><W82/><G130/><T16/><D11/><U3/><E113/><V47/><F83/><W104/><G104/><T108/><D108/><U126/><E126/><V75/><F75/><W65/><G111/><T93/><D105/><U12/><E73/><V59/><F63/><W107/><G107/><T85/><D85/><U119/><E119/><V57/><F14/><N who="3" m="5415" /><G36/><T29/><D29/><U6/><E34/><V37/><F37/><W90/><G30/><T69/><D69/><U13/><E2/><V49/><F59/><W33/><G43/><N who="0" m="16395" /><D106/><U56/><E3/><V23/><F47/><W52/><G33/><T114/><D114/><U110/><E110/><V71/><F71/><W31/><G31/><T117/><D117/><U116/><E116/><V20/><F20/><W58/><G54/><T112/><D112/><U120/><E120/><V99/><AGARI ba="0,0" hai="23,24,26,27,28,48,49,50,57,60,67,94,99,102" machi="99" ten="30,12000,1" yaku="0,1,25,2,8,1,52,1" doraHai="89" who="2" fromWho="2" sc="278,-40,246,-40,221,120,255,-40" />
</Scene>
<Scene>
<INIT seed="2,1,0,0,0,13" ten="238,206,341,215" oya="2" hai0="109,2,33,84,115,125,131,94,92,29,74,27,113" hai1="79,14,127,96,11,18,12,41,91,65,52,118,53" hai2="15,4,47,69,90,44,124,83,62,130,99,88,49" hai3="117,45,59,116,61,98,114,126,20,42,50,104,119"/><V60/><F124/><W72/><G72/><T30/><D74/><U68/><E127/><V95/><F130/><W134/><G126/><T108/><D125/><U6/><E118/><V19/><F4/><W128/><G128/><T122/><D131/><U1/><E79/><V102/><F47/><W101/><G134/><T48/><D2/><U66/><E1/><V0/><F0/><W111/><G111/><N who="0" m="42571" /><D122/><U120/><E120/><V70/><F70/><W80/><G80/><T132/><D132/><U40/><E68/><V85/><F102/><W110/><G110/><T71/><D71/><U129/><E129/><V8/><F69/><W26/><G114/><T107/><D107/><U36/><E36/><V10/><F10/><W112/><G112/><T9/><D94/><N who="1" m="56415" /><E66/><V103/><F103/><W121/><G121/><T56/><D30/><U24/><E24/><V67/><F67/><W64/><G119/><T57/><D57/><U89/><E65/><V81/><F81/><W23/><G23/><T3/><D84/><U75/><E75/><V58/><F58/><W38/><G38/><T54/><D92/><U77/><E77/><V105/><F105/><W123/><G123/><T97/><D97/><U100/><E100/><V133/><F133/><W82/><G82/><T87/><D87/><U76/><E76/><V28/><F28/><AGARI ba="1,0" hai="20,26,28,42,45,50,59,61,64,98,101,104,116,117" machi="28" ten="30,1000,0" yaku="7,1" doraHai="13" who="3" fromWho="2" sc="238,0,206,0,341,-13,215,13" />
</Scene>
<Scene>
<INIT seed="3,0,0,2,2,91" ten="238,206,328,228" oya="3" hai0="104,60,57,30,93,58,6,121,16,94,4,46,14" hai1="27,71,9,113,120,49,36,117,122,39,74,115,114" hai2="67,75,1,112,126,95,55,73,47,100,17,106,37" hai3="19,98,81,20,5,134,48,72,45,135,80,18,83"/><W26/><G5/><N who="0" m="2155" /><D104/><U87/><E74/><V54/><F1/><W127/><G127/><T41/><D121/><N who="1" m="46699" /><E9/><V107/><F126/><W25/><G72/><T103/><D103/><U33/><E87/><V3/><F3/><W99/><G48/><N who="0" m="26703" /><D30/><U13/><E13/><V69/><F107/><W78/><G45/><T131/><D131/><U76/><E76/><V128/><F106/><W56/><G56/><N who="0" m="21611" /><D60/><U88/><E33/><V97/><F128/><W59/><G59/><T77/><D77/><U65/><E88/><V24/><F75/><W129/><G129/><T35/><D35/><U119/><E27/><V44/><F73/><W10/><G78/><T124/><D124/><U116/><E49/><V84/><F24/><N who="3" m="9323" /><G10/><AGARI ba="0,0" hai="10,14,16,93,94" m="21611,26703,2155" machi="10" ten="30,7700,0" yaku="8,1,52,2,54,1" doraHai="91" who="0" fromWho="3" sc="238,77,206,0,328,0,228,-77" />
</Scene>
<Scene>
<INIT seed="4,0,0,1,0,63" ten="315,206,328,151" oya="0" hai0="71,56,76,96,11,73,80,89,19,8,40,121,62" hai1="61,119,77,14,70,93,134,129,28,95,106,66,48" hai2="111,74,44,41,65,32,68,116,27,9,131,25,98" hai3="64,16,126,58,90,1,124,81,20,122,117,91,39"/><T51/><D121/><U52/><E134/><V36/><F111/><W94/><G1/><T84/><D71/><U24/><E129/><V21/><F131/><W23/><G39/><T102/><D19/><U114/><E114/><V108/><F108/><W130/><G117/><T37/><D37/><U38/><E119/><V47/><F74/><W101/><G130/><T45/><D76/><U43/><E106/><V34/><F116/><W120/><G101/><T85/><D85/><U17/><E77/><V86/><F9/><W55/><G64/><T100/><D73/><U57/><E38/><V46/><F86/><W79/><G23/><T125/><D125/><N who="3" m="48233" /><G81/><T0/><D0/><U133/><E43/><V53/><F53/><W115/><G79/><T87/><D87/><U15/><E133/><V26/><F98/><N who="3" m="57687" /><G91/><T135/><D135/><U50/><E50/><V3/><F3/><W127/><N who="3" m="48241" /><W104/><DORA hai="42" /><G104/><T110/><D110/><U60/><E48/><V4/><F21/><W105/><G105/><T132/><D132/><U35/><REACH who="1" step="1"/><E15/><REACH who="1" ten="315,196,328,151" step="2"/><V18/><F36/><W112/><G115/><T92/><REACH who="0" step="1"/><D100/><REACH who="0" ten="305,196,328,151" step="2"/><U5/><E5/><V75/><F4/><W12/><G112/><T49/><D49/><AGARI ba="0,2" hai="12,16,20,49,55,58,120,122" m="57687,48241" machi="49" ten="40,2600,0" yaku="18,1,54,1" doraHai="63,42" who="3" fromWho="0" sc="305,-26,196,0,328,0,151,46" />
</Scene>
<Scene>
<INIT seed="5,0,0,0,3,69" ten="279,196,328,197" oya="1" hai0="13,121,30,18,125,6,68,4,11,86,34,26,83" hai1="28,12,98,61,91,3,70,45,37,14,111,47,38" hai2="96,15,107,56,48,132,5,82,53,10,57,135,89" hai3="95,7,78,21,128,94,119,41,71,85,97,116,105"/><U103/><E3/><V79/><F107/><W104/><G71/><T55/><D68/><U59/><E70/><V74/><F96/><W87/><G7/><T112/><D112/><U101/><E111/><V118/><F89/><N who="3" m="53567" /><G21/><T75/><D75/><U77/><E77/><V31/><F118/><N who="3" m="45099" /><G41/><T126/><D121/><U113/><E113/><V124/><F31/><W84/><G128/><T123/><D123/><U42/><E28/><V64/><F124/><N who="0" m="47722" /><D55/><U0/><E0/><V76/><F76/><AGARI ba="0,0" hai="4,6,11,13,18,26,30,34,76,83,86" m="47722" machi="76" ten="30,1000,0" yaku="18,1" doraHai="69" who="0" fromWho="2" sc="279,10,196,0,328,-10,197,0" />
</Scene>
<Scene>
<INIT seed="6,0,0,3,3,66" ten="289,196,318,197" oya="2" hai0="125,115,97,126,84,60,11,104,73,77,76,106,12" hai1="26,63,35,50,130,90,74,43,93,39,23,19,64" hai2="58,33,96,6,57,134,18,25,83,53,86,123,92" hai3="51,108,88,42,44,71,89,5,72,21,24,85,17"/><V9/><F123/><W129/><G72/><T135/><D73/><U40/><E130/><V78/><F134/><W113/><G129/><T122/><D122/><U37/><E74/><V124/><F124/><N who="0" m="47722" /><D135/><U1/><E35/><V61/><F58/><W87/><G108/><T29/><D115/><U121/><E1/><V119/><F119/><W41/><G113/><T3/><D3/><U28/><E121/><V62/><F62/><W127/><G127/><T2/><D2/><U31/><E39/><V99/><F33/><W59/><G71/><T20/><D84/><U36/><E36/><V14/><F92/><N who="3" m="54287" /><G5/><T112/><D112/><U4/><E4/><V47/><F47/><W68/><G59/><T7/><D60/><U120/><E120/><V79/><F79/><N who="0" m="30282" /><D97/><U109/><E37/><V82/><F82/><N who="3" m="49399" /><G68/><T81/><D81/><U100/><E109/><V67/><F67/><W105/><G105/><T94/><D94/><U102/><E102/><V56/><F56/><W13/><G41/><T107/><D107/><U131/><E100/><V22/><AGARI ba="0,0" hai="6,9,14,18,22,25,53,57,61,78,83,86,96,99" machi="22" ten="30,3000,0" yaku="0,1,8,1" doraHai="66" who="2" fromWho="2" sc="289,-10,196,-10,318,30,197,-10" />
</Scene>
<Scene>
<INIT seed="6,1,0,3,2,47" ten="279,186,348,187" oya="2" hai0="77,131,99,41,113,17,40,105,39,60,90,67,120" hai1="85,22,38,135,25,122,44,128,126,92,33,133,59" hai2="5,53,98,107,2,23,18,88,46,97,78,3,104" hai3="79,34,109,1,81,6,121,57,54,65,82,132,61"/><V75/><F75/><W51/><G34/><T101/><D120/><U117/><E117/><V116/><F116/><W26/><G121/><T87/><D39/><U10/><E122/><V9/><F78/><W20/><G109/><T19/><D113/><U29/><E126/><V55/><F3/><W111/><G111/><T134/><D134/><N who="1" m="51211" /><E128/><V94/><F98/><W91/><G132/><T123/><D123/><U74/><E74/><V119/><F119/><W129/><G129/><T112/><D112/><U102/><E10/><V45/><F45/><W103/><G103/><T36/><D131/><U37/><E59/><V49/><REACH who="2" step="1"/><F55/><REACH who="2" ten="279,186,338,187" step="2"/><W96/><G96/><T12/><D77/><U76/><E44/><V27/><AGARI ba="1,1" hai="2,5,9,18,23,27,46,49,53,88,94,97,104,107" machi="27" ten="20,18000,2" yaku="1,1,2,1,0,1,7,1,52,1,54,1,53,1" doraHai="47" doraHaiUra="35" who="2" fromWho="2" sc="279,-61,186,-61,338,193,187,-61" />
</Scene>
<Scene>
<INIT seed="6,2,0,1,2,44" ten="218,125,531,126" oya="2" hai0="114,20,73,113,96,48,62,13,92,42,97,2,84" hai1="40,7,78,17,126,30,59,45,25,14,127,57,130" hai2="38,8,93,27,26,50,1,70,79,85,103,134,22" hai3="15,115,82,63,119,35,110,51,31,116,18,87,131"/><V19/><F38/><W24/><G110/><T135/><D73/><U67/><E130/><V74/><F70/><W56/><G131/><T5/><D2/><U64/><E78/><V49/><F74/><W132/><G132/><T55/><D135/><U33/><E7/><V104/><F104/><W10/><G115/><N who="0" m="44043" /><D42/><U36/><E67/><V90/><F134/><W23/><G35/><T112/><D62/><U46/><E46/><V43/><F43/><W133/><G133/><T107/><D107/><U65/><E65/><V21/><F103/><W61/><G119/><T28/><D28/><U122/><E122/><V124/><F79/><W83/><G116/><T80/><D92/><U123/><E123/><V66/><F66/><W71/><G71/><T106/><D106/><U95/><E95/><V102/><F102/><W34/><G34/><T11/><D20/><N who="1" m="11319" /><E64/><V99/><F99/><W3/><G3/><T76/><D112/><U53/><E53/><V9/><F124/><AGARI ba="2,0" hai="25,30,33,36,40,45,57,59,124,126,127" m="11319" machi="124" ten="30,1000,0" yaku="18,1" doraHai="44" who="1" fromWho="2" sc="218,0,125,16,531,-16,126,0" />
</Scene>
<Scene>
<INIT seed="7,0,0,3,3,69" ten="218,141,515,126" oya="3" hai0="13,101,45,58,68,122,72,41,9,35,131,66,125" hai1="6,43,132,28,121,51,79,83,118,10,105,21,88" hai2="63,128,126,106,82,76,123,91,19,129,57,56,30" hai3="117,48,62,115,29,92,102,124,27,85,109,22,53"/><W12/><G117/><T3/><D122/><U133/><E105/><V127/><F30/><W134/><G134/><N who="1" m="51818" /><E121/><V112/><F106/><W103/><G124/><T71/><D72/><N who="1" m="43495" /><E118/><V42/><F42/><W17/><G115/><T55/><D35/><U80/><E43/><V15/><F91/><N who="3" m="53359" /><G62/><T119/><D3/><U64/><E64/><V100/><F112/><W114/><G114/><T47/><D125/><U107/><E51/><V87/><F123/><W50/><G109/><T25/><D119/><U135/><E135/><V96/><F126/><W37/><G37/><T46/><D41/><U34/><E34/><V31/><F63/><W18/><G29/><T33/><D33/><U84/><E107/><N who="2" m="63879" /><F31/><W120/><G120/><T89/><D68/><U77/><E28/><V116/><F116/><W8/><G50/><T81/><D71/><U38/><E38/><V5/><F127/><W1/><G1/><T14/><D66/><U44/><E21/><N who="2" m="11519" /><F5/><W49/><G49/><T11/><D11/><U61/><E61/><V16/><F16/><W32/><G32/><T23/><D9/><U130/><E44/><AGARI ba="0,0" hai="8,12,17,18,22,27,44,48,53,102,103" m="53359" machi="44" ten="30,1500,0" yaku="8,1" doraHai="69" who="3" fromWho="1" sc="218,0,141,-15,515,0,126,15" />
</Scene>
<Scene>
<INIT seed="7,1,0,5,0,12" ten="218,126,515,141" oya="3" hai0="63,47,51,34,109,79,86,107,18,100,102,71,92" hai1="128,21,76,55,135,116,52,85,106,84,118,48,120" hai2="97,0,60,69,81,82,70,25,57,53,89,115,20" hai3="59,67,8,131,83,17,1,98,95,61,124,126,75"/><W49/><G131/><T93/><D109/><U40/><E128/><V36/><F0/><W46/><G75/><T13/><D34/><U62/><E120/><V39/><F115/><W66/><G83/><N who="0" m="47487" /><D107/><U114/><E106/><V78/><F69/><W19/><G67/><T65/><D71/><U96/><E114/><V73/><F70/><W43/><G1/><T104/><D104/><U22/><E135/><V119/><F119/><N who="1" m="45609" /><E96/><V44/><F44/><W125/><G8/><N who="0" m="6439" /><D63/><U133/><E133/><V87/><F97/><W41/><G41/><N who="0" m="25071" /><D65/><U50/><E40/><V130/><F130/><W64/><G66/><T33/><D33/><U23/><E62/><V56/><F56/><W58/><G59/><T37/><D37/><U127/><E127/><V90/><F90/><AGARI ba="1,0" hai="17,19,43,46,49,58,61,64,90,95,98,124,125,126" machi="90" ten="40,7700,0" yaku="18,1,52,2" doraHai="12" who="3" fromWho="2" sc="218,0,126,0,515,-80,141,80" />
</Scene>
<Scene>
<INIT seed="7,2,0,4,0,12" ten="218,126,435,221" oya="3" hai0="82,48,57,131,98,115,79,68,31,66,70,40,58" hai1="73,113,26,69,25,96,104,74,49,100,109,95,27" hai2="129,50,105,14,55,22,85,43,78,87,127,90,45" hai3="108,44,135,72,92,103,52,11,128,83,102,126,38"/><W62/><G108/><T0/><D0/><U47/><E109/><V77/><F105/><W86/><G72/><T65/><D31/><U97/><E113/><V93/><F127/><W114/><G126/><T19/><D115/><U112/><E69/><V61/><F129/><W119/><G114/><T54/><D131/><U76/><E112/><V3/><F3/><W120/><G128/><T125/><D125/><U5/><E74/><V84/><F14/><W9/><G119/><T64/><D40/><U60/><E73/><V111/><F22/><W2/><G120/><T6/><D6/><U124/><E124/><V91/><F111/><W81/><G38/><T123/><D123/><U39/><E39/><V17/><F17/><W4/><G135/><T116/><D116/><U35/><E35/><V10/><F10/><N who="3" m="3595" /><G4/><T15/><D70/><U13/><E104/><V133/><F133/><W28/><G28/><T16/><D68/><U53/><E76/><N who="2" m="29291" /><F93/><W107/><G107/><T33/><D33/><U118/><E118/><V80/><F80/><N who="3" m="30795" /><G2/><T122/><D122/><U51/><E60/><V20/><F20/><W56/><G44/><T41/><D82/><U21/><E97/><V37/><F37/><W71/><G71/><T94/><D79/><U101/><E5/><V134/><F134/><W29/><G29/><T75/><D75/><U1/><E1/><V132/><F132/><W42/><G42/><T23/><D41/><U117/><E117/><V130/><F130/><W46/><G46/><N who="0" m="27927" /><D19/><N who="1" m="10479" /><E101/><AGARI ba="2,0" hai="15,16,23,57,58,64,65,66,94,98,101" m="27927" machi="101" ten="30,3900,0" yaku="8,1,52,1,54,1" doraHai="12" who="0" fromWho="1" sc="218,45,126,-45,435,0,221,0" owari="263,6.0,81,-42.0,435,54.0,221,-18.0" />
</Scene>
</mjloggm>