<mjloggm ver="2.3"><GO type="169" lobby="0"/><UN n0="%E9%9D%92%E6%9C%A8%E8%8C%82" n1="%48%75%6E%74%65%72%5F%44" n2="%E6%B9%8A%E3%81%AE%E9%87%A3%E5%B8%AB" n3="%41%53%41%50%49%4E" dan="16,16,16,19" rate="2121.26,2121.34,2106.04,2316.66" sx="M,M,M,M"/><TAIKYOKU oya="0"/>

<Scene>
<INIT seed="0,0,0,3,5,66" ten="250,250,250,250" oya="0" hai0="83,59,111,77,81,47,71,119,125,96,19,75,120" hai1="18,40,78,51,99,2,0,131,82,129,94,54,134" hai2="32,7,39,130,24,36,115,67,72,23,25,30,50" hai3="108,105,95,60,65,110,106,41,112,121,68,88,89"/><T46/><D119/><U28/><E134/><V26/><F72/><W118/><G112/><T48/><D120/><U123/><E40/><V10/><F115/><W33/><G118/><T49/><D83/><U45/><E123/><V127/><F130/><N who="1" m="49673" /><E28/><V133/><F133/><W31/><G121/><T124/><D96/><U52/><E18/><V3/><F127/><N who="0" m="48714" /><D19/><U64/><E54/><V17/><F25/><N who="3" m="18671" /><G41/><N who="0" m="24655" /><D59/><U80/><E64/><V37/><F50/><W92/><G92/><T1/><D111/><N who="3" m="42537" /><G89/><T35/><D35/><U56/><E56/><V55/><F55/><W34/><G34/><T13/><D13/><U84/><E82/><V5/><F5/><W103/><G103/><AGARI ba="0,0" hai="0,2,45,51,52,78,80,84,94,99,103" m="49673" machi="103" ten="30,2000,0" yaku="19,1,54,1" doraHai="66" who="1" fromWho="3" sc="250,0,250,20,250,0,250,-20" />
</Scene>
<Scene>
<INIT seed="1,0,0,0,5,77" ten="250,270,250,230" oya="1" hai0="55,106,111,15,46,65,124,89,113,131,23,95,34" hai1="133,83,107,53,45,26,126,21,90,63,51,54,61" hai2="128,25,30,100,33,29,44,17,105,71,86,27,8" hai3="114,122,7,98,75,11,56,102,40,39,58,119,108"/><U110/><E107/><V112/><F128/><W1/><G114/><T36/><D113/><U130/><E130/><V52/><F112/><W0/><G122/><T91/><D106/><U109/><E133/><V4/><F71/><W5/><G108/><N who="1" m="41578" /><E126/><V85/><F17/><W92/><G119/><T24/><D111/><U9/><E9/><V87/><F100/><W64/><G64/><T129/><D34/><U43/><E43/><V3/><F105/><W22/><G22/><T13/><D124/><U31/><E54/><V96/><F96/><W41/><G41/><T50/><D65/><U79/><E90/><V32/><REACH who="2" step="1"/><F86/><AGARI ba="0,0" hai="21,26,31,45,51,53,61,63,79,83,86" m="41578" machi="86" ten="30,5800,0" yaku="14,1,10,1,52,1" doraHai="77" who="1" fromWho="2" sc="250,0,270,58,250,-58,230,0" />
</Scene>
<Scene>
<INIT seed="1,1,0,5,3,91" ten="250,328,192,230" oya="1" hai0="33,82,121,41,100,120,117,0,110,14,112,31,130" hai1="36,47,115,63,128,70,80,78,2,58,45,98,107" hai2="37,35,7,8,65,49,1,23,57,55,103,18,84" hai3="89,113,102,122,132,74,87,24,92,56,4,111,93"/><U118/><E118/><V43/><F35/><W32/><G113/><T10/><D112/><U96/><E115/><V44/><F103/><W71/><G71/><T61/><D0/><U116/><E116/><V3/><F3/><W127/><G74/><T68/><D41/><U53/><E2/><V131/><F131/><W106/><G122/><T119/><D130/><U133/><E128/><V16/><F23/><W39/><G39/><T83/><D100/><U40/><E133/><V75/><F75/><W21/><G32/><T11/><D33/><U123/><E123/><V19/><F84/><W17/><G132/><T135/><D135/><U59/><E107/><V76/><F76/><W38/><G38/><T105/><D105/><U67/><E47/><V129/><F129/><W20/><G4/><T29/><D14/><U125/><E125/><V30/><F30/><W27/><G111/><T104/><D104/><U60/><REACH who="1" step="1"/><E70/><REACH who="1" ten="250,318,192,230" step="2"/><V34/><F1/><W124/><G106/><T5/><D68/><U73/><AGARI ba="1,1" hai="36,40,45,53,58,59,60,63,67,73,78,80,96,98" machi="73" ten="20,7800,0" yaku="1,1,2,1,0,1,7,1,53,0" doraHai="91" doraHaiUra="134" who="1" fromWho="1" sc="250,-27,318,91,192,-27,230,-27" />
</Scene>
<Scene>
<INIT seed="1,2,0,5,3,125" ten="223,409,165,203" oya="1" hai0="30,49,86,71,67,85,127,37,26,116,95,130,11" hai1="126,99,102,46,93,48,68,44,7,2,50,72,75" hai2="52,10,104,114,54,76,121,4,64,15,131,129,22" hai3="17,3,82,20,83,21,111,6,40,23,0,77,108"/><U1/><E68/><V89/><F121/><W5/><G17/><T109/><D37/><U9/><E126/><V14/><F104/><W13/><G13/><T106/><D127/><U124/><E124/><V32/><F32/><W24/><G40/><T97/><D106/><U42/><REACH who="1" step="1"/><E1/><REACH who="1" ten="223,399,165,203" step="2"/><V18/><F114/><W56/><G3/><T65/><D71/><U74/><E74/><V66/><F76/><W58/><G0/><T36/><D116/><U98/><E98/><V16/><F4/><W69/><G69/><T88/><D97/><U27/><E27/><V34/><F34/><W62/><G24/><T84/><D26/><U90/><E90/><V25/><F25/><W39/><G77/><T73/><D73/><U115/><E115/><V61/><F89/><W51/><G6/><T81/><D88/><U19/><E19/><V112/><F112/><W133/><G5/><T53/><D30/><U134/><E134/><V135/><F135/><W105/><G133/><T60/><D81/><U28/><E28/><V91/><F91/><W117/><G83/><T92/><D92/><U100/><E100/><V110/><F110/><W31/><G82/><T55/><D95/><U128/><E128/><N who="2" m="49227" /><F61/><W123/><G62/><T41/><D60/><U59/><E59/><V119/><F119/><W57/><G57/><T132/><D109/><U96/><E96/><V79/><F79/><W94/><G58/><T8/><D132/><U87/><E87/><V45/><F45/><W80/><G117/><T122/><D130/><U35/><E35/><V118/><F118/><W78/><G105/><RYUUKYOKU ba="2,1" sc="223,-15,399,15,165,15,203,-15" hai1="2,7,9,42,44,46,48,50,72,75,93,99,102" hai2="10,14,15,16,18,22,52,54,64,66" />
</Scene>
<Scene>
<INIT seed="1,3,1,1,3,135" ten="208,414,180,188" oya="1" hai0="98,71,43,95,46,33,31,1,52,80,107,50,19" hai1="64,133,127,30,59,13,82,35,36,83,0,74,67" hai2="89,109,75,28,73,69,85,105,21,93,129,128,55" hai3="54,51,111,38,79,62,100,90,104,121,101,96,7"/><U27/><E0/><V23/><F69/><W132/><G121/><T84/><D107/><U103/><E133/><V106/><F109/><W108/><G132/><T130/><D130/><N who="2" m="50282" /><F55/><W78/><G38/><T24/><D71/><U112/><E112/><V63/><F63/><W114/><G114/><T117/><D19/><U9/><E36/><V14/><F28/><W116/><G116/><T134/><D117/><U97/><E74/><N who="2" m="28171" /><F14/><W86/><G100/><T94/><D1/><U44/><E44/><V53/><F53/><W99/><G99/><T68/><D68/><U16/><E67/><V119/><F119/><W12/><G62/><T49/><D98/><U72/><E72/><V3/><F3/><W123/><G12/><T6/><D6/><U10/><E10/><V118/><F118/><W120/><G7/><T122/><D134/><U45/><E45/><V61/><F61/><W26/><G26/><T11/><D11/><U57/><E64/><V115/><F115/><W76/><G51/><T17/><D17/><U81/><REACH who="1" step="1"/><E127/><REACH who="1" ten="208,404,180,188" step="2"/><V39/><F39/><W102/><G120/><T125/><D125/><U88/><E88/><V124/><F124/><W66/><G66/><T87/><D122/><U65/><E65/><V131/><F131/><W56/><G123/><T29/><D46/><U113/><E113/><V92/><F89/><W91/><G91/><T34/><D43/><U77/><E77/><V4/><F4/><W22/><G90/><T15/><D33/><U42/><E42/><V48/><F85/><W41/><G41/><T58/><D87/><U37/><E37/><RYUUKYOKU ba="3,2" sc="208,-10,404,30,180,-10,188,-10" hai1="9,13,16,27,30,35,57,59,81,82,83,97,103" />
</Scene>
<Scene>
<INIT seed="1,4,2,2,5,73" ten="198,434,170,178" oya="1" hai0="109,17,115,50,98,9,67,47,4,70,21,131,77" hai1="57,64,79,122,130,92,44,61,14,33,51,91,88" hai2="125,76,43,104,129,94,78,24,75,101,108,2,65" hai3="46,26,37,34,16,117,80,53,36,0,124,81,126"/><U85/><E122/><V35/><F2/><W58/><G0/><T1/><D109/><U133/><E133/><V54/><F108/><W3/><G3/><T120/><D115/><U19/><E130/><V83/><F43/><W45/><G117/><T128/><D120/><U107/><E107/><V112/><F129/><N who="0" m="49738" /><D98/><U82/><E33/><V72/><F112/><W23/><G34/><T30/><D30/><U49/><E44/><N who="3" m="17002" /><G37/><T32/><D77/><N who="2" m="29802" /><F104/><W106/><G36/><T102/><D102/><U114/><E114/><V25/><F35/><W71/><G71/><T18/><D32/><U8/><REACH who="1" step="1"/><E91/><REACH who="1" ten="198,424,170,178" step="2"/><V55/><F72/><AGARI ba="4,3" hai="8,14,19,49,51,57,61,64,72,79,82,85,88,92" machi="72" ten="30,12000,1" yaku="1,1,2,1,7,1,52,1,54,1,53,0" doraHai="73" doraHaiUra="119" who="1" fromWho="2" sc="198,0,424,162,170,-132,178,0" />
</Scene>
<Scene>
<INIT seed="1,5,0,2,4,54" ten="198,586,38,178" oya="1" hai0="124,118,73,104,4,78,91,50,32,99,60,63,35" hai1="77,105,26,14,40,9,15,79,28,70,98,27,133" hai2="20,93,117,58,116,23,38,75,76,135,127,65,129" hai3="19,31,25,101,134,122,5,84,64,41,36,0,87"/><U74/><E70/><V44/><F76/><W39/><G122/><T81/><D118/><U43/><E133/><V49/><F75/><W69/><G134/><T107/><D124/><U46/><E74/><V128/><F135/><W2/><G19/><T89/><D4/><U1/><E1/><V102/><F127/><W56/><G69/><T86/><D91/><U34/><E15/><V33/><F33/><W53/><G64/><T8/><D8/><U119/><E119/><V21/><F38/><W37/><G41/><T96/><D96/><U48/><E43/><N who="2" m="24735" /><F93/><W106/><G101/><T113/><D113/><U97/><E27/><V109/><F102/><W68/><G68/><T12/><D12/><U51/><E51/><V11/><F11/><W92/><G106/><T120/><D50/><U17/><E105/><V82/><F82/><W72/><G72/><T57/><D63/><U90/><REACH who="1" step="1"/><E98/><REACH who="1" ten="198,576,38,178" step="2"/><V80/><F117/><W131/><G0/><T88/><D107/><U123/><E123/><V22/><F116/><W29/><G2/><T111/><D120/><U125/><E125/><V16/><F80/><W55/><G37/><T3/><D3/><U130/><E130/><N who="2" m="50283" /><F109/><W100/><G131/><T103/><D111/><U114/><E114/><V52/><F65/><W61/><G36/><T108/><D108/><U24/><E24/><N who="2" m="14343" /><F21/><W95/><G39/><T112/><D112/><U42/><E42/><V18/><F18/><W110/><G110/><T7/><D73/><U59/><E59/><V115/><F115/><W132/><G132/><T121/><D121/><U6/><E6/><RYUUKYOKU ba="5,1" sc="198,-15,576,15,38,15,178,-15" hai1="9,14,17,26,28,34,40,46,48,77,79,90,97" hai2="22,23,52,58" />
</Scene>
<Scene>
<INIT seed="1,6,1,3,0,33" ten="183,591,53,163" oya="1" hai0="102,82,130,47,17,71,30,7,62,26,127,9,86" hai1="3,104,20,78,75,46,10,56,45,50,5,18,92" hai2="43,53,64,121,54,58,88,24,133,116,118,91,85" hai3="108,32,119,34,72,59,61,114,124,55,112,65,135"/><U48/><E104/><V23/><F121/><W81/><G108/><T125/><D102/><U8/><E8/><V14/><F133/><W66/><G135/><T40/><D17/><U134/><E134/><V0/><F43/><W123/><G123/><T27/><D130/><U97/><E75/><V52/><F0/><W19/><G124/><N who="0" m="47691" /><D30/><U103/><E78/><V105/><F105/><W83/><G119/><T120/><D120/><U90/><E103/><V12/><F118/><W68/><G19/><T113/><D62/><U4/><E4/><V73/><F73/><W95/><G95/><T109/><D71/><U98/><E98/><V60/><F116/><W80/><G72/><T94/><D94/><U2/><E2/><V107/><F107/><W79/><G79/><N who="0" m="46431" /><D109/><U39/><E39/><V36/><F36/><W115/><BYE who="2" /><REACH who="3" step="1"/><G68/><REACH who="3" ten="183,591,53,153" step="2"/><T25/><D113/><U117/><E117/><V63/><F63/><W111/><G111/><T106/><D106/><U74/><E74/><V99/><F99/><W129/><G129/><T67/><D67/><AGARI ba="6,2" hai="32,34,55,59,61,65,66,67,80,81,83,112,114,115" machi="67" ten="50,1600,0" yaku="1,1,53,0" doraHai="33" doraHaiUra="21" who="3" fromWho="0" sc="183,-34,591,0,53,0,153,54" />
</Scene>
<Scene>
<INIT seed="2,0,0,2,4,28" ten="149,591,53,207" oya="2" hai0="93,53,75,24,67,116,23,94,37,130,96,21,92" hai1="76,111,62,11,84,80,48,69,86,131,113,106,33" hai2="117,64,126,54,135,18,22,32,44,83,16,78,50" hai3="35,45,118,15,88,124,110,60,120,31,41,38,2"/><V107/><F107/><W10/><G118/><UN n2="%E6%B9%8A%E3%81%AE%E9%87%A3%E5%B8%AB" /><T98/><D116/><U122/><E113/><V19/><F117/><W46/><G120/><T103/><D75/><U72/><E122/><V87/><F135/><W59/><G110/><T90/><D130/><U1/><E131/><V68/><F126/><W39/><G124/><T102/><D37/><U125/><E111/><V25/><REACH who="2" step="1"/><F32/><REACH who="2" ten="149,591,43,207" step="2"/><W63/><G35/><T79/><D79/><U85/><E33/><V20/><F20/><W5/><G39/><T52/><D67/><U109/><E106/><V7/><F7/><W104/><G38/><T0/><D0/><U81/><E76/><V134/><F134/><W8/><G5/><T101/><D90/><U9/><E1/><V70/><F70/><W97/><G104/><T14/><D14/><U123/><E69/><V91/><F91/><W40/><G15/><T133/><D133/><U128/><E125/><V58/><F58/><W51/><G59/><T3/><D3/><U112/><E123/><V56/><F56/><W82/><G88/><T99/><D23/><U127/><E127/><V73/><F73/><W89/><G89/><T57/><D57/><U105/><E72/><V66/><F66/><W77/><G2/><T13/><D13/><U27/><E105/><V36/><F36/><W29/><G77/><T49/><D49/><U26/><E48/><V17/><F17/><AGARI ba="0,1" hai="17,21,24,52,53,92,93,94,96,98,99,101,102,103" machi="17" ten="50,8000,1" yaku="29,2,8,1,54,1" doraHai="28" who="0" fromWho="2" sc="149,90,591,0,43,-80,207,0" owari="239,4.0,591,69.0,-37,-54.0,207,-19.0" />
</Scene>
</mjloggm>