<mjloggm ver="2.3"><GO type="169"/><UN n0="%2D%61%76%61%74%61%72%2D" n1="%79%69%6E%6E%65%72%30%36" n2="%73%69%67%65%6E%6F%72%69" n3="%41%53%41%50%49%4E" dan="17,17,16,18" rate="2113,2124,2102,2233" sx="M,M,M,M"/><TAIKYOKU oya="0"/>

<Scene>
<INIT seed="0,0,0,3,3,57" ten="250,250,250,250" oya="0" hai0="47,34,102,124,96,110,77,53,116,19,75,29,37" hai1="108,97,89,85,129,21,132,10,105,17,24,121,42" hai2="123,118,81,32,84,112,62,111,40,91,13,82,117" hai3="55,6,41,36,58,44,35,60,38,5,125,54,18"/><T103/><D103/><U127/><E121/><V131/><F32/><W23/><G35/><T67/><D116/><N who="2" m="44650" /><F123/><W120/><G120/><T104/><D124/><U45/><E127/><V78/><F112/><W133/><G125/><T86/><D86/><U119/><E119/><V46/><F111/><W25/><G133/><T31/><D110/><U109/><E129/><V122/><F122/><W1/><G1/><T2/><D2/><U92/><E132/><V113/><F113/><W49/><G38/><T128/><D128/><U134/><E134/><V88/><F131/><W7/><REACH who="3" step="1"/><G36/><REACH who="3" ten="250,250,250,240" step="2"/><T33/><D34/><U56/><E109/><V8/><F82/><W9/><G9/><T70/><D33/><U106/><E10/><V50/><F62/><W66/><AGARI ba="0,1" hai="5,6,7,18,23,25,41,44,49,54,55,58,60,66" machi="66" ten="30,12000,2" yaku="1,1,0,1,8,1,52,1,53,2" doraHai="57" doraHaiUra="51" who="3" fromWho="3" sc="250,-60,250,-30,250,-30,240,130" />
</Scene>
<Scene>
<INIT seed="1,0,0,1,3,124" ten="190,220,220,370" oya="1" hai0="44,113,89,133,105,84,126,110,23,13,3,4,116" hai1="123,125,5,27,22,7,90,34,115,16,87,11,78" hai2="9,109,53,93,77,39,42,47,108,81,120,19,67" hai3="45,107,131,82,31,46,28,135,17,35,72,37,14"/><U100/><E123/><V29/><F120/><W10/><G107/><T41/><D105/><U61/><E115/><V65/><F29/><W20/><G135/><T57/><D3/><U25/><E125/><V24/><F93/><W88/><G35/><T95/><D133/><U74/><E100/><V75/><F53/><W112/><G112/><T69/><D69/><U104/><E104/><V98/><F98/><W73/><G73/><T102/><D102/><U127/><E127/><V15/><REACH who="2" step="1"/><F24/><REACH who="2" ten="190,220,210,370" step="2"/><N who="3" m="14351" /><G31/><T62/><D113/><U130/><E27/><V56/><F56/><W54/><G28/><T8/><D116/><U52/><E34/><V60/><F60/><W106/><G54/><T91/><D57/><U103/><E61/><V70/><F70/><W114/><G106/><T38/><D62/><U43/><E52/><V92/><F92/><W99/><G99/><T66/><D95/><U55/><E55/><V40/><F40/><W49/><G114/><T33/><D41/><U101/><E43/><V1/><F1/><W122/><G122/><T129/><D33/><U36/><E103/><V63/><F63/><W83/><G46/><T30/><D44/><U86/><E101/><V94/><F94/><W26/><G45/><T51/><D30/><U132/><E132/><V2/><F2/><W12/><G26/><T80/><D126/><U71/><E71/><V68/><F68/><W85/><G12/><T48/><D13/><U117/><E25/><V128/><F128/><W32/><G14/><T111/><D129/><U119/><E130/><V0/><F0/><W134/><G131/><RYUUKYOKU ba="0,1" sc="190,-10,220,-10,210,30,370,-10" hai2="9,15,19,39,42,47,65,67,75,77,81,108,109" />
</Scene>
<Scene>
<INIT seed="2,1,1,0,4,92" ten="180,210,240,360" oya="2" hai0="28,25,103,64,24,91,114,100,94,76,9,11,27" hai1="58,50,95,39,69,72,74,21,82,110,121,14,78" hai2="73,31,96,2,20,40,101,18,29,8,131,56,127" hai3="124,84,117,1,42,17,52,104,32,15,113,34,10"/><V126/><F73/><W38/><G117/><T118/><D28/><U48/><E69/><V77/><F77/><W46/><G104/><T61/><D76/><U88/><E39/><V67/><F40/><W123/><G123/><T6/><D114/><U108/><E121/><V79/><F79/><W51/><G124/><N who="2" m="47657" /><F131/><W26/><G113/><T133/><D133/><U109/><E72/><V97/><F67/><W71/><G71/><T111/><D111/><U63/><E14/><N who="2" m="9303" /><F56/><W134/><G134/><T44/><D44/><U130/><E21/><V115/><F115/><W85/><G1/><T132/><D132/><U23/><E23/><V90/><F90/><W7/><G7/><T19/><D19/><U35/><E35/><V54/><F54/><W68/><G68/><T30/><D30/><N who="2" m="11274" /><F101/><W33/><REACH who="3" step="1"/><G26/><REACH who="3" ten="180,210,240,350" step="2"/><T49/><D118/><U22/><E130/><V3/><F3/><W99/><G99/><T13/><D25/><U37/><E22/><V119/><F119/><W81/><G81/><T5/><D24/><U16/><E16/><V112/><F112/><W128/><G128/><T87/><D27/><U60/><E110/><V59/><F59/><AGARI ba="1,2" hai="10,15,17,32,33,34,38,42,46,51,52,59,84,85" machi="59" ten="40,2600,0" yaku="1,1,54,1,53,0" doraHai="92" doraHaiUra="98" who="3" fromWho="2" sc="180,0,210,0,240,-29,350,49" />
</Scene>
<Scene>
<INIT seed="3,0,0,5,1,83" ten="180,210,211,399" oya="3" hai0="21,105,14,117,30,43,66,75,97,1,133,58,35" hai1="113,69,100,77,88,132,115,40,103,116,78,54,135" hai2="10,59,29,128,27,104,56,67,129,84,37,126,42" hai3="119,121,57,24,23,111,5,7,8,124,4,74,47"/><W32/><G119/><T34/><D75/><U89/><E69/><V70/><F104/><W45/><G121/><T87/><D1/><U134/><E40/><V108/><F10/><W118/><G118/><T41/><D117/><U120/><E116/><V64/><F108/><W20/><G74/><T13/><D133/><U25/><E25/><V82/><F126/><W49/><G124/><T53/><D66/><N who="2" m="25130" /><F70/><W60/><G32/><T36/><D97/><U11/><E11/><V131/><F42/><N who="3" m="24759" /><G47/><T106/><D21/><N who="3" m="8265" /><G24/><T90/><D30/><U71/><E54/><V101/><F37/><W6/><G111/><T65/><D53/><U68/><REACH who="1" step="1"/><E132/><REACH who="1" ten="180,200,211,399" step="2"/><V114/><F27/><W9/><G6/><T61/><D41/><U31/><E31/><V3/><F29/><W93/><G8/><T95/><D43/><U73/><E73/><V94/><F129/><W86/><G9/><T109/><D36/><U48/><E48/><V63/><F131/><W107/><G5/><T99/><D109/><U33/><E33/><V92/><F128/><W127/><G127/><T91/><D34/><U98/><E98/><V130/><F130/><W51/><G51/><T44/><D35/><U81/><E81/><V52/><F82/><W22/><G22/><T50/><D50/><U112/><E112/><V123/><F114/><W18/><G18/><T62/><D44/><U2/><E2/><V0/><F3/><W72/><G72/><T28/><D28/><U125/><E125/><V12/><F0/><W122/><G4/><T85/><D61/><U46/><E46/><V80/><F63/><RYUUKYOKU ba="0,1" sc="180,-10,200,30,211,-10,399,-10" hai1="68,71,77,78,88,89,100,103,113,115,120,134,135" />
</Scene>
<Scene>
<INIT seed="4,1,1,2,3,102" ten="170,230,201,389" oya="0" hai0="123,30,19,67,82,32,108,44,41,80,57,125,7" hai1="12,47,83,17,81,39,26,23,15,5,2,20,50" hai2="48,107,116,33,130,36,51,111,16,13,77,113,18" hai3="122,9,0,31,100,97,105,132,93,118,129,133,106"/><T127/><D7/><U14/><E39/><V52/><F36/><W69/><G118/><T65/><D123/><U61/><E61/><V119/><F111/><W1/><G69/><T94/><D108/><U42/><REACH who="1" step="1"/><E23/><REACH who="1" ten="170,220,201,389" step="2"/><V10/><F116/><W46/><G122/><T85/><D32/><U66/><E66/><V115/><F119/><W89/><G132/><T98/><D65/><U21/><E21/><V55/><F33/><W43/><G133/><T35/><D67/><U120/><E120/><V87/><F113/><W60/><G60/><T110/><D35/><U34/><E34/><V71/><F115/><W40/><G129/><T75/><D110/><U131/><E131/><V91/><F130/><W95/><G0/><T72/><D125/><U96/><E96/><V6/><F51/><W78/><G97/><T99/><D98/><U25/><E25/><V24/><F48/><W68/><G1/><T53/><D99/><U29/><E29/><V121/><F24/><W92/><G31/><T134/><D127/><U38/><E38/><V62/><F121/><W117/><G117/><T73/><D134/><U54/><E54/><V74/><F55/><W70/><G100/><T101/><D101/><U112/><E112/><V88/><F52/><W90/><G40/><T45/><D41/><U37/><E37/><V128/><F128/><W58/><G43/><T114/><D30/><U84/><E84/><V3/><F87/><W8/><G68/><T64/><D64/><U86/><E86/><V76/><F71/><W126/><G70/><T22/><D114/><U4/><E4/><RYUUKYOKU ba="1,2" sc="170,-10,220,30,201,-10,389,-10" hai1="2,5,12,14,15,17,20,26,42,47,50,81,83" />
</Scene>
<Scene>
<INIT seed="5,2,2,1,3,44" ten="160,250,191,379" oya="1" hai0="51,26,124,27,6,57,105,59,89,99,4,86,79" hai1="83,113,20,28,91,92,37,135,48,0,132,116,76" hai2="95,88,30,36,73,11,56,16,114,97,50,64,65" hai3="118,77,24,53,111,103,3,117,130,108,93,55,100"/><U35/><E116/><N who="3" m="44650" /><G3/><T127/><D79/><U42/><E0/><V72/><F36/><W67/><G130/><T126/><D99/><U32/><E113/><V104/><F114/><W70/><G77/><T19/><D105/><U134/><E37/><V123/><F123/><W13/><G67/><N who="2" m="25673" /><F104/><W128/><G70/><T33/><D33/><U101/><E101/><N who="3" m="38986" /><G128/><T63/><D63/><U5/><E5/><V34/><F34/><W58/><G93/><T1/><D1/><U75/><E20/><V21/><F72/><W39/><G39/><T23/><D27/><U62/><E62/><V131/><F73/><W71/><G71/><T8/><D8/><U133/><E133/><V49/><F131/><W122/><G122/><T125/><N who="0" m="31744" /><DORA hai="17" /><T40/><D59/><U78/><E28/><V102/><F56/><W74/><G74/><T25/><D26/><U112/><E76/><V12/><F102/><W43/><G24/><AGARI ba="2,2" hai="11,12,16,21,24,30,49,50,88,95,97" m="25673" machi="24" ten="30,12000,2" yaku="8,1,52,3,54,2" doraHai="44,17" who="2" fromWho="3" sc="160,0,250,0,191,146,379,-126" />
</Scene>
<Scene>
<INIT seed="6,0,0,2,2,69" ten="160,250,337,253" oya="2" hai0="95,15,94,123,117,132,2,60,85,107,128,79,38" hai1="127,36,97,101,65,53,29,55,100,115,109,76,5" hai2="33,108,70,45,6,121,96,125,18,92,1,122,28" hai3="35,31,68,40,51,124,126,90,116,4,112,87,54"/><V50/><F70/><W104/><G116/><T7/><D2/><U63/><E109/><V49/><F108/><W66/><G104/><T19/><D7/><U89/><E5/><V16/><F1/><W67/><G40/><T27/><D27/><U13/><E76/><V24/><F6/><W88/><G112/><T52/><D107/><U11/><E29/><V21/><F125/><N who="3" m="48235" /><G68/><T10/><D123/><U118/><E118/><V105/><F105/><W14/><G90/><T39/><D117/><U86/><E127/><V131/><F131/><W43/><G43/><T42/><D42/><U74/><E74/><V106/><F106/><W3/><G3/><T80/><D128/><U110/><E110/><V82/><F82/><N who="3" m="49271" /><G31/><T120/><D120/><U77/><E77/><V17/><F122/><W119/><G35/><T133/><D94/><U84/><E115/><V59/><F121/><W48/><G48/><T62/><D95/><U114/><E114/><V46/><F33/><W75/><G75/><T47/><D60/><U30/><E63/><V103/><REACH who="2" step="1"/><F49/><REACH who="2" ten="160,250,327,253" step="2"/><W71/><G71/><T129/><D129/><U102/><E36/><V41/><F41/><W83/><G83/><T57/><REACH who="0" step="1"/><D47/><REACH who="0" ten="150,250,327,253" step="2"/><U61/><E61/><V93/><F93/><W32/><G119/><T130/><D130/><U37/><E37/><AGARI ba="0,2" hai="10,15,19,37,38,39,52,57,62,79,80,85,132,133" machi="37" ten="40,8000,1" yaku="1,1,52,3,54,1,53,0" doraHai="69" doraHaiUra="20" who="0" fromWho="1" sc="150,100,250,-80,327,0,253,0" />
</Scene>
<Scene>
<INIT seed="7,0,0,0,0,32" ten="250,170,327,253" oya="3" hai0="21,15,53,28,123,3,55,30,122,19,58,115,77" hai1="117,23,100,87,110,41,80,29,16,42,84,7,68" hai2="112,64,25,109,118,65,63,38,90,9,99,62,49" hai3="97,125,85,129,94,72,51,132,92,6,12,50,13"/><W1/><G72/><T107/><D107/><U26/><E110/><V106/><F38/><W76/><G129/><T11/><D77/><U44/><E68/><V108/><F118/><W37/><G37/><T14/><D55/><U111/><E111/><V57/><F112/><W113/><G113/><T78/><D78/><U36/><E117/><V91/><F106/><W83/><G132/><T48/><D3/><U73/><E100/><V2/><F25/><W116/><G116/><T47/><D115/><U79/><E42/><V70/><F49/><N who="3" m="18443" /><G1/><T52/><D122/><U31/><E31/><V119/><F119/><W27/><G125/><T34/><D34/><U74/><E74/><V102/><F102/><N who="3" m="60711" /><G6/><N who="0" m="3447" /><D123/><U131/><E131/><V101/><F108/><W88/><G27/><T95/><D95/><U46/><E46/><V54/><F109/><W33/><G33/><T59/><D53/><U127/><E127/><V133/><F133/><W81/><G76/><T17/><D17/><U89/><E89/><V35/><F35/><W0/><G0/><T10/><D30/><U5/><E29/><V22/><F2/><W20/><G20/><T39/><D39/><U8/><E5/><V124/><F22/><W24/><G24/><AGARI ba="0,0" hai="10,15,19,21,24,28,47,48,52,58,59" m="3447" machi="24" ten="30,2000,0" yaku="8,1,54,1" doraHai="32" who="0" fromWho="3" sc="250,20,170,0,327,0,253,-20" owari="270,7.0,170,-33.0,327,43.0,233,-17.0" />
</Scene>
</mjloggm>