<mjloggm ver="2.3"><GO type="169" lobby="0"/><UN n0="%E3%81%94%E3%81%98%E3%82%83%E3%82%8B" n1="%E3%81%A0%E3%81%84%E3%81%A0%E3%81%84" n2="%41%53%41%50%49%4E" n3="%E5%94%90%E6%8F%9A%E5%A4%A7%E5%A5%BD%E3%81%8D" dan="18,17,19,17" rate="2278,2101,2241,2203" sx="M,M,M,M"/><TAIKYOKU oya="0"/>

<Scene>
<INIT seed="0,0,0,0,0,43" ten="250,250,250,250" oya="0" hai0="8,104,71,80,17,112,98,129,53,72,26,85,47" hai1="50,115,110,128,48,24,60,78,52,3,63,54,21" hai2="127,120,116,42,62,73,76,77,44,114,2,122,92" hai3="25,10,133,74,113,51,57,99,16,117,32,30,13"/><T41/><D112/><U7/><E115/><V125/><F114/><W12/><G74/><T34/><D72/><U124/><E110/><V102/><F2/><W18/><G117/><T66/><D129/><U33/><E128/><V79/><F73/><W31/><G113/><T101/><D53/><U94/><E33/><V131/><F131/><W67/><G133/><T65/><D71/><U81/><E124/><N who="2" m="47691" /><F116/><W29/><G99/><T37/><D34/><U20/><E94/><V100/><F62/><N who="1" m="23593" /><E7/><V45/><F42/><W36/><G36/><T132/><D132/><U35/><E3/><V91/><F91/><W126/><G126/><T107/><D107/><U87/><E35/><V108/><F108/><W89/><G89/><T38/><D38/><U55/><E21/><V39/><F39/><W9/><G67/><T61/><D61/><U86/><E86/><V75/><F75/><W123/><G123/><N who="2" m="47145" /><F92/><W11/><G57/><T82/><D82/><U90/><E78/><V40/><F40/><W109/><G109/><T103/><D103/><AGARI ba="0,0" hai="44,45,76,77,79,100,102,103" m="47145,47691" machi="103" ten="40,8000,1" yaku="28,2,18,1,52,2" doraHai="43" who="2" fromWho="0" sc="250,-80,250,0,250,80,250,0" />
</Scene>
<Scene>
<INIT seed="1,0,0,5,3,120" ten="170,250,330,250" oya="1" hai0="64,70,7,48,8,92,95,83,74,18,118,0,112" hai1="119,78,12,125,62,34,38,32,76,128,80,54,60" hai2="59,44,21,105,89,117,17,132,121,42,91,49,11" hai3="66,63,30,55,35,33,106,25,36,14,130,58,110"/><U131/><E119/><V28/><F121/><W99/><G36/><T129/><D118/><U86/><E38/><V13/><F105/><W124/><G130/><N who="1" m="49706" /><E125/><V67/><F117/><W16/><G124/><T15/><D129/><U90/><E12/><V113/><F113/><W123/><G123/><T31/><D112/><U20/><E20/><V77/><F132/><W22/><G55/><T108/><D31/><U3/><E3/><V10/><F77/><N who="1" m="29801" /><E54/><V5/><F28/><W85/><G85/><T37/><D37/><U69/><E69/><V56/><F10/><W94/><G106/><T107/><D107/><U93/><E80/><V52/><F67/><W109/><REACH who="3" step="1"/><G35/><AGARI ba="0,0" hai="32,34,35,60,62,86,90,93" m="29801,49706" machi="35" ten="30,1500,0" yaku="19,1" doraHai="120" who="1" fromWho="3" sc="170,0,250,15,330,0,250,-15" />
</Scene>
<Scene>
<INIT seed="1,1,0,4,2,44" ten="170,265,330,235" oya="1" hai0="111,79,13,85,115,0,67,93,134,128,68,71,1" hai1="66,40,123,73,31,109,5,52,59,26,46,97,36" hai2="92,9,16,89,101,124,30,129,88,96,77,53,17" hai3="57,121,23,50,103,41,34,126,47,10,82,112,22"/><U130/><E123/><V117/><F117/><W54/><G121/><T70/><D115/><U113/><E73/><V2/><F129/><W132/><G34/><T74/><D128/><U86/><E130/><V106/><F124/><W38/><G112/><T81/><D134/><U127/><E113/><V7/><F30/><W37/><G132/><T60/><D111/><U65/><E127/><V69/><F69/><W63/><G126/><T110/><D110/><U11/><E97/><V87/><F77/><W12/><G103/><T55/><D13/><U102/><E102/><V35/><F35/><W24/><G82/><T39/><D39/><U80/><E109/><V25/><F25/><W4/><REACH who="3" step="1"/><G22/><REACH who="3" ten="170,265,330,225" step="2"/><T20/><D20/><U84/><E80/><V131/><F131/><W29/><AGARI ba="1,1" hai="4,10,12,23,24,29,37,38,41,47,50,54,57,63" machi="29" ten="20,8000,1" yaku="1,1,2,1,0,1,7,1,52,1,53,0" doraHai="44" doraHaiUra="78" who="3" fromWho="3" sc="170,-21,265,-41,330,-21,225,93" />
</Scene>
<Scene>
<INIT seed="2,0,0,1,1,116" ten="149,224,309,318" oya="2" hai0="17,15,70,58,28,84,81,36,85,18,115,73,86" hai1="124,74,111,93,40,63,117,29,39,122,5,132,82" hai2="25,118,128,21,45,22,23,11,24,7,2,88,51" hai3="95,43,38,41,78,16,26,6,119,105,59,89,99"/><V66/><F118/><W14/><G119/><T27/><D70/><U4/><E117/><V113/><F113/><W13/><G105/><T48/><D36/><U12/><E63/><V42/><F128/><W72/><G38/><T75/><D115/><U10/><E29/><V55/><F66/><W56/><G72/><T120/><D81/><U135/><E93/><V91/><F42/><N who="3" m="15883" /><G78/><T90/><D120/><U53/><E111/><V126/><F126/><W112/><G112/><T30/><D30/><U65/><E65/><V94/><REACH who="2" step="1"/><F91/><REACH who="2" ten="149,224,299,318" step="2"/><W92/><G89/><T37/><D90/><U33/><E124/><V83/><F83/><W127/><G127/><T123/><D37/><U50/><E40/><V125/><F125/><W60/><G99/><AGARI ba="0,1" hai="2,7,11,21,22,23,24,25,45,51,55,88,94,99" machi="99" ten="40,3900,0" yaku="1,1,54,1,53,0" doraHai="116" doraHaiUra="129" who="2" fromWho="3" sc="149,0,224,0,299,49,318,-39" />
</Scene>
<Scene>
<INIT seed="2,1,0,4,4,60" ten="149,224,348,279" oya="2" hai0="107,53,61,18,91,106,30,121,101,92,59,108,58" hai1="8,66,72,33,35,52,11,125,44,77,112,95,85" hai2="88,25,42,24,70,84,7,96,5,82,27,9,80" hai3="37,34,89,99,4,100,50,122,131,78,132,32,22"/><V118/><F118/><W124/><G37/><T6/><D121/><U55/><E112/><V21/><F70/><W73/><G122/><T38/><D38/><U127/><E72/><V68/><F68/><W57/><G4/><T40/><D40/><U97/><E77/><V19/><F42/><W43/><G124/><N who="1" m="47690" /><E85/><N who="2" m="50215" /><F96/><W64/><G131/><T123/><D123/><U31/><E66/><V120/><F120/><W65/><G132/><T15/><D107/><U76/><E76/><N who="2" m="46151" /><F9/><N who="1" m="3657" /><E44/><V51/><F51/><W28/><G78/><T41/><D41/><U23/><E23/><V17/><F17/><W63/><G73/><T12/><D106/><U81/><E81/><V111/><F111/><W90/><G43/><T117/><D108/><U86/><E86/><V126/><F126/><W134/><G134/><T105/><D18/><U49/><E31/><V133/><F133/><W47/><G28/><T69/><D30/><U48/><E49/><V116/><F116/><W74/><G50/><T103/><D69/><U62/><E48/><V75/><F75/><W104/><G74/><T56/><D117/><U46/><E46/><V115/><F115/><W83/><G83/><T109/><D109/><U79/><E79/><V13/><AGARI ba="1,0" hai="5,7,13,19,21,24,25,27" m="46151,50215" machi="13" ten="30,3000,0" yaku="8,1,54,1" doraHai="60" who="2" fromWho="2" sc="149,-11,224,-11,348,33,279,-11" />
</Scene>
<Scene>
<INIT seed="2,2,0,4,2,25" ten="138,213,381,268" oya="2" hai0="33,18,10,36,133,84,35,81,109,66,57,45,14" hai1="40,95,114,12,56,29,5,80,26,63,68,78,61" hai2="112,41,91,98,111,19,59,52,93,100,74,101,99" hai3="113,118,86,69,77,72,89,53,88,6,0,134,42"/><V121/><F112/><W82/><G69/><T83/><D133/><U108/><E114/><V79/><F121/><W28/><G113/><T34/><D109/><U71/><E108/><V110/><F41/><W96/><G118/><T120/><D120/><U20/><E40/><V85/><F110/><W126/><G134/><T92/><D36/><U94/><E68/><V48/><F111/><W62/><G42/><T13/><D45/><U38/><E38/><V106/><F19/><W75/><G126/><T54/><D66/><U117/><E117/><V132/><F132/><W123/><G123/><T87/><D13/><U21/><E71/><V23/><F23/><W2/><G6/><T39/><D39/><U70/><E70/><V17/><F17/><W50/><G62/><T47/><D47/><U9/><E21/><V30/><F79/><W32/><G32/><T122/><D122/><U97/><E97/><V129/><F74/><W51/><G96/><T67/><D67/><U27/><E27/><V102/><F129/><W4/><G4/><T115/><D115/><U3/><E3/><V16/><F16/><W37/><G37/><T105/><D105/><U104/><E104/><V22/><F106/><W107/><G107/><T131/><D131/><U49/><E94/><V58/><F58/><W73/><G0/><T24/><D24/><AGARI ba="2,0" hai="22,24,30,48,52,59,85,91,93,98,99,100,101,102" machi="24" ten="40,7700,0" yaku="8,1,52,1,54,1" doraHai="25" who="2" fromWho="0" sc="138,-83,213,0,381,83,268,0" />
</Scene>
<Scene>
<INIT seed="2,3,0,5,0,94" ten="55,213,464,268" oya="2" hai0="70,87,1,78,7,30,118,57,63,11,90,97,121" hai1="38,23,73,92,80,84,72,40,74,119,133,12,37" hai2="10,132,112,124,15,17,85,61,128,34,20,47,95" hai3="82,52,102,54,66,16,89,81,48,120,91,101,76"/><V33/><F112/><W105/><G120/><T3/><D121/><U4/><E119/><V134/><F128/><W69/><G69/><T83/><D118/><U117/><E117/><V75/><F75/><W100/><G105/><T55/><D70/><U35/><E35/><V60/><F124/><W111/><G111/><T98/><D1/><U42/><E133/><N who="2" m="51307" /><F47/><N who="3" m="27679" /><G66/><T45/><D30/><U29/><E92/><V32/><F10/><W93/><G54/><T62/><D62/><U25/><E4/><V56/><F56/><W114/><G114/><T8/><D8/><U79/><REACH who="1" step="1"/><E12/><REACH who="1" ten="55,203,464,268" step="2"/><V129/><F129/><W106/><G93/><T108/><D108/><U122/><E122/><V6/><F6/><W53/><G106/><T44/><REACH who="0" step="1"/><D78/><REACH who="0" ten="45,203,464,268" step="2"/><U67/><E67/><V130/><F130/><W135/><G76/><T125/><D125/><U116/><E116/><V22/><F33/><W43/><G135/><T49/><D49/><U77/><E77/><V58/><F32/><W27/><G43/><AGARI ba="3,2" hai="23,25,29,37,38,40,42,43,72,73,74,79,80,84" machi="43" ten="40,1300,0" yaku="1,1,53,0" doraHai="94" doraHaiUra="0" who="1" fromWho="3" sc="45,0,203,42,464,0,268,-22" />
</Scene>
<Scene>
<INIT seed="3,0,0,5,3,48" ten="45,245,464,246" oya="3" hai0="29,113,3,2,56,116,90,123,19,99,20,4,13" hai1="38,75,22,59,129,16,49,46,42,43,26,120,34" hai2="131,81,87,109,128,65,94,76,41,121,88,132,112" hai3="39,25,114,135,50,110,11,14,79,133,32,62,57"/><W5/><G39/><T58/><D116/><U80/><E120/><V125/><F121/><W105/><G105/><T28/><D123/><U86/><E129/><N who="2" m="49739" /><F65/><W93/><G114/><T55/><D113/><U68/><E68/><V71/><F71/><W115/><G115/><T53/><D3/><U7/><E75/><V52/><F112/><W51/><G110/><T35/><D35/><U89/><E34/><V69/><F69/><W27/><G79/><T101/><D90/><U1/><E1/><V44/><F132/><N who="3" m="50763" /><G93/><N who="0" m="58607" /><D4/><U91/><E7/><V23/><F125/><W61/><G61/><N who="0" m="35983" /><D2/><U0/><E0/><V54/><F23/><W98/><G98/><T21/><D20/><U107/><E107/><V8/><F8/><W96/><G96/><T6/><D6/><U64/><E38/><N who="2" m="21559" /><F109/><W103/><G103/><T85/><D85/><AGARI ba="0,0" hai="52,54,76,81,85,87,88,94" m="21559,49739" machi="85" ten="30,8000,1" yaku="19,1,52,2,54,2" doraHai="48" who="2" fromWho="0" sc="45,-80,245,0,464,80,246,0" owari="-35,-54.0,245,-15.0,544,64.0,246,5.0" />
</Scene>
</mjloggm>