<mjloggm ver="2.3"><GO type="169"/><UN n0="%E9%B7%B9%EF%BC%93" n1="%E3%81%84%E3%81%AC%E3%81%98%E3%82%83%E3%82%89%E3%81%97" n2="%E5%9F%BA%E7%A4%8E%E8%AB%96" n3="%41%53%41%50%49%4E" dan="16,17,16,18" rate="2109,2201,2049,2182" sx="M,M,M,M"/><TAIKYOKU oya="0"/>

<Scene>
<INIT seed="0,0,0,0,2,93" ten="250,250,250,250" oya="0" hai0="17,51,105,5,76,64,99,22,66,91,109,19,47" hai1="65,115,62,85,33,56,121,28,23,4,70,44,7" hai2="116,110,50,82,120,31,130,0,126,84,13,87,54" hai3="27,95,42,60,89,59,127,43,98,119,81,35,15"/><T78/><D109/><U24/><E121/><V73/><F0/><W106/><G119/><T68/><D5/><U61/><E115/><V25/><F120/><W125/><G106/><T108/><D108/><U2/><E2/><V48/><F116/><W132/><G132/><T57/><D68/><U113/><E113/><V72/><F126/><N who="3" m="48139" /><G15/><T133/><D133/><U124/><E124/><V16/><F130/><W86/><G27/><T67/><D57/><U30/><E30/><V58/><F50/><W122/><G35/><T102/><D91/><U77/><E33/><V12/><F12/><W96/><G122/><T40/><REACH who="0" step="1"/><D19/><REACH who="0" ten="240,250,250,250" step="2"/><U134/><E4/><V8/><F110/><W104/><G59/><T26/><AGARI ba="0,1" hai="17,22,26,40,47,51,64,66,67,76,78,99,102,105" machi="26" ten="30,11700,0" yaku="1,1,2,1,0,1,52,1,53,0" doraHai="93" doraHaiUra="112" who="0" fromWho="0" sc="240,127,250,-39,250,-39,250,-39" />
</Scene>
<Scene>
<INIT seed="0,1,0,2,1,2" ten="367,211,211,211" oya="0" hai0="88,105,35,56,111,42,69,62,32,123,45,9,80" hai1="132,61,59,78,113,48,116,106,53,71,77,107,98" hai2="64,10,23,100,83,34,75,104,15,129,67,93,102" hai3="109,60,47,131,68,54,31,81,7,97,0,85,121"/><T14/><D123/><U125/><E116/><V130/><F34/><W16/><G121/><T133/><D105/><U27/><E125/><V57/><F104/><W118/><G118/><T24/><D69/><U17/><E132/><V40/><F40/><W6/><G0/><T49/><D133/><U63/><E113/><V126/><F23/><W11/><G31/><T82/><D111/><U87/><E107/><V25/><F25/><W37/><G109/><T112/><D112/><U108/><E108/><V92/><F126/><W89/><G131/><N who="2" m="50185" /><F83/><W101/><G68/><T91/><D35/><U28/><E17/><V58/><F75/><W120/><G120/><T30/><D82/><U4/><E4/><N who="3" m="1578" /><G37/><T134/><D80/><U90/><E78/><V13/><F10/><W22/><G11/><T38/><D134/><U43/><E77/><V29/><F29/><W66/><G66/><N who="2" m="25129" /><F15/><N who="3" m="9503" /><G97/><T5/><D38/><U84/><E98/><N who="2" m="59463" /><F13/><W39/><G39/><T135/><D135/><U79/><E71/><V99/><AGARI ba="1,0" hai="57,58,93,99,102" m="59463,25129,50185" machi="99" ten="30,1100,0" yaku="19,1" doraHai="2" who="2" fromWho="2" sc="367,-6,211,-4,211,14,211,-4" />
</Scene>
<Scene>
<INIT seed="1,0,0,2,1,102" ten="361,207,225,207" oya="1" hai0="43,21,29,53,72,92,93,114,124,46,61,117,28" hai1="6,4,132,131,71,106,26,55,103,69,128,116,101" hai2="37,104,67,97,18,48,59,20,8,79,34,25,122" hai3="64,78,50,63,19,31,3,47,16,90,130,88,84"/><U121/><E116/><V85/><F37/><W70/><G3/><T125/><D117/><U73/><E73/><V62/><F122/><W86/><G130/><N who="1" m="49706" /><E121/><V2/><F34/><W77/><G31/><T95/><D72/><U110/><E132/><V9/><F48/><W91/><G84/><T23/><D114/><U94/><E94/><V108/><F108/><W32/><G32/><T42/><D95/><U35/><E110/><V14/><F2/><W133/><G133/><T135/><D135/><U45/><E35/><V134/><F134/><W98/><G98/><T1/><D93/><U33/><E33/><V119/><F119/><W127/><G127/><T24/><D92/><U113/><E26/><V5/><F8/><W75/><G75/><T38/><D24/><U52/><E113/><V100/><F79/><W126/><G126/><T54/><D125/><U109/><E109/><V129/><F129/><W99/><G99/><T56/><D124/><U11/><E106/><V51/><F51/><W15/><G86/><T49/><D29/><U10/><E45/><V82/><F85/><W68/><G68/><N who="1" m="26186" /><E11/><V40/><REACH who="2" step="1"/><F40/><REACH who="2" ten="361,207,215,207" step="2"/><W81/><G78/><T76/><D43/><U39/><E39/><V65/><F65/><W7/><G77/><T60/><D38/><U83/><E10/><V74/><F74/><W41/><G64/><T111/><D42/><U13/><E55/><V30/><F30/><W87/><G41/><T22/><D54/><U96/><E52/><V80/><AGARI ba="0,1" hai="5,9,14,18,20,25,59,62,67,80,82,97,100,104" machi="80" ten="30,4000,0" yaku="1,1,0,1,52,1,53,0" doraHai="102" doraHaiUra="120" who="2" fromWho="2" sc="361,-10,207,-20,215,50,207,-10" />
</Scene>
<Scene>
<INIT seed="2,0,0,4,0,49" ten="351,187,265,197" oya="2" hai0="68,34,9,59,82,15,120,26,84,64,51,19,13" hai1="50,60,27,110,108,38,73,31,87,69,76,121,72" hai2="46,30,75,11,130,80,106,22,48,47,135,54,45" hai3="42,18,6,52,2,40,112,3,61,125,23,81,57"/><V133/><F106/><W103/><G125/><T122/><D68/><U91/><E38/><V126/><F126/><W36/><G112/><T100/><D100/><U21/><E121/><V66/><F66/><W8/><G103/><T83/><D122/><U10/><E76/><N who="2" m="44063" /><F11/><W62/><G3/><T134/><D120/><U53/><E10/><V5/><F5/><W17/><G36/><T94/><D134/><N who="2" m="51210" /><F130/><W1/><G1/><T78/><D82/><N who="1" m="49655" /><E60/><V131/><F131/><W24/><G17/><T117/><D117/><U20/><E20/><V35/><F35/><W25/><G25/><AGARI ba="0,0" hai="22,25,30,45,46,47,48,54" m="51210,44063" machi="25" ten="30,2900,0" yaku="20,1,52,1" doraHai="49" who="2" fromWho="3" sc="351,0,187,0,265,29,197,-29" />
</Scene>
<Scene>
<INIT seed="2,1,0,1,3,77" ten="351,187,294,168" oya="2" hai0="87,19,71,38,24,133,65,120,43,5,0,57,34" hai1="93,26,12,75,30,85,82,134,54,67,23,55,132" hai2="90,40,13,33,108,50,35,73,60,8,9,114,42" hai3="1,72,4,22,130,126,105,14,36,118,113,102,2"/><V58/><F114/><W68/><RYUUKYOKU type="yao9" ba="1,0" sc="351,0,187,0,294,0,168,0" hai3="1,2,4,14,22,36,68,72,102,105,113,118,126,130" />
</Scene>
<Scene>
<INIT seed="2,2,0,2,1,24" ten="351,187,294,168" oya="2" hai0="29,129,116,6,68,90,38,1,134,70,117,54,76" hai1="122,5,94,64,118,27,45,17,57,91,110,78,23" hai2="39,66,106,44,135,84,107,83,133,125,127,81,30" hai3="4,3,15,71,40,111,87,126,19,12,60,14,63"/><V28/><F66/><W49/><G111/><T59/><D134/><N who="2" m="51210" /><F44/><W48/><G126/><N who="2" m="48137" /><F39/><W46/><G71/><T61/><D129/><U7/><E118/><N who="0" m="45673" /><D76/><U58/><E110/><V123/><F123/><W112/><G3/><T98/><D38/><U0/><E122/><V114/><F114/><W10/><G112/><T33/><D6/><U124/><E7/><V73/><F73/><W13/><G4/><T69/><D1/><U93/><E5/><V47/><F47/><N who="3" m="25703" /><G87/><T50/><D29/><N who="2" m="11370" /><F81/><W95/><G95/><N who="0" m="56695" /><D33/><U109/><E94/><V32/><F32/><W20/><G10/><T130/><D130/><U11/><E93/><V97/><F97/><W101/><G101/><T85/><D85/><U34/><E34/><V86/><F86/><W121/><G121/><T82/><D82/><U16/><E124/><V51/><F51/><AGARI ba="2,0" hai="50,51,54,59,61,68,69,70" m="56695,45673" machi="51" ten="40,1300,0" yaku="12,1" doraHai="24" who="0" fromWho="2" sc="351,19,187,0,294,-19,168,0" />
</Scene>
<Scene>
<INIT seed="3,0,0,4,0,133" ten="370,187,275,168" oya="3" hai0="83,14,79,19,15,67,47,101,5,27,25,121,111" hai1="31,26,69,11,30,93,107,46,112,23,6,131,54" hai2="58,90,129,63,41,49,2,135,72,57,117,1,116" hai3="110,70,94,51,16,45,68,37,89,56,71,100,104"/><W4/><G37/><T115/><D121/><U82/><E112/><V8/><F72/><W32/><G32/><T130/><D115/><U28/><E107/><V113/><F113/><W120/><G120/><T39/><D130/><U99/><E69/><V9/><F135/><W29/><G29/><T87/><D111/><U43/><E82/><V36/><F36/><W33/><G33/><T38/><D101/><U52/><E131/><V125/><F129/><W127/><G110/><T3/><D67/><U21/><E21/><V106/><F106/><W64/><G4/><T126/><D126/><U65/><E65/><V18/><F90/><W10/><G100/><T60/><D60/><U134/><E134/><V76/><F76/><W7/><G104/><T73/><D73/><U24/><E24/><V108/><F108/><W74/><G74/><T119/><D119/><U103/><E31/><V0/><F41/><W59/><G64/><T132/><D132/><U96/><E96/><V80/><F80/><W86/><G127/><T22/><D3/><U85/><E85/><V84/><F84/><W17/><G59/><T35/><D35/><U123/><E30/><V97/><F97/><W92/><G56/><T42/><D38/><N who="1" m="21879" /><E123/><V13/><F125/><W40/><REACH who="3" step="1"/><G92/><REACH who="3" ten="370,187,275,158" step="2"/><T124/><D124/><U34/><E34/><V91/><F116/><W95/><G95/><T55/><D5/><U81/><E81/><V48/><F117/><W12/><AGARI ba="0,1" hai="7,10,12,16,17,40,45,51,68,70,71,86,89,94" machi="12" ten="30,6000,0" yaku="1,1,0,1,54,1,53,0" doraHai="133" doraHaiUra="102" who="3" fromWho="3" sc="370,-20,187,-20,275,-20,158,70" />
</Scene>
<Scene>
<INIT seed="3,1,0,3,5,90" ten="350,167,255,228" oya="3" hai0="89,94,38,114,13,113,39,108,116,119,100,122,43" hai1="80,30,133,99,0,20,87,82,42,83,93,72,73" hai2="70,58,46,18,37,21,48,16,26,112,8,24,59" hai3="52,111,117,101,65,67,131,125,69,64,17,53,34"/><W2/><G117/><N who="0" m="45131" /><D43/><U27/><E133/><V51/><F112/><N who="0" m="43114" /><D100/><U56/><E87/><V115/><F115/><W12/><G34/><T135/><D135/><U36/><E0/><V41/><F70/><W118/><G2/><T88/><D89/><U107/><E107/><V11/><F37/><W4/><G118/><T54/><D122/><U7/><E7/><V124/><F124/><W62/><G4/><T19/><D54/><U25/><E25/><V1/><F1/><W74/><G74/><T3/><D3/><U106/><E106/><V91/><F91/><W97/><G125/><T15/><D108/><U6/><E6/><V77/><F77/><W95/><G131/><T103/><D103/><U110/><E110/><V60/><F48/><W134/><G134/><T28/><D28/><U63/><E42/><V129/><F129/><W102/><G111/><T128/><D128/><U31/><E31/><V55/><F59/><W33/><G102/><T121/><D121/><U132/><E36/><N who="0" m="13865" /><D19/><U84/><E84/><AGARI ba="1,0" hai="13,15,84,88,94" m="13865,43114,45131" machi="84" ten="40,5200,0" yaku="11,1,52,1,54,1" doraHai="90" who="0" fromWho="1" sc="350,55,167,-55,255,0,228,0" />
</Scene>
<Scene>
<INIT seed="4,0,0,1,2,132" ten="405,112,255,228" oya="0" hai0="27,103,94,54,127,133,121,13,119,87,49,73,30" hai1="130,24,29,111,108,0,56,128,122,52,5,107,92" hai2="105,35,102,93,37,3,99,9,79,62,114,135,74" hai3="123,31,20,43,69,21,22,67,46,96,85,42,77"/><T75/><D121/><U76/><E107/><V91/><F135/><W86/><G123/><T57/><D119/><U2/><E122/><V88/><F37/><W10/><G69/><T45/><D133/><U71/><E71/><V80/><F35/><W98/><G67/><T104/><D127/><U112/><E76/><V40/><F40/><N who="3" m="15403" /><G46/><T106/><D106/><U25/><E92/><V129/><F62/><W78/><G10/><T23/><D104/><U17/><E112/><V66/><F66/><W11/><G11/><T50/><D13/><U124/><E124/><V126/><F126/><W95/><G31/><T64/><D87/><N who="3" m="33289" /><G95/><T90/><D90/><N who="2" m="34346" /><F9/><W72/><G72/><T53/><REACH who="0" step="1"/><D64/><REACH who="0" ten="395,112,255,228" step="2"/><U19/><E130/><V134/><F134/><W82/><G82/><T63/><D63/><U34/><E128/><V12/><F129/><W113/><G113/><T15/><D15/><U58/><E0/><V44/><F12/><W8/><G8/><T120/><D120/><U97/><E2/><V38/><F3/><W84/><G84/><T6/><D6/><U131/><E5/><V70/><F114/><W109/><G109/><T4/><D4/><U36/><E131/><V7/><F7/><W28/><G28/><T118/><D118/><U101/><E29/><V125/><F125/><W81/><G81/><T100/><D100/><U60/><E101/><V83/><F105/><W61/><G61/><T26/><D26/><U32/><E60/><V33/><F83/><W55/><G55/><T39/><D39/><U59/><E36/><V89/><F38/><W47/><G47/><RYUUKYOKU ba="0,1" sc="395,15,112,-15,255,-15,228,15" hai0="23,27,30,45,49,50,53,54,57,73,75,94,103" hai3="20,21,22,77,78,96,98" />
</Scene>
<Scene>
<INIT seed="4,1,1,5,2,67" ten="410,97,240,243" oya="0" hai0="26,86,92,45,38,125,74,119,135,64,79,61,108" hai1="71,8,50,133,23,41,57,105,73,27,55,109,117" hai2="19,0,80,75,10,69,52,81,40,129,28,113,131" hai3="31,76,88,65,54,99,100,82,93,121,110,103,112"/><T96/><D119/><U3/><E109/><V115/><F40/><W11/><G110/><T2/><D108/><U68/><E117/><V120/><F120/><W20/><G121/><T37/><D135/><U4/><E73/><V111/><F111/><W36/><G36/><T124/><D125/><U53/><E105/><V90/><F28/><W127/><G127/><T24/><D2/><U49/><E41/><V104/><F104/><W18/><G31/><T43/><D38/><U63/><E133/><V59/><F69/><W7/><G112/><N who="2" m="43081" /><F90/><W29/><G29/><T14/><D74/><U107/><E107/><V15/><F0/><W44/><G65/><T122/><D122/><U78/><E78/><N who="2" m="44127" /><F81/><W84/><G54/><T123/><D123/><U5/><E5/><V66/><F66/><W9/><G44/><T17/><D124/><U56/><E63/><AGARI ba="1,1" hai="10,15,19,52,59,63,129,131" m="44127,43081" machi="63" ten="30,2000,0" yaku="15,1,54,1" doraHai="67" who="2" fromWho="1" sc="410,0,97,-23,240,33,243,0" />
</Scene>
<Scene>
<INIT seed="5,0,0,5,2,117" ten="410,74,273,243" oya="1" hai0="103,51,33,62,48,120,37,116,6,79,104,63,27" hai1="35,25,12,26,86,130,55,19,123,83,57,115,38" hai2="13,43,68,111,101,61,106,41,98,88,21,23,125" hai3="78,91,80,59,65,3,122,72,1,9,131,28,129"/><U97/><E38/><V10/><F111/><W132/><G132/><T22/><D116/><U82/><E115/><V119/><F119/><W46/><G122/><T110/><D37/><U87/><E123/><V5/><F125/><W24/><G9/><T90/><D120/><U16/><E130/><N who="3" m="49674" /><G46/><T77/><D33/><U30/><E97/><V75/><F75/><W109/><G109/><T52/><D110/><U14/><E55/><V20/><F68/><W0/><G91/><T73/><D51/><U54/><E54/><V45/><F61/><N who="3" m="38079" /><G0/><T124/><D6/><U70/><E57/><V126/><F126/><W135/><G135/><T7/><D124/><U127/><E127/><V44/><F44/><W105/><G105/><T64/><D90/><U89/><E70/><V58/><F58/><W121/><G121/><T95/><D7/><U8/><E35/><AGARI ba="0,0" hai="1,3,24,28,35,72,78,80" m="38079,49674" machi="35" ten="30,1000,0" yaku="19,1" doraHai="117" who="3" fromWho="1" sc="410,0,74,-10,273,0,243,10" />
</Scene>
<Scene>
<INIT seed="6,0,0,5,0,125" ten="410,64,273,253" oya="2" hai0="117,26,38,8,95,70,103,44,32,77,80,110,11" hai1="76,115,78,1,5,86,60,53,128,31,100,47,9" hai2="112,106,93,63,42,79,23,14,59,10,87,114,41" hai3="94,118,39,46,62,129,71,68,91,126,90,30,101"/><V29/><F106/><W33/><G118/><T96/><D70/><U120/><E115/><N who="2" m="44075" /><F23/><W83/><G126/><T81/><D110/><U48/><E120/><V127/><F29/><W97/><G33/><T49/><D117/><U89/><E100/><V7/><F127/><W108/><G108/><T4/><D38/><U99/><E99/><V82/><F93/><W12/><G30/><T58/><D32/><U113/><E113/><V75/><F75/><W6/><G62/><T88/><D26/><U123/><E123/><V56/><F56/><W21/><G68/><T74/><D58/><U121/><E121/><V73/><F73/><W34/><G71/><T133/><D133/><U19/><E31/><V124/><F124/><W50/><G34/><T25/><D25/><U109/><E109/><V134/><F134/><W66/><G83/><T72/><D4/><U54/><E19/><V107/><F107/><W45/><G6/><T17/><D17/><U67/><E54/><AGARI ba="0,0" hai="7,10,14,41,42,54,59,63,79,82,87" m="44075" machi="54" ten="30,1500,0" yaku="15,1" doraHai="125" who="2" fromWho="1" sc="410,0,64,-15,273,15,253,0" />
</Scene>
<Scene>
<INIT seed="6,1,0,4,2,27" ten="410,49,288,253" oya="2" hai0="52,87,96,41,66,111,69,80,40,60,124,19,108" hai1="17,130,135,107,104,56,129,74,34,61,47,88,14" hai2="1,79,128,3,67,81,123,121,122,16,35,24,15" hai3="77,7,36,106,70,82,103,6,26,25,18,50,13"/><V44/><F67/><W75/><G36/><T31/><D124/><U51/><E34/><V86/><F44/><W53/><G70/><T89/><D19/><U73/><E135/><V131/><F86/><W23/><G26/><T132/><D132/><U119/><E119/><V71/><F71/><W59/><G106/><T5/><D5/><U90/><E17/><V114/><F81/><W30/><REACH who="3" step="1"/><G103/><REACH who="3" ten="410,49,288,243" step="2"/><T33/><D111/><U85/><E14/><V68/><F68/><W39/><G39/><T64/><D108/><U20/><E20/><AGARI ba="1,1" hai="6,7,13,18,20,23,25,30,50,53,59,75,77,82" machi="20" ten="30,3900,0" yaku="1,1,7,1,52,1,53,0" doraHai="27" doraHaiUra="120" who="3" fromWho="1" sc="410,0,49,-42,288,0,243,52" />
</Scene>
<Scene>
<INIT seed="7,0,0,4,2,72" ten="410,7,288,295" oya="3" hai0="40,65,101,49,8,53,85,75,92,64,94,15,120" hai1="117,55,30,48,87,22,26,109,9,89,77,46,20" hai2="6,90,51,130,36,115,57,35,7,18,14,54,135" hai3="32,127,82,59,86,100,113,63,68,121,1,23,29"/><W78/><G121/><T45/><D120/><U2/><E109/><V116/><F116/><W123/><G123/><T50/><D75/><U56/><E117/><V25/><F36/><W80/><G1/><T3/><D3/><U34/><E2/><V27/><F115/><W41/><G68/><T12/><D85/><U99/><E9/><N who="2" m="6479" /><F135/><W38/><G32/><T47/><D15/><U21/><E99/><V108/><F130/><W13/><G113/><T96/><D94/><U28/><E28/><V74/><F74/><W11/><G127/><T79/><D79/><U91/><E20/><V19/><F35/><W114/><G114/><T0/><D0/><U83/><E21/><N who="2" m="13503" /><F108/><W129/><G129/><T58/><D47/><U106/><E106/><V128/><F128/><W110/><G110/><T107/><D107/><U43/><E34/><V103/><F103/><W44/><G100/><T105/><D105/><U16/><E30/><V4/><F27/><W134/><G134/><T102/><D102/><U132/><E132/><V60/><F90/><W67/><G23/><T69/><D69/><U61/><E91/><V122/><F122/><W5/><G29/><T111/><D111/><U118/><E118/><V17/><F17/><AGARI ba="0,0" hai="8,12,17,40,45,49,50,53,58,64,65,92,96,101" machi="17" ten="30,2000,0" yaku="7,1,8,1" doraHai="72" who="0" fromWho="2" sc="410,20,7,0,288,-20,295,0" owari="430,52.0,7,-49.0,268,-13.0,295,10.0" />
</Scene>
</mjloggm>