<mjloggm ver="2.3"><GO type="169" lobby="0"/><UN n0="%E3%82%A2%E3%83%AD%E3%82%A8%E3%82%AF%E3%83%B3" n1="%E3%81%82%E3%81%A4%E3%81%82%E3%81%A4%E6%B9%AF%E8%B1%86%E8%85%90" n2="%41%53%41%50%49%4E" n3="%6D%61%63%6A%72" dan="16,17,19,16" rate="2136.99,2132.40,2320.50,2086.43" sx="M,M,M,M"/><TAIKYOKU oya="0"/>

<Scene>
<INIT seed="0,0,0,5,0,107" ten="250,250,250,250" oya="0" hai0="93,55,74,17,21,58,31,9,41,42,51,128,66" hai1="7,28,62,54,78,69,83,46,39,127,87,18,119" hai2="67,6,104,116,26,56,52,121,113,16,110,2,132" hai3="73,106,50,115,34,96,63,122,98,85,44,0,94"/><T130/><D93/><U33/><E119/><V109/><F113/><W70/><G115/><T5/><D31/><U92/><E127/><V90/><F121/><W32/><G0/><T64/><D74/><U65/><E7/><V77/><F104/><W14/><G122/><T124/><D124/><U123/><E123/><V111/><F67/><N who="0" m="25642" /><D21/><U59/><E18/><V23/><F132/><W20/><G73/><T29/><D29/><U3/><E3/><V88/><F77/><W108/><G106/><T125/><D17/><U101/><E46/><V105/><F105/><W10/><G20/><T47/><D47/><U86/><E33/><V60/><F116/><W4/><G34/><T37/><D37/><U43/><E28/><V112/><F112/><W30/><G30/><T68/><D68/><U75/><E39/><V11/><AGARI ba="0,0" hai="2,6,11,16,23,26,52,56,60,88,90,109,110,111" machi="11" ten="40,8000,1" yaku="0,1,14,1,54,3" doraHai="107" who="2" fromWho="2" sc="250,-40,250,-20,250,80,250,-20" />
</Scene>
<Scene>
<INIT seed="1,0,0,3,0,135" ten="210,230,330,230" oya="1" hai0="129,67,89,95,13,106,43,77,27,90,20,94,8" hai1="48,132,22,35,44,52,113,127,131,122,9,105,76" hai2="110,57,72,3,118,65,56,79,99,39,55,24,38" hai3="31,6,117,88,78,114,80,68,63,104,21,96,15"/><U74/><E35/><V12/><F3/><W82/><G114/><T19/><D106/><U64/><E113/><V123/><F118/><W91/><G117/><T4/><D129/><U81/><E122/><V7/><F123/><W0/><G0/><T46/><D77/><U34/><E34/><V69/><F69/><W26/><G80/><T2/><D67/><U98/><E131/><V83/><F110/><W41/><G41/><T111/><D111/><U112/><E112/><V119/><F119/><W71/><G104/><T49/><D94/><U33/><E33/><V121/><F121/><W47/><G47/><T32/><REACH who="0" step="1"/><D95/><REACH who="0" ten="200,230,330,230" step="2"/><U70/><E64/><V92/><F92/><W18/><G96/><T103/><D103/><U93/><E105/><V53/><F99/><W134/><G91/><T42/><D42/><U28/><E93/><V128/><F65/><W59/><G88/><T130/><D130/><U97/><E98/><V29/><F128/><W5/><G68/><T61/><D61/><U120/><E70/><V14/><F55/><N who="3" m="34303" /><G71/><T23/><D23/><U37/><E97/><V86/><F53/><W75/><G134/><T102/><D102/><U100/><E132/><V73/><F79/><W124/><G78/><T116/><D116/><U60/><E76/><V54/><F54/><W125/><G75/><T84/><D84/><U16/><E52/><V11/><F73/><W40/><G40/><T17/><D17/><U108/><E74/><V1/><F72/><W133/><G133/><T107/><D107/><U101/><E120/><V50/><F86/><W36/><G82/><RYUUKYOKU ba="0,1" sc="200,30,230,-10,330,-10,230,-10" hai0="2,4,8,13,19,20,27,32,43,46,49,89,90" />
</Scene>
<Scene>
<INIT seed="2,1,1,3,5,99" ten="230,220,320,220" oya="2" hai0="3,86,1,8,59,2,118,90,107,45,83,80,112" hai1="27,74,96,24,87,122,111,39,73,129,60,100,109" hai2="13,64,81,110,36,16,34,25,66,14,62,124,128" hai3="49,35,4,10,108,117,106,77,15,44,65,41,56"/><V76/><F36/><W115/><G117/><T55/><D112/><U113/><E113/><V105/><F128/><W98/><G115/><T9/><D118/><U88/><E39/><V32/><F124/><W85/><G35/><T125/><D125/><U102/><E60/><V23/><F110/><N who="1" m="41993" /><E129/><V89/><F66/><W116/><G108/><T29/><D29/><U53/><E53/><V78/><F78/><W101/><G116/><T42/><D83/><N who="1" m="49279" /><E122/><V0/><F0/><W91/><G77/><T51/><REACH who="0" step="1"/><D107/><REACH who="0" ten="220,220,320,220" step="2"/><N who="1" m="63879" /><E102/><V28/><F28/><W57/><REACH who="3" step="1"/><G65/><REACH who="3" ten="220,220,320,210" step="2"/><T17/><D17/><U104/><E104/><V37/><F16/><W133/><G133/><T31/><D31/><U68/><E68/><V47/><F64/><W48/><G48/><AGARI ba="1,3" hai="1,2,3,8,9,42,45,48,51,55,59,80,86,90" machi="48" ten="40,5200,0" yaku="1,1,53,2" doraHai="99" doraHaiUra="46" who="0" fromWho="3" sc="220,85,220,0,320,0,210,-55" />
</Scene>
<Scene>
<INIT seed="3,0,0,2,4,119" ten="305,220,320,155" oya="3" hai0="133,123,82,30,17,87,7,95,124,71,84,37,58" hai1="88,52,126,97,102,128,73,0,109,54,9,42,55" hai2="78,53,105,50,61,46,72,18,79,21,70,106,100" hai3="5,36,8,118,132,57,101,98,6,63,74,23,40"/><W114/><G118/><T131/><D71/><U14/><E109/><V135/><F135/><W60/><G114/><T2/><D37/><U65/><E73/><V20/><F20/><W62/><G74/><T16/><D133/><U15/><E126/><V113/><F113/><W27/><G132/><T76/><D124/><U19/><E128/><V69/><F69/><W120/><G120/><T56/><D123/><U86/><E65/><V134/><F134/><W125/><G125/><T103/><D131/><U85/><E42/><V92/><F92/><W1/><G6/><T75/><D30/><U39/><E39/><V38/><F38/><W89/><G89/><T28/><D28/><U67/><E67/><V34/><F34/><W80/><G80/><T33/><D33/><U64/><E64/><V31/><F31/><W90/><G90/><T111/><D111/><U93/><E93/><V49/><BYE who="1" /><F61/><W127/><G127/><T121/><D121/><U96/><E96/><V44/><F70/><W11/><G11/><T112/><D112/><U29/><E29/><V116/><F116/><W12/><G1/><T45/><D7/><U59/><E59/><V41/><F100/><W94/><G36/><T77/><D103/><U26/><E26/><V130/><F130/><W47/><G40/><T83/><D56/><U35/><E35/><V107/><REACH who="2" step="1"/><F72/><REACH who="2" ten="305,220,310,155" step="2"/><W43/><G23/><T104/><D75/><U129/><E129/><V110/><F110/><W91/><G101/><T24/><D95/><U81/><E81/><V99/><F99/><W122/><G98/><T68/><D82/><UN n1="%E3%81%82%E3%81%A4%E3%81%82%E3%81%A4%E6%B9%AF%E8%B1%86%E8%85%90" /><RYUUKYOKU ba="0,1" sc="305,-10,220,-10,310,30,155,-10" hai2="18,21,41,44,46,49,50,53,78,79,105,106,107" />
</Scene>
<Scene>
<INIT seed="4,1,1,4,2,51" ten="295,210,340,145" oya="0" hai0="90,58,45,21,63,1,3,64,40,37,88,115,77" hai1="92,111,78,20,97,68,106,73,94,101,32,49,8" hai2="44,102,25,59,107,55,99,35,56,60,119,66,105" hai3="80,27,53,125,69,48,72,79,43,129,71,19,13"/><T61/><D115/><U83/><E32/><V67/><F119/><W42/><G129/><T128/><D128/><U123/><E111/><V103/><F44/><W84/><G125/><T7/><D77/><U95/><E123/><V38/><F38/><W4/><G4/><T109/><D109/><U18/><E68/><V108/><F108/><W15/><G72/><T75/><D75/><U46/><E8/><V131/><F131/><W124/><G124/><T41/><D41/><N who="3" m="15369" /><G71/><T112/><D112/><U24/><REACH who="1" step="1"/><E106/><REACH who="1" ten="295,200,340,145" step="2"/><V54/><F35/><W116/><G69/><T39/><D3/><U93/><E93/><V33/><F33/><W11/><G116/><T12/><D1/><U62/><E62/><V9/><F9/><W70/><G70/><T100/><D61/><U30/><E30/><V91/><F60/><W86/><G11/><T50/><D63/><U134/><E134/><V57/><F107/><W16/><G84/><T29/><D39/><U122/><E122/><V87/><F105/><W120/><G120/><T36/><D37/><U130/><E130/><V118/><F118/><W22/><G19/><T127/><D36/><U133/><E133/><V104/><F104/><W117/><G117/><T6/><D127/><U31/><E31/><V74/><F87/><W135/><G135/><T82/><D29/><U132/><E132/><V98/><F74/><W85/><G85/><T89/><D7/><U10/><E10/><V81/><F66/><W28/><G28/><T121/><D64/><U0/><E0/><V23/><F67/><W17/><G17/><T110/><D110/><RYUUKYOKU ba="1,2" sc="295,-15,200,15,340,-15,145,15" hai1="18,20,24,46,49,73,78,83,92,94,95,97,101" hai3="13,15,16,22,27,48,53,79,80,86" />
</Scene>
<Scene>
<INIT seed="5,2,2,5,1,5" ten="280,215,325,160" oya="1" hai0="40,98,130,125,12,24,105,124,57,23,31,116,117" hai1="87,62,97,65,42,53,96,21,76,37,49,15,127" hai2="25,38,66,106,51,68,135,36,93,71,19,99,75" hai3="28,79,73,0,55,54,128,120,10,84,100,129,121"/><U30/><E127/><N who="0" m="48713" /><D130/><N who="3" m="50281" /><G73/><T56/><D40/><U2/><E2/><V80/><F135/><W115/><G115/><T63/><D12/><U58/><E37/><V94/><F106/><W59/><G28/><T107/><D57/><U29/><E42/><V20/><F93/><W27/><G27/><T82/><D82/><N who="1" m="47559" /><E15/><V103/><F51/><N who="3" m="31199" /><G100/><N who="0" m="62615" /><D107/><U39/><E39/><V111/><F38/><W113/><G113/><T32/><D32/><U48/><E48/><V118/><F36/><W78/><G55/><AGARI ba="2,2" hai="23,24,31,55,56,63,116,117" m="62615,48713" machi="55" ten="30,1000,0" yaku="18,1" doraHai="5" who="0" fromWho="3" sc="280,36,215,0,325,0,160,-16" />
</Scene>
<Scene>
<INIT seed="6,0,0,0,1,42" ten="316,215,325,144" oya="2" hai0="44,48,131,129,122,52,1,99,115,15,65,93,33" hai1="34,68,53,80,121,46,3,69,106,31,4,43,135" hai2="118,91,113,81,70,41,119,88,72,132,12,6,85" hai3="79,18,22,124,130,111,21,87,39,107,134,9,26"/><V62/><F113/><W8/><G111/><T100/><D115/><U110/><E110/><V57/><F70/><W19/><G107/><T0/><D122/><U49/><E121/><V116/><F132/><W29/><G39/><T74/><D33/><U60/><E135/><V36/><F72/><W105/><G134/><T11/><D65/><U59/><E106/><V86/><F6/><W102/><G130/><N who="0" m="49675" /><D74/><U101/><E101/><V133/><F12/><W17/><G124/><T32/><D32/><U66/><E80/><V56/><F133/><W104/><G29/><T77/><D77/><U83/><E83/><V50/><F36/><W73/><G73/><T47/><D47/><U94/><E94/><V27/><F27/><W24/><G102/><T103/><D103/><U7/><E3/><V114/><F114/><W35/><G35/><T120/><D120/><U97/><E68/><V51/><F41/><W75/><G75/><T10/><D10/><U14/><E14/><V71/><F71/><W67/><G67/><T112/><D112/><U5/><E31/><V90/><F81/><W2/><G2/><T95/><D95/><U16/><E34/><V128/><F128/><W28/><G28/><T108/><D108/><U92/><E69/><V58/><F62/><W117/><G117/><T61/><D61/><U126/><E66/><V123/><F123/><W127/><G127/><T84/><D84/><AGARI ba="0,0" hai="50,51,56,57,58,84,85,86,88,90,91,116,118,119" machi="84" ten="50,12000,1" yaku="29,2,28,2,54,1" doraHai="42" who="2" fromWho="0" sc="316,-120,215,0,325,120,144,0" />
</Scene>
<Scene>
<INIT seed="6,1,0,3,3,94" ten="196,215,445,144" oya="2" hai0="12,83,120,38,27,15,26,78,89,37,85,59,6" hai1="56,48,63,1,62,0,132,23,39,16,124,43,122" hai2="42,49,22,98,69,110,82,111,13,5,95,33,106" hai3="101,46,114,66,55,57,118,4,47,72,74,71,61"/><V96/><F33/><W60/><G118/><T128/><D120/><U20/><E122/><V107/><F69/><W105/><G114/><T91/><D128/><U100/><E39/><V7/><F82/><W24/><G4/><N who="2" m="1609" /><F95/><W88/><G24/><T93/><D38/><U58/><E124/><V81/><F81/><W28/><G28/><T119/><D37/><U54/><E132/><V75/><F75/><W17/><G17/><T125/><D125/><U8/><E100/><V77/><F77/><W73/><REACH who="3" step="1"/><G88/><REACH who="3" ten="196,215,445,134" step="2"/><T109/><D119/><U30/><E30/><V104/><F110/><W19/><G19/><T116/><D116/><U51/><E16/><V67/><F111/><W134/><G134/><T133/><D109/><U113/><E113/><V64/><F106/><W112/><G112/><T76/><D133/><U87/><E1/><V79/><F104/><W10/><G10/><N who="0" m="4183" /><D15/><U102/><E0/><V117/><F107/><W29/><G29/><T11/><D11/><U131/><E8/><V41/><F13/><W80/><G80/><T99/><D59/><U9/><E9/><V130/><F117/><W2/><G2/><T45/><D45/><N who="1" m="25663" /><E58/><V129/><F130/><W36/><G36/><T115/><D115/><U25/><E131/><V84/><F129/><W40/><G40/><T126/><D126/><U121/><E56/><V70/><F42/><W97/><AGARI ba="1,1" hai="46,47,55,57,60,61,66,71,72,73,74,97,101,105" machi="97" ten="40,5200,0" yaku="1,1,0,1,52,1,53,0" doraHai="94" doraHaiUra="3" who="3" fromWho="3" sc="196,-14,215,-14,445,-27,134,65" />
</Scene>
<Scene>
<INIT seed="7,0,0,3,0,72" ten="182,201,418,199" oya="3" hai0="98,55,118,34,26,71,104,24,37,95,60,1,21" hai1="11,8,124,101,31,38,75,13,36,9,82,78,123" hai2="7,117,66,97,29,76,27,134,87,83,67,15,10" hai3="5,112,115,12,119,25,2,16,113,107,35,94,70"/><W114/><N who="3" m="28672" /><DORA hai="125" /><W46/><G107/><T62/><D118/><U131/><E123/><V33/><F134/><W129/><G70/><T52/><D1/><U50/><E131/><V130/><F130/><W57/><G119/><T41/><D104/><U19/><E124/><V20/><F117/><W44/><G129/><T68/><D34/><U4/><E31/><V127/><F127/><W86/><G57/><N who="0" m="34855" /><D37/><U18/><E101/><V84/><F97/><W111/><G111/><T89/><D68/><U105/><E105/><V133/><F133/><W63/><G63/><T6/><D71/><U106/><E106/><V100/><F100/><W64/><G64/><T47/><D6/><U77/><E38/><V23/><F33/><W122/><G122/><T51/><D21/><U103/><E36/><V65/><F23/><N who="3" m="11655" /><G5/><T53/><D62/><U54/><E4/><V22/><F22/><W14/><G2/><T43/><D55/><U42/><E54/><V108/><F108/><W0/><G0/><T99/><D99/><U45/><E11/><V85/><AGARI ba="0,0" hai="7,10,15,20,27,29,65,66,67,76,83,84,85,87" machi="85" ten="30,4000,0" yaku="0,1,8,1,52,1" doraHai="72,125" who="2" fromWho="2" sc="182,-10,201,-10,418,40,199,-20" owari="172,-33.0,191,-1.0,458,56.0,179,-22.0" />
</Scene>
</mjloggm>