<mjloggm ver="2.3"><GO type="169"/><UN n0="%E3%81%B5%E3%81%8A%E3%82%93" n1="%41%53%41%50%49%4E" n2="%E3%81%94%E3%81%98%E3%82%83%E3%82%8B" n3="%E5%A4%A9%E5%9F%8E%E5%B0%8F%E6%AC%A1%E9%83%8E" dan="17,19,18,16" rate="2130,2250,2268,2045" sx="M,M,M,M"/><TAIKYOKU oya="0"/>

<Scene>
<INIT seed="0,0,0,5,4,78" ten="250,250,250,250" oya="0" hai0="3,62,132,48,135,33,55,131,47,26,22,91,95" hai1="12,59,127,68,29,53,63,86,16,85,84,49,115" hai2="73,46,72,96,21,83,14,38,20,40,89,32,42" hai3="124,88,114,94,128,45,117,125,10,2,104,39,8"/><T18/><D131/><U101/><E127/><N who="3" m="48714" /><G114/><T41/><D3/><U133/><E133/><V103/><F32/><W121/><G117/><T81/><D33/><U116/><E116/><V110/><F42/><N who="3" m="22751" /><G128/><T30/><D30/><U66/><E115/><V106/><F110/><W105/><G121/><T71/><D71/><U28/><REACH who="1" step="1"/><E101/><REACH who="1" ten="250,240,250,250" step="2"/><V92/><F103/><W37/><G37/><T19/><D135/><U120/><E120/><V17/><F38/><W99/><G2/><T6/><D132/><U0/><E0/><V13/><F106/><AGARI ba="0,1" hai="8,10,88,94,99,104,105,106" m="22751,48714" machi="106" ten="30,2000,0" yaku="18,1,54,1" doraHai="78" who="3" fromWho="2" sc="250,0,240,0,250,-20,250,30" />
</Scene>
<Scene>
<INIT seed="1,0,0,1,3,69" ten="250,240,230,280" oya="1" hai0="132,93,84,113,95,55,22,51,126,29,40,5,119" hai1="134,117,3,74,85,1,73,133,108,61,135,89,26" hai2="100,38,8,24,88,82,121,9,18,66,15,7,64" hai3="6,30,118,131,68,86,43,25,58,71,80,47,4"/><U127/><E117/><V63/><F121/><W31/><G118/><T11/><D113/><U56/><E26/><V37/><F100/><W125/><G131/><T65/><D119/><U124/><E108/><V83/><F66/><W99/><G125/><N who="1" m="48202" /><E85/><V35/><F35/><W0/><G58/><T52/><D132/><U2/><E89/><V72/><F24/><W67/><G86/><T128/><D128/><U81/><E81/><V44/><F44/><W96/><G25/><T39/><D29/><U32/><E32/><V77/><F88/><W103/><G80/><T14/><D84/><U54/><AGARI ba="0,0" hai="1,2,3,54,56,61,73,74,133,134,135" m="48202" machi="54" ten="50,4800,0" yaku="20,1,18,1" doraHai="69" who="1" fromWho="1" sc="250,-16,240,48,230,-16,280,-16" />
</Scene>
<Scene>
<INIT seed="1,1,0,5,3,86" ten="234,288,214,264" oya="1" hai0="95,110,7,107,2,102,69,34,112,1,124,94,55" hai1="122,29,40,126,37,113,123,87,132,111,80,133,114" hai2="27,35,101,77,98,32,105,41,43,46,61,49,125" hai3="60,115,15,82,10,13,127,121,130,119,89,6,117"/><U57/><E29/><V104/><F125/><W39/><G121/><N who="1" m="46090" /><E57/><V9/><F104/><W36/><G115/><N who="1" m="44042" /><E40/><V26/><F77/><W51/><G130/><T18/><D112/><U79/><E37/><V84/><F43/><W66/><G127/><T56/><D69/><U16/><E16/><V65/><F9/><W63/><G51/><T108/><D34/><U8/><E8/><V118/><F27/><W91/><G82/><T134/><D18/><U81/><E126/><V22/><F84/><W20/><G20/><T11/><D124/><U93/><E81/><V78/><F35/><W83/><G83/><T74/><D11/><U59/><E59/><V48/><F32/><W33/><G33/><T99/><D56/><U135/><E93/><V131/><F49/><W19/><G19/><T3/><D95/><U5/><E5/><V103/><F48/><W128/><G10/><T64/><D94/><U88/><E111/><V25/><F41/><W42/><G42/><T14/><D110/><U28/><E28/><V85/><F26/><W67/><G6/><T70/><D108/><U44/><E79/><V100/><F78/><W90/><G39/><T31/><D31/><U17/><E17/><V96/><F25/><W116/><G36/><T71/><D7/><U52/><E52/><V4/><F4/><W92/><G92/><T12/><D3/><U45/><AGARI ba="1,0" hai="44,45,80,87,88,132,133,135" m="44042,46090" machi="45" ten="40,7800,0" yaku="20,1,52,1,54,1" doraHai="86" who="1" fromWho="1" sc="234,-27,288,81,214,-27,264,-27" />
</Scene>
<Scene>
<INIT seed="1,2,0,0,2,131" ten="207,369,187,237" oya="1" hai0="133,8,30,44,1,55,100,132,72,3,26,12,49" hai1="33,70,41,68,17,42,113,90,95,127,45,93,50" hai2="134,40,86,80,13,62,96,77,29,114,115,101,103" hai3="81,56,111,39,74,27,102,22,61,124,71,0,28"/><U16/><E113/><N who="2" m="43019" /><F29/><W20/><G39/><T107/><D72/><U21/><E33/><V121/><F121/><W15/><G0/><T6/><D100/><U116/><E116/><V83/><F40/><W65/><G111/><T125/><D107/><U7/><E127/><V75/><F62/><W78/><G124/><T47/><D47/><U98/><E7/><V36/><F36/><W117/><G117/><T69/><D69/><U9/><E41/><V120/><F13/><W63/><G102/><N who="2" m="38921" /><F120/><W64/><REACH who="3" step="1"/><G15/><REACH who="3" ten="207,369,187,227" step="2"/><T53/><D125/><U105/><E105/><V79/><F96/><W92/><G92/><T66/><D3/><U99/><E95/><V123/><F123/><W2/><G2/><T135/><D1/><U58/><E99/><V52/><F52/><W4/><G4/><T118/><D118/><U73/><E93/><V46/><F46/><W88/><G88/><T14/><D14/><U89/><E90/><V76/><F76/><W108/><G108/><T48/><D66/><U130/><E89/><V122/><F122/><W37/><G37/><T109/><D109/><U59/><E98/><V10/><F10/><W19/><G19/><T119/><D119/><U34/><E9/><V112/><F112/><W18/><G18/><T82/><D53/><U67/><E17/><V25/><F25/><W126/><G126/><T23/><D49/><U38/><E16/><V43/><F43/><W129/><G129/><T128/><D128/><U51/><E130/><V35/><F35/><AGARI ba="2,1" hai="20,22,27,28,35,56,61,63,64,65,71,74,78,81" machi="35" ten="30,2000,0" yaku="1,1,7,1,53,0" doraHai="131" doraHaiUra="32" who="3" fromWho="2" sc="207,0,369,0,187,-26,227,36" />
</Scene>
<Scene>
<INIT seed="2,0,0,3,2,85" ten="207,369,161,263" oya="2" hai0="5,113,2,7,19,9,110,98,72,39,80,95,4" hai1="127,50,76,89,12,105,61,11,16,1,102,131,126" hai2="68,100,25,69,67,58,56,132,65,10,120,125,63" hai3="51,22,41,111,13,24,26,121,82,52,119,8,38"/><V35/><F120/><W115/><G121/><T83/><D113/><U21/><E131/><V6/><F125/><N who="1" m="47625" /><E76/><V0/><F132/><W48/><G119/><T54/><D110/><U17/><E102/><V75/><F75/><W23/><G38/><T103/><D39/><U86/><E105/><V129/><F129/><W28/><G111/><T99/><D72/><U114/><E114/><V27/><F100/><W78/><G115/><T107/><D54/><U81/><E50/><V124/><F124/><W47/><G82/><T33/><D33/><U123/><E61/><V109/><F109/><W31/><G78/><T118/><D118/><U29/><E123/><V108/><F108/><W133/><G133/><T43/><D43/><U20/><E29/><V101/><F101/><W117/><G117/><T71/><D103/><U15/><E11/><V64/><F35/><W55/><REACH who="3" step="1"/><G48/><REACH who="3" ten="207,369,161,253" step="2"/><T128/><D128/><U45/><E1/><V59/><REACH who="2" step="1"/><F63/><REACH who="2" ten="207,369,151,253" step="2"/><W73/><G73/><T46/><D107/><U134/><E134/><V90/><F90/><W32/><G32/><T130/><D130/><U94/><E89/><V87/><F87/><W42/><G42/><T97/><D97/><U88/><E81/><V79/><F79/><W34/><G34/><T70/><D99/><U112/><E112/><V122/><F122/><W93/><G93/><T66/><D83/><U135/><E135/><V62/><F62/><W91/><G91/><T77/><D80/><U44/><AGARI ba="0,2" hai="12,15,16,17,20,21,44,45,86,88,94" m="47625" machi="44" ten="30,7900,0" yaku="18,1,52,1,54,2" doraHai="85" who="1" fromWho="1" sc="207,-20,369,99,151,-39,253,-20" />
</Scene>
<Scene>
<INIT seed="3,0,0,4,4,120" ten="187,468,112,233" oya="3" hai0="94,59,72,7,128,115,64,4,11,71,78,31,43" hai1="52,93,90,23,98,86,54,67,79,118,0,47,109" hai2="42,101,37,96,110,49,20,8,17,32,82,127,38" hai3="2,25,133,117,103,91,104,106,5,123,15,107,40"/><W22/><G123/><T87/><D128/><U66/><E0/><V130/><F32/><W12/><G117/><T84/><D71/><U92/><E109/><V62/><F130/><W30/><G103/><T73/><D31/><U135/><E135/><V76/><F127/><W131/><G133/><T97/><D43/><U21/><E118/><V51/><F8/><W125/><G131/><T85/><D115/><U50/><E54/><V77/><F62/><W119/><G119/><T61/><D78/><U122/><E122/><V134/><F134/><W46/><G125/><T35/><D35/><U44/><E44/><V124/><F124/><W24/><G91/><T41/><D41/><U10/><E10/><V69/><F69/><W111/><G111/><T65/><D65/><N who="1" m="24587" /><E79/><V88/><F110/><W70/><G70/><T99/><D7/><U6/><E6/><V129/><F129/><W19/><G2/><T112/><D112/><U113/><E113/><V100/><F42/><W55/><G55/><T114/><D114/><U89/><AGARI ba="0,0" hai="21,23,47,50,52,86,89,90,92,93,98" m="24587" machi="89" ten="30,2000,0" yaku="8,1,54,1" doraHai="120" who="1" fromWho="1" sc="187,-5,468,20,112,-5,233,-10" />
</Scene>
<Scene>
<INIT seed="4,0,0,2,5,134" ten="182,488,107,223" oya="0" hai0="105,66,70,2,19,55,97,58,91,52,10,50,106" hai1="125,95,20,26,34,69,9,108,109,116,27,75,90" hai2="99,44,21,33,87,98,65,118,123,112,135,63,68" hai3="129,131,130,104,48,4,56,120,111,83,43,38,64"/><T86/><D70/><U80/><E125/><V11/><F33/><W100/><G111/><T119/><D119/><U25/><E116/><V101/><F118/><W54/><G120/><T114/><D114/><U24/><E69/><V30/><F123/><W39/><G4/><T79/><D66/><U92/><E34/><V85/><F135/><W16/><G64/><T6/><D79/><U124/><E124/><V122/><F122/><W3/><G3/><T49/><D19/><U102/><E9/><V35/><F112/><W61/><G83/><T89/><D97/><U110/><E102/><V88/><F35/><W36/><G100/><T76/><D76/><U5/><E5/><V74/><F74/><W46/><G104/><T84/><D84/><U121/><E121/><V17/><F87/><W77/><G77/><T13/><D2/><U12/><E12/><V128/><F128/><W1/><G1/><T60/><D60/><U45/><E45/><V72/><F72/><W96/><G96/><T7/><D7/><U103/><E103/><V94/><F30/><W73/><G73/><T127/><D127/><U81/><E75/><V37/><F11/><W40/><G16/><T22/><D22/><U59/><E59/><V29/><F29/><W15/><G15/><T115/><D115/><U67/><E67/><V41/><REACH who="2" step="1"/><F101/><REACH who="2" ten="182,488,97,223" step="2"/><W117/><G117/><T126/><D126/><U113/><E113/><V62/><F62/><W132/><G132/><T0/><D0/><U57/><E110/><V93/><F93/><W32/><G32/><T14/><D86/><U78/><E109/><RYUUKYOKU ba="0,1" sc="182,-15,488,-15,97,15,223,15" hai2="17,21,37,41,44,63,65,68,85,88,94,98,99" hai3="36,38,39,40,43,46,48,54,56,61,129,130,131" />
</Scene>
<Scene>
<INIT seed="5,1,1,4,2,56" ten="167,473,112,238" oya="1" hai0="132,55,37,104,62,46,33,80,60,39,59,1,43" hai1="58,112,26,88,0,120,34,57,109,99,69,103,40" hai2="102,67,135,12,93,85,122,94,107,64,129,24,89" hai3="114,61,11,22,75,98,36,23,25,38,47,15,30"/><U41/><E120/><V131/><F122/><W31/><G75/><T13/><D1/><U117/><E117/><V95/><F24/><W124/><G114/><T51/><D104/><U72/><E0/><V115/><F12/><W66/><G124/><T134/><D33/><U127/><E72/><V79/><F64/><W118/><G118/><T9/><D80/><U74/><E74/><V86/><F67/><W29/><G98/><T100/><D100/><U87/><E69/><V19/><F19/><W54/><G54/><T133/><D39/><U121/><E121/><V105/><F115/><W71/><G47/><T70/><D70/><U17/><E112/><V18/><F18/><AGARI ba="1,1" hai="9,13,18,37,43,46,51,55,59,60,62,132,133,134" machi="18" ten="40,5200,0" yaku="20,1,52,2" doraHai="56" who="0" fromWho="2" sc="167,65,473,0,112,-55,238,0" />
</Scene>
<Scene>
<INIT seed="6,0,0,5,2,119" ten="232,473,57,238" oya="2" hai0="123,90,79,103,57,38,48,17,78,65,131,46,101" hai1="14,23,76,4,62,20,130,2,12,77,36,107,49" hai2="97,118,47,91,11,59,127,84,64,99,29,70,33" hai3="72,51,68,125,60,27,89,132,58,128,1,81,40"/><V110/><F118/><W105/><G1/><T98/><D123/><U121/><E36/><V19/><F70/><W28/><G105/><T126/><D38/><U30/><E107/><V66/><F33/><W56/><G132/><T112/><D112/><U80/><E130/><V3/><F3/><W134/><G134/><T114/><D114/><U22/><E121/><V95/><F29/><W21/><G128/><T102/><D131/><U31/><E2/><V24/><F127/><W93/><G125/><T104/><D104/><U6/><E62/><N who="2" m="37983" /><F110/><W109/><G109/><T54/><D126/><U115/><E115/><V92/><F66/><W88/><G68/><T39/><D39/><U10/><E49/><V42/><F95/><W0/><G0/><T63/><D17/><U45/><E45/><V73/><F73/><W94/><G72/><T69/><D69/><U108/><E108/><V53/><F42/><W129/><G129/><T52/><D65/><U87/><E77/><N who="0" m="29193" /><D90/><N who="3" m="34921" /><G81/><T100/><D101/><U124/><E124/><V67/><F67/><N who="3" m="39303" /><G58/><N who="0" m="35287" /><D98/><N who="2" m="37386" /><F11/><AGARI ba="0,0" hai="4,6,10,11,12,14,20,22,23,30,31,76,80,87" machi="11" ten="40,2600,0" yaku="9,1,8,1" doraHai="119" who="1" fromWho="2" sc="232,0,473,26,57,-26,238,0" />
</Scene>
<Scene>
<INIT seed="7,0,0,3,3,5" ten="232,499,31,238" oya="3" hai0="63,115,9,75,91,41,15,54,22,32,93,79,114" hai1="59,23,112,133,77,116,71,11,25,20,123,69,86" hai2="65,97,53,52,0,16,3,60,81,58,27,105,45" hai3="99,92,102,2,8,50,124,120,101,118,67,85,19"/><W34/><G118/><T104/><D104/><U7/><E116/><V84/><F3/><W72/><G120/><T111/><D32/><U61/><E123/><V117/><F105/><W74/><G34/><T109/><D41/><U55/><E112/><N who="0" m="43049" /><D22/><U134/><E86/><V90/><F0/><W56/><G124/><T6/><D79/><U46/><E77/><V107/><F107/><W126/><G126/><T40/><D40/><U96/><E96/><V29/><F117/><W43/><G102/><T110/><D75/><U57/><E57/><V80/><F97/><W12/><G2/><T108/><D108/><U70/><E46/><V48/><F29/><W4/><G4/><T121/><D121/><U28/><E23/><V13/><F27/><W31/><G31/><T68/><D54/><U39/><E39/><V119/><F119/><W62/><REACH who="3" step="1"/><G85/><REACH who="3" ten="232,499,31,228" step="2"/><N who="0" m="52463" /><D111/><U127/><E127/><V73/><F73/><W37/><G37/><T94/><D94/><U76/><E7/><V47/><F81/><W89/><G89/><T64/><AGARI ba="0,1" hai="6,9,15,63,64,68,109,110" m="52463,43049" machi="64" ten="30,4000,0" yaku="15,1,11,1,52,1" doraHai="5" who="0" fromWho="0" sc="232,50,499,-10,31,-10,228,-20" owari="282,8.0,489,59.0,21,-48.0,208,-19.0" />
</Scene>
</mjloggm>