<mjloggm ver="2.3"><GO type="169"/><UN n0="%41%53%41%50%49%4E" n1="%E3%81%82%E3%81%A4%E3%81%82%E3%81%A4%E6%B9%AF%E8%B1%86%E8%85%90" n2="%41%6B%61%2D%75%72%61" n3="%6B%69%63%6B%63%68%69" dan="18,18,16,17" rate="2236,2260,2104,2145" sx="M,M,M,M"/><TAIKYOKU oya="0"/>

<Scene>
<INIT seed="0,0,0,1,3,47" ten="250,250,250,250" oya="0" hai0="132,18,60,20,81,1,25,134,80,117,9,130,43" hai1="126,34,77,113,71,101,109,22,85,65,133,100,125" hai2="5,70,54,26,121,122,50,104,30,4,48,23,131" hai3="99,90,42,116,63,124,45,68,94,49,87,67,89"/><T35/><D117/><U41/><E34/><V73/><F70/><W21/><G124/><N who="1" m="47722" /><E109/><V61/><F104/><W84/><G116/><T69/><D130/><U17/><E133/><N who="0" m="51305" /><D35/><U96/><E113/><V72/><F131/><W119/><G119/><T98/><D43/><U59/><E71/><V62/><F23/><W0/><G0/><T7/><D98/><U27/><E41/><V114/><F26/><W93/><G21/><T66/><AGARI ba="0,0" hai="1,7,9,18,20,25,60,66,69,80,81" m="51305" machi="66" ten="30,1500,0" yaku="20,1" doraHai="47" who="0" fromWho="0" sc="250,15,250,-5,250,-5,250,-5" />
</Scene>
<Scene>
<INIT seed="0,1,0,5,2,96" ten="265,245,245,245" oya="0" hai0="60,121,76,52,1,125,28,70,102,122,7,92,116" hai1="111,18,104,53,132,42,39,22,77,134,26,71,109" hai2="98,86,34,82,101,120,35,49,127,6,81,87,84" hai3="68,4,56,112,103,15,93,11,88,41,113,23,58"/><T25/><D116/><U55/><E71/><V47/><F120/><W72/><G68/><T128/><D128/><U94/><E104/><V21/><F127/><W133/><G72/><T124/><D76/><U85/><E42/><V80/><F6/><W46/><G133/><N who="1" m="51306" /><E39/><V12/><F12/><W119/><G119/><T37/><D37/><U69/><E69/><V8/><F8/><W2/><G113/><T14/><D1/><U40/><E40/><V123/><F21/><W89/><G112/><T29/><D14/><U99/><E85/><V27/><F123/><W129/><G129/><T30/><D25/><U66/><E66/><V67/><F67/><W16/><G103/><T24/><D24/><U110/><E77/><V36/><F36/><W5/><G5/><T9/><D9/><U83/><E83/><V79/><F27/><W45/><G89/><AGARI ba="1,0" hai="18,22,26,53,55,89,94,99,109,110,111" m="51306" machi="89" ten="40,2600,0" yaku="14,1,20,1" doraHai="96" who="1" fromWho="3" sc="265,0,245,29,245,0,245,-29" />
</Scene>
<Scene>
<INIT seed="1,0,0,4,4,98" ten="265,274,245,216" oya="1" hai0="47,23,0,103,112,7,20,116,22,9,4,119,123" hai1="44,95,10,90,39,76,88,49,67,71,24,100,42" hai2="3,111,96,52,18,94,62,106,5,83,66,104,99" hai3="113,21,125,40,132,97,64,57,12,73,80,26,109"/><U75/><E24/><V85/><F111/><W55/><G109/><T32/><D47/><U87/><E49/><V28/><F28/><W70/><G113/><T16/><D103/><U69/><E67/><V33/><F33/><W37/><G132/><T65/><D65/><U43/><E43/><V14/><F5/><W114/><G114/><T101/><D101/><U19/><E90/><V84/><F3/><W46/><G125/><T6/><D112/><U15/><REACH who="1" step="1"/><E100/><REACH who="1" ten="265,264,245,216" step="2"/><V74/><F66/><W34/><G64/><T93/><D0/><U72/><E72/><V38/><F74/><W134/><G73/><T45/><D45/><U36/><E36/><V77/><F38/><W89/><G40/><T122/><D32/><U29/><E29/><V51/><F51/><W50/><G89/><T102/><D102/><U1/><E1/><V79/><F104/><W129/><G46/><T121/><D93/><U53/><E53/><V117/><F106/><W108/><G55/><T13/><AGARI ba="0,1" hai="4,6,7,9,13,16,20,22,23,116,119,121,122,123" machi="13" ten="40,16000,3" yaku="0,1,29,2,13,1,34,3,54,1" doraHai="98" who="0" fromWho="0" sc="265,170,264,-80,245,-40,216,-40" />
</Scene>
<Scene>
<INIT seed="2,0,0,0,3,55" ten="435,184,205,176" oya="2" hai0="1,91,112,78,121,3,37,64,89,14,122,53,51" hai1="24,32,22,99,9,18,10,69,63,107,15,39,6" hai2="45,113,95,28,104,2,76,68,62,94,4,17,115" hai3="129,77,106,27,20,108,125,57,36,19,98,128,90"/><V110/><F104/><W130/><G36/><T0/><D112/><U26/><E39/><V61/><F76/><W131/><G77/><T34/><D37/><U100/><E6/><V38/><F28/><W72/><G72/><T7/><D34/><U79/><E79/><V52/><F110/><W47/><G47/><T120/><D64/><N who="1" m="41119" /><E26/><V54/><F4/><W85/><G108/><T87/><D78/><U114/><E114/><V97/><F2/><W58/><N who="3" m="32768" /><DORA hai="50" /><W126/><G98/><T31/><D31/><AGARI ba="0,0" hai="9,10,15,18,22,24,31,32,99,100,107" m="41119" machi="31" ten="30,1000,0" yaku="25,1" doraHai="55,50" who="1" fromWho="0" sc="435,-10,184,10,205,0,176,0" />
</Scene>
<Scene>
<INIT seed="3,0,0,5,0,52" ten="425,194,205,176" oya="3" hai0="91,82,51,48,83,57,103,40,106,107,21,15,120" hai1="133,32,36,23,65,125,131,2,105,115,113,109,56" hai2="18,12,1,24,128,84,41,0,11,67,95,45,90" hai3="116,89,30,96,88,110,117,94,86,60,5,38,68"/><W93/><G38/><T53/><D120/><U43/><RYUUKYOKU type="yao9" ba="0,0" sc="425,0,194,0,205,0,176,0" hai1="2,23,32,36,43,56,65,105,109,113,115,125,131,133" />
</Scene>
<Scene>
<INIT seed="3,1,0,2,4,4" ten="425,194,205,176" oya="3" hai0="48,73,62,85,29,93,129,45,117,21,67,114,121" hai1="115,89,131,56,100,110,95,97,106,126,88,66,75" hai2="49,68,57,94,96,20,43,108,70,10,16,77,127" hai3="30,78,34,53,134,17,118,37,116,55,135,64,18"/><W47/><G78/><T101/><D117/><N who="3" m="45161" /><G30/><T39/><D121/><U102/><E115/><V119/><F119/><W13/><G34/><T1/><D129/><U54/><E131/><V14/><F127/><W69/><G18/><T61/><D39/><U51/><E126/><V44/><F77/><W105/><G105/><T58/><D1/><U12/><E75/><V50/><F108/><W92/><G92/><T109/><D109/><U80/><E110/><V8/><F70/><W31/><G31/><T63/><D73/><U26/><E66/><V99/><F68/><W113/><G113/><T111/><D111/><U23/><E12/><V76/><F76/><W3/><G3/><T72/><D72/><U125/><E125/><V128/><F128/><W0/><G0/><T27/><D114/><U33/><E33/><V22/><F22/><W11/><G64/><T122/><D122/><U24/><E24/><V5/><F5/><W132/><G69/><T28/><D28/><U32/><E32/><V42/><F99/><W79/><G79/><T83/><D83/><U87/><REACH who="1" step="1"/><E106/><REACH who="1" ten="425,184,205,176" step="2"/><V84/><F84/><W86/><G86/><T38/><D85/><U6/><E6/><V90/><REACH who="2" step="1"/><F57/><REACH who="2" ten="425,184,195,176" step="2"/><W91/><G132/><T71/><D58/><U82/><E82/><V59/><F59/><W15/><G135/><T74/><D71/><U123/><E123/><V112/><F112/><W41/><G134/><T65/><D74/><U124/><E124/><V52/><F52/><W104/><G55/><T9/><D65/><U98/><E98/><V25/><F25/><W81/><G53/><RYUUKYOKU ba="1,2" sc="425,-15,184,15,195,15,176,-15" hai1="23,26,51,54,56,80,87,88,89,95,97,100,102" hai2="8,10,14,16,20,42,43,44,49,50,90,94,96" />
</Scene>
<Scene>
<INIT seed="4,2,2,5,4,6" ten="410,199,210,161" oya="0" hai0="37,118,50,116,52,132,59,112,3,10,94,88,78" hai1="45,80,102,15,33,100,107,36,106,53,0,51,134" hai2="119,87,127,64,61,122,108,19,105,9,69,46,129" hai3="22,38,48,2,63,111,18,24,35,83,55,74,114"/><T76/><D37/><U42/><E0/><V12/><F108/><W101/><G38/><T72/><D112/><U20/><E33/><V1/><F122/><W77/><G111/><T120/><D120/><U29/><E134/><V84/><F105/><W21/><G2/><T16/><D132/><U40/><E80/><V13/><F127/><W125/><G125/><T123/><D123/><U14/><E106/><V117/><F1/><W17/><G35/><T71/><D71/><U27/><E107/><V95/><F129/><W93/><G114/><T54/><D54/><U56/><REACH who="1" step="1"/><E42/><REACH who="1" ten="410,189,210,161" step="2"/><V131/><F131/><W11/><G83/><T91/><D3/><U60/><E60/><V98/><F119/><W103/><G63/><T57/><D116/><U75/><E75/><V126/><F117/><W28/><G74/><T49/><D72/><U89/><E89/><V99/><F126/><W44/><G77/><T124/><D118/><U65/><E65/><V128/><F128/><W39/><G93/><T67/><D124/><U5/><E5/><N who="2" m="3119" /><F61/><W31/><G101/><AGARI ba="2,3" hai="14,15,20,27,29,36,40,45,51,53,56,100,101,102" machi="101" ten="40,1300,0" yaku="1,1,53,0" doraHai="6" doraHaiUra="109" who="1" fromWho="3" sc="410,0,189,49,210,0,161,-19" />
</Scene>
<Scene>
<INIT seed="5,0,0,1,3,35" ten="410,238,210,142" oya="1" hai0="46,70,123,73,87,19,43,61,77,112,57,128,6" hai1="94,16,130,113,68,1,5,13,85,59,60,93,41" hai2="132,49,133,118,121,56,103,92,18,51,33,69,8" hai3="66,96,29,126,55,127,79,84,9,135,78,53,38"/><U99/><E68/><V31/><F69/><W58/><G38/><T117/><D73/><U10/><E113/><V134/><F121/><W74/><G74/><T48/><D70/><U7/><E130/><V98/><F118/><W50/><G29/><T104/><D104/><U26/><E41/><V47/><F31/><W91/><G66/><T88/><D117/><U12/><E1/><V0/><F33/><W40/><G40/><T28/><D128/><U101/><E26/><V75/><F75/><W23/><G23/><T119/><D119/><U20/><E7/><N who="2" m="1127" /><F56/><W63/><G96/><T54/><D112/><U17/><E5/><V30/><F30/><W97/><G97/><T45/><D123/><U129/><E129/><V62/><F62/><W15/><G135/><T80/><D28/><U131/><E131/><V44/><F18/><N who="3" m="8559" /><G127/><T14/><D45/><AGARI ba="0,0" hai="44,45,47,49,51,92,98,103,132,133,134" m="1127" machi="45" ten="30,2000,0" yaku="20,1,52,1" doraHai="35" who="2" fromWho="0" sc="410,-20,238,0,210,20,142,0" />
</Scene>
<Scene>
<INIT seed="6,0,0,0,2,30" ten="390,238,230,142" oya="2" hai0="26,110,58,121,101,15,0,50,115,54,48,82,80" hai1="34,93,130,61,38,5,27,91,119,17,99,51,105" hai2="122,127,9,89,102,44,19,107,59,76,41,46,56" hai3="83,73,16,126,23,37,85,111,132,133,100,97,4"/><V84/><F122/><W96/><G37/><T35/><D110/><U12/><E38/><V21/><F76/><W7/><G73/><T75/><D0/><U45/><E119/><V98/><F127/><W77/><G126/><T55/><D121/><U114/><E114/><V29/><F9/><W36/><G36/><T13/><D115/><U87/><E61/><V52/><F29/><W94/><G111/><T32/><D101/><U10/><E130/><V68/><F59/><W112/><G112/><T8/><D26/><U70/><E70/><V42/><F68/><W72/><G72/><T43/><D75/><U78/><E34/><V57/><F57/><W6/><REACH who="3" step="1"/><G97/><REACH who="3" ten="390,238,230,132" step="2"/><T120/><D120/><U3/><E99/><V117/><F117/><W79/><G79/><T74/><D74/><U53/><E78/><V109/><F109/><W129/><G129/><T20/><D50/><U118/><E118/><V49/><F42/><W14/><AGARI ba="0,1" hai="4,6,7,14,16,23,77,83,85,94,96,100,132,133" machi="14" ten="30,4000,0" yaku="1,1,0,1,54,1,53,0" doraHai="30" doraHaiUra="113" who="3" fromWho="3" sc="390,-10,238,-10,230,-20,132,50" />
</Scene>
<Scene>
<INIT seed="7,0,0,3,1,118" ten="380,228,210,182" oya="3" hai0="67,40,12,92,82,123,26,61,25,55,24,102,103" hai1="30,13,44,56,23,107,100,17,66,79,46,129,29" hai2="63,85,109,75,4,64,18,51,49,15,89,95,84" hai3="2,36,70,38,112,119,105,69,19,21,35,58,108"/><W116/><G35/><T131/><D123/><U110/><E110/><V41/><F75/><W74/><G74/><T86/><D131/><U71/><E71/><N who="3" m="27146" /><G58/><N who="0" m="37303" /><D40/><U111/><E111/><V121/><F121/><W28/><G108/><T57/><D12/><U1/><E1/><V114/><F114/><W115/><G2/><T101/><D92/><U27/><E79/><V7/><F109/><W126/><G105/><T78/><D102/><U127/><E100/><V80/><F41/><W45/><G28/><T93/><D93/><U6/><E30/><V0/><F0/><W133/><G126/><T135/><D135/><U83/><E29/><V10/><F63/><AGARI ba="0,0" hai="24,25,26,55,57,63,78,82,86,101,103" m="37303" machi="63" ten="30,1000,0" yaku="8,1" doraHai="118" who="0" fromWho="2" sc="380,10,228,0,210,-10,182,0" owari="390,49.0,228,3.0,200,-20.0,182,-32.0" />
</Scene>
</mjloggm>