<mjloggm ver="2.3"><GO type="169"/><UN n0="%E3%83%90%E3%83%AB%E3%81%B0%E3%82%8B" n1="%41%53%41%50%49%4E" n2="%E3%81%B3%E3%82%8A%E3%81%B3%E3%82%8A%E2%98%86%E3%83%93%E3%83%AA%E3%83%BC" n3="%E7%88%B6%E3%81%A1%E3%82%83%E3%82%93%E8%A6%8B%E3%81%A6%E3%82%8B%EF%BC%9F" dan="16,19,17,16" rate="2038,2207,2160,2021" sx="M,M,M,M"/><TAIKYOKU oya="0"/>

<Scene>
<INIT seed="0,0,0,0,0,60" ten="250,250,250,250" oya="0" hai0="121,57,82,33,13,38,129,108,65,28,89,90,25" hai1="36,72,1,6,40,19,61,103,49,63,131,97,34" hai2="32,115,79,77,124,112,66,4,67,122,39,30,31" hai3="68,107,12,87,2,69,75,56,23,104,3,58,96"/><T55/><D121/><U7/><E72/><V105/><F122/><W128/><G87/><T94/><D129/><U18/><E36/><V84/><F84/><W101/><G128/><T27/><D38/><U127/><E34/><V116/><F39/><W100/><G75/><T78/><D108/><U113/><E131/><V117/><F32/><W9/><G23/><T134/><D134/><U86/><E127/><V53/><F124/><W99/><G12/><T132/><D132/><U95/><E113/><N who="2" m="43595" /><F53/><W125/><G125/><T46/><D13/><U51/><E1/><V64/><F4/><W54/><G54/><T93/><D27/><U91/><E7/><V102/><F102/><W20/><G20/><N who="0" m="15399" /><D78/><N who="2" m="29706" /><F105/><W120/><G120/><T5/><D5/><U114/><E6/><V48/><F48/><N who="1" m="18505" /><E40/><V106/><F106/><W74/><G74/><T37/><D37/><U85/><E85/><V47/><F47/><W119/><G119/><AGARI ba="0,0" hai="30,31,64,66,67,116,117,119" m="29706,43595" machi="119" ten="40,12000,2" yaku="28,2,12,1,52,3" doraHai="60" who="2" fromWho="3" sc="250,0,250,0,250,120,250,-120" />
</Scene>
<Scene>
<INIT seed="1,0,0,1,4,86" ten="250,250,370,130" oya="1" hai0="108,79,128,91,41,113,109,12,82,69,59,98,29" hai1="0,105,21,30,107,100,11,7,93,115,83,103,126" hai2="78,20,10,89,54,36,122,135,25,72,4,123,118" hai3="117,101,119,39,52,60,32,42,61,37,97,120,73"/><U44/><E115/><V3/><F118/><N who="3" m="45067" /><G32/><T2/><D69/><U57/><E126/><V50/><F36/><N who="3" m="13899" /><G73/><T58/><D2/><U40/><E57/><V34/><F34/><W111/><G120/><T35/><D41/><U112/><E112/><V53/><F72/><W26/><G26/><N who="0" m="18871" /><D12/><U62/><E62/><V8/><F25/><W23/><G23/><T33/><D33/><U84/><E30/><V27/><F27/><W15/><G15/><T51/><D51/><U43/><E21/><V92/><F50/><W14/><G14/><T16/><D16/><U6/><E6/><V104/><F4/><W71/><G42/><T130/><D113/><U127/><E40/><V48/><F48/><W94/><G111/><N who="0" m="42571" /><D79/><U13/><E0/><V63/><F78/><W132/><G71/><T47/><D47/><U99/><E44/><V24/><F3/><W17/><G17/><T125/><D125/><U110/><E43/><V90/><F24/><W9/><G9/><T64/><D64/><U106/><E127/><V81/><F10/><W76/><G76/><T28/><D28/><U55/><E110/><V102/><F8/><W5/><G5/><T95/><D82/><U74/><E74/><V18/><F81/><W96/><G96/><T133/><D133/><U116/><E116/><V22/><F18/><W66/><G66/><T49/><D49/><U85/><E83/><V70/><F22/><W134/><G60/><T77/><D77/><U87/><E100/><V67/><F102/><W46/><G46/><T131/><AGARI ba="0,0" hai="58,59,91,95,98,128,130,131" m="42571,18871" machi="131" ten="40,5200,0" yaku="19,1,14,1,52,1" doraHai="86" who="0" fromWho="0" sc="250,52,250,-26,370,-13,130,-13" />
</Scene>
<Scene>
<INIT seed="2,0,0,2,1,17" ten="302,224,357,117" oya="2" hai0="31,117,78,97,81,9,15,51,100,55,46,90,19" hai1="20,131,49,39,75,28,65,21,35,3,108,1,34" hai2="135,6,98,104,40,87,7,121,8,57,88,10,129" hai3="84,113,95,82,69,130,67,45,53,25,111,52,109"/><V11/><F121/><W120/><G120/><T72/><D117/><U76/><E39/><V37/><F129/><W18/><G130/><T80/><D31/><U66/><E131/><V112/><F112/><W86/><G113/><T43/><D43/><U27/><E108/><V70/><F70/><W12/><G69/><T85/><D97/><U114/><E114/><V5/><F135/><W123/><G67/><T68/><D68/><U2/><E66/><V96/><F104/><W115/><G115/><T47/><D100/><U71/><E49/><V106/><F106/><W102/><G123/><T133/><D133/><U94/><E35/><V58/><F40/><W74/><G25/><T30/><D30/><U54/><E54/><V125/><F37/><W134/><G134/><T44/><AGARI ba="0,0" hai="9,15,19,44,46,47,51,55,72,78,80,81,85,90" machi="44" ten="20,5200,0" yaku="0,1,7,1,25,2" doraHai="17" who="0" fromWho="0" sc="302,52,224,-13,357,-26,117,-13" />
</Scene>
<Scene>
<INIT seed="3,0,0,4,2,134" ten="354,211,331,104" oya="3" hai0="90,63,76,102,125,114,62,27,66,21,45,108,84" hai1="11,2,98,39,69,132,49,72,123,124,100,23,17" hai2="9,133,68,37,53,97,87,113,38,73,127,79,56" hai3="58,13,19,43,116,42,118,75,10,28,106,92,54"/><W22/><G106/><T26/><D102/><U25/><E123/><V52/><F113/><W103/><G75/><T1/><D1/><U33/><E132/><V107/><F68/><W3/><G118/><T59/><D76/><U60/><E72/><V30/><F73/><W81/><G116/><T128/><D108/><U51/><E39/><V40/><F133/><W82/><G3/><T50/><D128/><U104/><E124/><V131/><F127/><W85/><G81/><T6/><D6/><U117/><E117/><V20/><F107/><W41/><G28/><T129/><D125/><U95/><E95/><V110/><F110/><W61/><G92/><T36/><D36/><U96/><E96/><V120/><F97/><W78/><REACH who="3" step="1"/><G103/><REACH who="3" ten="354,211,331,94" step="2"/><T70/><D114/><U94/><E94/><V105/><F30/><W119/><G119/><T48/><D129/><U80/><E80/><V135/><F105/><W31/><G31/><T67/><D84/><U4/><REACH who="1" step="1"/><E33/><REACH who="1" ten="354,201,331,94" step="2"/><V55/><F135/><W15/><G15/><T29/><D27/><U5/><E5/><V64/><F131/><W32/><G32/><T91/><D26/><U35/><E35/><V93/><F93/><W8/><AGARI ba="0,2" hai="8,10,13,19,22,41,42,43,54,58,61,78,82,85" machi="8" ten="30,11700,0" yaku="1,1,0,1,8,1,53,1" doraHai="134" doraHaiUra="16" who="3" fromWho="3" sc="354,-39,201,-39,331,-39,94,137" />
</Scene>
<Scene>
<INIT seed="3,1,0,5,0,2" ten="315,162,292,231" oya="3" hai0="4,81,36,114,27,64,30,62,52,95,97,71,100" hai1="69,78,9,90,94,119,18,41,130,72,96,31,77" hai2="47,120,70,53,134,49,63,28,102,126,26,113,55" hai3="66,105,121,12,45,59,20,74,93,83,135,123,0"/><W6/><G105/><T38/><D114/><U116/><E69/><V37/><F113/><W108/><G135/><T110/><D110/><U56/><E72/><V57/><F134/><W82/><G108/><T16/><D81/><U103/><E130/><V50/><F126/><W58/><G0/><T117/><D117/><N who="1" m="45131" /><E41/><V33/><F120/><W106/><G106/><T91/><D100/><U80/><E31/><V129/><F129/><W3/><G3/><T118/><D30/><U133/><E133/><V51/><F70/><W76/><G82/><T54/><D38/><U87/><E56/><V40/><REACH who="2" step="1"/><F102/><REACH who="2" ten="315,162,282,231" step="2"/><W5/><G123/><T13/><D118/><U10/><E18/><V65/><AGARI ba="1,1" hai="26,28,33,37,40,47,49,50,51,53,55,57,63,65" machi="65" ten="30,4000,0" yaku="1,1,2,1,0,1,53,0" doraHai="2" doraHaiUra="35" who="2" fromWho="2" sc="315,-11,162,-11,282,53,231,-21" />
</Scene>
<Scene>
<INIT seed="4,0,0,4,0,129" ten="304,151,335,210" oya="0" hai0="7,18,71,15,14,125,45,108,6,109,128,39,115" hai1="99,22,113,100,2,35,120,23,48,103,25,55,26" hai2="0,116,79,82,27,106,134,56,62,110,122,65,58" hai3="90,114,74,102,96,104,118,54,70,85,92,94,42"/><T117/><D71/><U24/><E120/><V43/><F122/><W49/><G70/><T98/><D117/><U9/><E113/><V5/><F116/><W73/><G118/><T34/><D98/><U63/><E63/><V131/><F106/><W107/><G42/><T20/><D45/><U86/><E35/><V80/><F131/><W72/><G114/><T76/><D115/><U37/><E37/><V8/><F110/><N who="0" m="42602" /><D76/><U3/><E86/><V31/><F43/><W46/><AGARI ba="0,0" hai="46,49,54,72,73,74,85,90,92,94,96,102,104,107" machi="46" ten="30,1100,0" yaku="0,1" doraHai="129" who="3" fromWho="3" sc="304,-5,151,-3,335,-3,210,11" />
</Scene>
<Scene>
<INIT seed="5,0,0,1,0,81" ten="299,148,332,221" oya="1" hai0="42,49,36,23,125,19,109,132,67,44,32,59,27" hai1="35,20,9,113,60,89,65,22,6,47,127,90,106" hai2="88,119,93,28,17,55,99,63,105,2,96,56,116" hai3="104,11,73,54,94,85,71,133,21,72,53,122,12"/><U31/><E106/><V110/><F110/><W52/><G104/><T100/><D125/><U123/><E123/><V50/><F2/><W39/><G71/><T117/><D132/><U15/><E127/><V131/><F131/><W25/><G39/><T3/><D3/><U135/><E135/><V51/><F28/><W70/><G70/><T83/><D117/><U13/><E113/><V129/><F129/><W1/><G1/><T97/><D32/><U79/><E79/><V8/><F116/><W7/><G133/><T0/><D0/><U4/><E47/><V37/><F37/><W62/><G122/><T30/><D109/><U107/><E107/><V91/><F119/><W24/><G24/><T124/><D124/><U134/><E134/><V92/><F105/><W69/><G69/><T130/><D130/><U10/><E35/><V34/><F34/><W48/><G62/><N who="0" m="38367" /><D83/><U43/><E43/><V112/><F112/><W18/><G73/><T40/><D40/><U58/><REACH who="1" step="1"/><E31/><REACH who="1" ten="299,138,332,221" step="2"/><V87/><F99/><W26/><G72/><T114/><D30/><U80/><E80/><V108/><F108/><W120/><G120/><T66/><D114/><U68/><E68/><V78/><F78/><W121/><G121/><T16/><D44/><U98/><E98/><V64/><F96/><W38/><G38/><T128/><D97/><U115/><E115/><V61/><F93/><W77/><G77/><T111/><D36/><U57/><E57/><N who="2" m="36975" /><F91/><AGARI ba="0,1" hai="4,6,9,10,13,15,20,22,58,60,65,89,90,91" machi="91" ten="40,12000,1" yaku="1,1,9,1,8,1,53,2" doraHai="81" doraHaiUra="5" who="1" fromWho="2" sc="299,0,138,130,332,-120,221,0" />
</Scene>
<Scene>
<INIT seed="5,1,0,0,5,110" ten="299,268,212,221" oya="1" hai0="88,102,2,125,48,30,82,106,81,54,71,24,14" hai1="72,91,117,134,44,126,62,13,18,95,115,37,99" hai2="133,122,120,64,51,65,103,114,29,36,74,69,87" hai3="56,27,83,17,0,16,90,3,130,101,41,6,40"/><U93/><E117/><V77/><F36/><W85/><G130/><T84/><D71/><U4/><E72/><V20/><F74/><W42/><G101/><T67/><D2/><U25/><E134/><V22/><F133/><W32/><G3/><T68/><D14/><U75/><E75/><V119/><F119/><W15/><G0/><T105/><D102/><U96/><E126/><V7/><F103/><W111/><G111/><T108/><D125/><U9/><E115/><V55/><F7/><W70/><G70/><T112/><D112/><U132/><E132/><V80/><F114/><W8/><REACH who="3" step="1"/><G56/><REACH who="3" ten="299,268,212,211" step="2"/><T47/><D68/><U39/><E39/><V66/><F69/><W45/><G45/><T23/><D106/><U98/><E44/><V128/><F128/><W53/><G53/><T49/><D105/><U19/><E37/><V63/><F122/><W31/><AGARI ba="1,1" hai="6,8,15,16,17,27,31,32,40,41,42,83,85,90" machi="31" ten="30,4000,0" yaku="1,1,0,1,54,1,53,0" doraHai="110" doraHaiUra="57" who="3" fromWho="3" sc="299,-11,268,-21,212,-11,211,53" />
</Scene>
<Scene>
<INIT seed="6,0,0,1,0,3" ten="288,247,201,264" oya="2" hai0="58,43,116,103,70,89,39,18,53,106,93,124,23" hai1="59,36,28,79,61,34,119,98,47,2,0,71,126" hai2="109,9,6,41,66,95,115,20,19,64,48,50,16" hai3="133,84,75,46,17,54,105,85,112,62,68,134,83"/><V33/><F33/><W52/><G105/><T81/><D70/><U77/><E119/><V111/><F115/><W44/><G112/><T4/><D124/><U87/><E71/><V42/><F95/><W29/><G29/><T69/><D69/><U11/><E126/><V37/><F37/><W76/><G17/><T31/><D31/><U102/><E87/><N who="3" m="33354" /><G68/><T56/><D43/><N who="2" m="16394" /><F19/><W1/><G1/><T131/><D106/><U32/><E47/><N who="3" m="17962" /><G62/><T91/><D39/><U22/><E2/><N who="2" m="215" /><F50/><W122/><G122/><T65/><D116/><U27/><E36/><V49/><F49/><W82/><G82/><T13/><D81/><U10/><E34/><V118/><F48/><W8/><G8/><N who="0" m="4231" /><D65/><U120/><E32/><V128/><F118/><W104/><G104/><T38/><D38/><U97/><E120/><V5/><F5/><W99/><G99/><N who="0" m="59887" /><D58/><U14/><E97/><V80/><F80/><W63/><G63/><T88/><D56/><U74/><E0/><V129/><F66/><W55/><G83/><T100/><D100/><U72/><E98/><V45/><F64/><W114/><G114/><T26/><D53/><N who="1" m="34031" /><E102/><V96/><F96/><W117/><G117/><T123/><D123/><U92/><E92/><V12/><F45/><W110/><G76/><N who="1" m="29258" /><E11/><V113/><F113/><W24/><G75/><T94/><D94/><U86/><E86/><V35/><F35/><W107/><G107/><T78/><D78/><U67/><E67/><V121/><F121/><W90/><G90/><N who="0" m="23043" /><T108/><DORA hai="7" /><D108/><AGARI ba="0,0" hai="12,16,20,108,109,111,128,129" m="215,16394" machi="108" ten="30,11600,0" yaku="10,1,52,2,54,1" doraHai="3,7" who="2" fromWho="0" sc="288,-116,247,0,201,116,264,0" />
</Scene>
<Scene>
<INIT seed="6,1,0,3,4,110" ten="172,247,317,264" oya="2" hai0="52,35,13,120,76,54,1,91,130,40,84,105,131" hai1="18,134,113,67,87,116,12,64,65,73,36,31,100" hai2="3,127,2,45,80,22,48,59,132,38,58,25,90" hai3="111,103,8,99,125,26,47,0,55,63,66,106,53"/><V46/><F38/><W10/><G111/><T42/><D105/><U78/><E116/><V68/><F68/><W4/><G125/><T95/><D76/><U94/><E36/><V57/><F127/><W126/><G126/><T39/><D1/><U96/><E73/><V92/><F132/><W112/><G47/><T101/><D35/><U122/><E134/><V69/><F69/><W16/><G112/><T28/><D28/><U32/><E122/><V61/><F80/><W104/><G104/><T123/><D101/><U108/><E108/><V20/><F20/><W60/><G60/><T37/><D13/><U11/><E113/><V9/><F9/><W14/><REACH who="3" step="1"/><G26/><REACH who="3" ten="172,247,317,254" step="2"/><T72/><D123/><U121/><E121/><V23/><F61/><W6/><G6/><T133/><D133/><U129/><E65/><V86/><F46/><W70/><AGARI ba="1,1" hai="0,4,8,10,14,16,53,55,63,66,70,99,103,106" machi="70" ten="20,5200,0" yaku="1,1,0,1,7,1,54,1,53,0" doraHai="110" doraHaiUra="135" who="3" fromWho="3" sc="172,-14,247,-14,317,-27,254,65" />
</Scene>
<Scene>
<INIT seed="7,0,0,4,1,52" ten="158,233,290,319" oya="3" hai0="64,16,116,110,108,74,14,121,83,36,132,90,94" hai1="70,80,49,7,76,34,57,88,3,100,96,25,6" hai2="93,10,79,11,33,67,39,85,19,103,130,32,112" hai3="61,129,12,117,28,95,30,126,29,43,87,113,120"/><W123/><G117/><T1/><D116/><U37/><E37/><V26/><F39/><W17/><G43/><T128/><D1/><U111/><E70/><V101/><F112/><W99/><G113/><T118/><D121/><U78/><E111/><V53/><F130/><W48/><G129/><T40/><D118/><U133/><E133/><V66/><F33/><W89/><G126/><T4/><D132/><U50/><E3/><V46/><F32/><W60/><G48/><T21/><D128/><U51/><E34/><V9/><F46/><W97/><G123/><T2/><D74/><U24/><E57/><V86/><F53/><W115/><G115/><T127/><D2/><U15/><E100/><N who="2" m="38475" /><F93/><W45/><G45/><T18/><D36/><U59/><E59/><V63/><F63/><N who="3" m="24139" /><G120/><T124/><D108/><U72/><E78/><V62/><F62/><W8/><AGARI ba="0,0" hai="8,12,17,28,29,30,87,89,95,97,99" m="24139" machi="8" ten="30,1500,0" yaku="8,1" doraHai="52" who="3" fromWho="3" sc="158,-5,233,-5,290,-5,319,15" owari="153,-35.0,228,-17.0,285,9.0,334,43.0" />
</Scene>
</mjloggm>