<mjloggm ver="2.3"><GO type="169" lobby="0"/><UN n0="%7A%65%72%6F%52%58" n1="%E3%81%BE%E3%81%AA%E3%81%84%E3%81%9F%E3%82%88%E3%81%86%E3%81%98%E3%82%87" n2="%E4%B8%83%E3%83%84%E7%9B%AE%E7%8E%89" n3="%41%53%41%50%49%4E" dan="17,16,17,19" rate="2139.25,2122.84,2200.59,2305.11" sx="M,M,M,M"/><TAIKYOKU oya="0"/>

<Scene>
<INIT seed="0,0,0,5,4,121" ten="250,250,250,250" oya="0" hai0="61,80,70,26,13,96,119,118,69,76,125,106,107" hai1="92,86,63,48,56,131,54,10,78,103,5,91,25" hai2="40,88,84,122,123,30,97,112,102,14,114,39,21" hai3="74,17,8,71,43,47,7,34,73,77,12,29,3"/><T93/><D125/><U20/><E131/><V111/><F39/><W4/><G71/><T36/><D36/><U58/><E78/><V35/><F40/><W90/><G7/><T60/><D13/><U127/><E127/><V23/><F35/><W50/><G77/><T55/><D26/><U33/><E33/><V87/><F30/><W83/><G83/><T67/><D106/><U133/><E133/><V11/><F23/><N who="3" m="11687" /><G90/><T132/><D107/><U46/><E103/><V104/><F21/><W105/><G105/><T49/><D132/><U116/><E116/><V19/><F87/><W72/><G72/><T51/><D69/><U120/><E120/><V85/><F85/><W24/><AGARI ba="0,0" hai="3,4,8,24,29,34,43,47,50,73,74" m="11687" machi="24" ten="30,1100,0" yaku="24,1" doraHai="121" who="3" fromWho="3" sc="250,-5,250,-3,250,-3,250,11" />
</Scene>
<Scene>
<INIT seed="1,0,0,2,1,67" ten="245,247,247,261" oya="1" hai0="93,47,116,135,58,85,42,51,61,44,92,107,64" hai1="10,23,72,60,122,96,65,76,101,39,14,88,24" hai2="0,68,70,117,104,8,130,87,118,114,126,80,111" hai3="115,29,31,7,5,86,9,20,30,98,1,38,133"/><U28/><E122/><V131/><F104/><W26/><G38/><T89/><D116/><N who="2" m="44650" /><F111/><W35/><G86/><T52/><D135/><U124/><E39/><V66/><F66/><W75/><G98/><T132/><D132/><U106/><E124/><V49/><F49/><W109/><G75/><T55/><D107/><U33/><E76/><N who="2" m="46471" /><F126/><W77/><G77/><T25/><D25/><U15/><E72/><V105/><F105/><W16/><G133/><T113/><D113/><U18/><E15/><V103/><F103/><W21/><G115/><T45/><D93/><U34/><REACH who="1" step="1"/><E88/><REACH who="1" ten="245,237,247,261" step="2"/><V48/><F114/><W22/><G109/><T99/><D85/><U83/><E83/><V11/><F0/><W3/><G35/><T17/><D89/><U90/><E90/><V102/><F102/><W32/><G32/><T37/><D37/><U41/><E41/><V57/><F131/><W95/><G95/><T84/><D42/><U120/><E120/><V63/><F130/><W91/><G91/><T127/><D127/><U81/><E81/><V27/><F27/><W128/><G128/><T97/><D84/><U43/><E43/><V73/><F73/><W59/><G59/><AGARI ba="0,1" hai="10,14,18,23,24,28,33,34,59,60,65,96,101,106" machi="59" ten="30,2900,0" yaku="1,1,7,1,53,0" doraHai="67" doraHaiUra="129" who="1" fromWho="3" sc="245,0,237,39,247,0,261,-29" />
</Scene>
<Scene>
<INIT seed="1,1,0,0,5,116" ten="245,276,247,232" oya="1" hai0="15,56,103,110,107,101,33,45,50,40,69,124,37" hai1="126,59,129,128,54,102,94,109,55,1,53,35,19" hai2="78,120,36,115,63,84,86,21,75,39,65,12,23" hai3="30,44,71,66,42,91,64,58,70,4,112,77,114"/><U113/><E35/><V57/><F75/><W80/><G30/><T9/><D69/><U41/><E1/><V49/><F115/><W38/><G91/><T83/><D33/><U130/><E113/><V14/><F78/><W18/><G18/><T117/><D117/><U34/><E34/><V51/><F57/><W7/><G7/><T88/><D110/><U100/><E41/><V5/><F5/><W61/><G4/><T22/><D22/><U131/><E126/><V67/><F63/><W10/><G10/><T111/><D111/><U90/><E109/><V135/><F135/><W27/><G27/><T62/><D37/><U3/><E3/><V97/><F97/><W134/><G134/><T121/><D107/><U127/><E127/><V105/><F105/><W52/><G70/><T24/><D24/><U82/><E82/><V26/><F26/><W0/><G0/><T25/><D25/><U74/><E74/><V92/><F92/><W46/><G46/><T8/><D8/><U118/><E19/><V16/><F16/><W20/><G20/><T93/><D83/><U31/><E31/><V125/><F125/><W32/><G32/><T68/><D68/><U17/><E17/><V98/><F98/><W85/><G66/><N who="0" m="39239" /><D124/><U47/><E118/><V76/><F76/><W48/><AGARI ba="1,0" hai="38,42,44,48,52,58,61,64,71,77,80,85,112,114" machi="48" ten="20,8000,1" yaku="0,1,7,1,24,2,54,1" doraHai="116" who="3" fromWho="3" sc="245,-21,276,-41,247,-21,232,83" />
</Scene>
<Scene>
<INIT seed="2,0,0,5,3,126" ten="224,235,226,315" oya="2" hai0="80,89,55,109,57,24,25,120,54,65,102,14,132" hai1="30,47,134,98,94,15,77,118,40,32,103,105,0" hai2="49,83,18,10,22,53,111,93,92,67,2,31,81" hai3="119,56,59,13,106,66,91,64,124,116,51,112,29"/><V123/><F123/><W50/><G106/><T33/><D120/><U38/><E118/><V11/><F67/><W110/><G29/><T135/><D109/><U99/><E15/><N who="2" m="9567" /><F2/><W3/><G13/><T63/><D102/><U108/><E108/><V76/><F31/><W101/><G91/><T125/><D125/><U69/><E69/><V12/><F111/><W6/><G6/><T130/><D14/><U129/><E0/><V86/><F83/><W90/><G90/><T78/><D89/><U17/><E17/><N who="2" m="8343" /><F11/><W7/><G7/><T8/><D8/><U115/><E115/><V97/><F97/><W36/><G3/><T96/><D96/><U4/><E4/><V122/><F122/><W44/><G110/><T19/><D33/><U74/><E99/><V35/><F35/><W42/><G124/><T43/><D19/><U72/><E94/><V121/><F121/><W62/><G101/><T60/><D65/><U58/><E74/><V73/><F73/><W100/><G100/><T68/><D68/><U113/><E113/><V79/><F76/><W9/><G9/><T107/><D80/><U39/><E77/><V84/><F86/><W85/><G85/><T45/><D78/><U5/><E72/><V27/><F27/><W37/><G112/><T48/><D24/><U23/><E32/><V131/><F131/><W70/><G70/><T61/><D130/><U87/><E129/><V88/><F79/><W28/><G28/><T1/><D1/><U26/><E87/><V41/><F41/><W46/><G42/><T133/><D25/><U20/><E26/><RYUUKYOKU ba="0,0" sc="224,-15,235,-15,226,15,315,15" hai2="49,53,81,84,88,92,93" hai3="36,37,44,46,50,51,56,59,62,64,66,116,119" />
</Scene>
<Scene>
<INIT seed="2,1,0,0,3,127" ten="209,220,241,330" oya="2" hai0="17,59,12,1,66,132,69,0,50,121,134,129,42" hai1="99,10,114,36,40,75,7,110,51,73,105,47,38" hai2="115,23,29,19,107,123,125,58,35,102,16,57,20" hai3="71,13,44,18,55,64,25,31,49,60,84,87,92"/><V43/><F115/><W94/><G84/><T116/><D121/><U89/><E114/><V78/><F123/><W97/><G97/><T81/><D116/><U93/><E110/><V86/><F125/><W45/><G45/><N who="0" m="25911" /><D69/><U72/><REACH who="1" step="1"/><E105/><REACH who="1" ten="209,210,241,330" step="2"/><V131/><F107/><W62/><G62/><T100/><D134/><U22/><E22/><V52/><F23/><W21/><G87/><T28/><D132/><U2/><AGARI ba="1,1" hai="2,7,10,36,38,40,47,51,72,73,75,89,93,99" machi="2" ten="30,2000,0" yaku="1,1,0,1,53,0" doraHai="127" doraHaiUra="112" who="1" fromWho="1" sc="209,-6,210,33,241,-11,330,-6" />
</Scene>
<Scene>
<INIT seed="3,0,0,2,3,119" ten="203,243,230,324" oya="3" hai0="87,58,35,107,23,104,93,134,29,20,98,135,101" hai1="63,116,17,66,54,83,22,130,133,106,105,73,95" hai2="88,112,6,126,7,43,89,32,33,5,113,92,14" hai3="122,42,114,51,120,0,103,117,61,71,129,59,128"/><W10/><G117/><T80/><D35/><U132/><E116/><V11/><F43/><W52/><G114/><T47/><D47/><U1/><E1/><V24/><F126/><W125/><G103/><T121/><D121/><N who="3" m="46697" /><G0/><T102/><D58/><U99/><E73/><V90/><F92/><W100/><G100/><N who="0" m="38507" /><D29/><U12/><E83/><V31/><REACH who="2" step="1"/><F33/><REACH who="2" ten="203,243,220,324" step="2"/><W38/><G125/><T94/><D94/><U21/><E95/><V44/><F44/><N who="3" m="23639" /><G10/><T131/><D93/><U127/><E127/><V97/><F97/><W77/><G77/><T16/><D98/><U39/><E99/><V75/><F75/><W60/><G71/><T72/><D72/><U41/><E105/><V110/><F110/><W13/><G13/><T118/><D107/><U96/><E12/><V28/><F28/><W15/><G15/><T69/><D104/><U56/><E106/><V19/><AGARI ba="0,1" hai="5,6,7,11,14,19,24,31,32,88,89,90,112,113" machi="19" ten="30,4000,0" yaku="1,1,0,1,54,1,53,0" doraHai="119" doraHaiUra="49" who="2" fromWho="2" sc="203,-10,243,-10,220,50,324,-20" />
</Scene>
<Scene>
<INIT seed="4,0,0,4,2,51" ten="193,233,270,304" oya="0" hai0="16,126,75,65,77,103,26,116,10,108,45,129,23" hai1="113,6,15,119,111,35,13,84,133,91,78,33,19" hai2="80,48,134,95,94,46,9,1,112,29,70,79,30" hai3="54,128,76,50,86,52,20,117,49,89,56,102,62"/><T97/><D116/><U107/><E107/><V87/><F70/><W125/><G117/><T72/><D129/><U73/><E119/><V4/><F112/><W122/><G128/><T85/><D126/><U47/><E111/><V120/><F134/><W106/><G125/><T114/><D114/><U92/><E113/><V44/><F120/><W135/><G135/><T81/><D108/><U14/><E133/><V90/><F95/><W42/><G122/><T71/><D45/><U2/><E2/><V69/><F69/><W88/><G102/><T110/><D110/><U68/><E68/><V18/><F18/><W53/><G106/><T105/><REACH who="0" step="1"/><D10/><REACH who="0" ten="183,233,270,304" step="2"/><U99/><E47/><V100/><F46/><N who="3" m="25815" /><G50/><T55/><D55/><N who="3" m="21065" /><G20/><T131/><D131/><U7/><E33/><V40/><REACH who="2" step="1"/><F100/><REACH who="2" ten="183,233,260,304" step="2"/><W118/><G118/><T34/><D34/><U115/><E35/><V130/><F130/><W132/><G132/><T41/><D41/><U67/><E115/><V39/><F39/><W104/><G104/><T38/><D38/><U96/><E67/><V123/><F123/><W61/><G61/><AGARI ba="0,2" hai="16,23,26,61,65,71,72,75,77,81,85,97,103,105" machi="61" ten="40,3900,0" yaku="1,1,54,1,53,0" doraHai="51" doraHaiUra="43" who="0" fromWho="3" sc="183,59,233,0,260,0,304,-39" />
</Scene>
<Scene>
<INIT seed="4,1,0,2,0,10" ten="242,233,260,265" oya="0" hai0="105,86,125,80,81,6,4,13,50,65,99,89,22" hai1="0,49,79,83,84,126,85,91,32,27,19,7,9" hai2="20,73,131,44,54,14,17,104,95,112,42,66,118" hai3="92,98,123,108,129,72,40,60,29,94,110,67,121"/><T63/><D125/><U23/><E126/><V116/><F104/><W127/><G127/><T48/><D81/><U74/><E91/><V53/><F73/><W117/><G117/><N who="2" m="45161" /><F112/><W97/><G72/><T21/><D105/><U38/><E38/><N who="2" m="21591" /><F131/><W30/><G40/><T3/><D3/><U77/><E77/><V120/><F120/><N who="3" m="46155" /><G129/><T56/><D99/><N who="3" m="37897" /><G60/><T128/><D128/><U119/><E119/><V58/><F95/><N who="3" m="36395" /><G67/><T111/><D111/><AGARI ba="1,0" hai="29,30,108,110,111" m="36395,37897,46155" machi="111" ten="40,5200,0" yaku="28,2,13,1" doraHai="10" who="3" fromWho="0" sc="242,-55,233,0,260,0,265,55" />
</Scene>
<Scene>
<INIT seed="5,0,0,1,3,46" ten="187,233,260,320" oya="1" hai0="34,126,129,62,47,90,128,37,48,105,21,134,2" hai1="102,64,0,79,53,106,135,73,86,104,112,88,91" hai2="81,61,8,67,16,127,109,99,110,19,100,17,49" hai3="50,14,58,63,51,3,78,120,125,123,54,98,96"/><U6/><E64/><V94/><F127/><W29/><G3/><T52/><D34/><U5/><E0/><V27/><F8/><W13/><G125/><T66/><D126/><U74/><E53/><V43/><F81/><W56/><G78/><T107/><D2/><U75/><E6/><V70/><REACH who="2" step="1"/><F27/><REACH who="2" ten="187,233,250,320" step="2"/><W24/><G24/><T45/><D134/><U60/><E135/><V9/><F9/><W1/><G1/><T97/><D129/><U39/><E5/><V122/><F122/><W116/><G120/><T31/><D128/><U23/><E73/><V117/><F117/><W7/><G7/><T44/><D37/><U41/><E39/><V72/><F72/><W22/><G116/><T121/><D121/><U108/><E75/><V11/><F11/><W124/><G123/><T30/><D107/><U83/><E74/><V26/><F26/><N who="3" m="16599" /><G124/><T89/><D105/><U57/><E106/><V87/><F87/><W130/><G130/><T36/><D36/><U115/><E86/><V95/><F95/><W18/><G13/><T103/><D21/><U15/><E23/><V77/><F77/><W28/><G14/><T76/><D76/><U12/><E79/><V84/><F84/><W20/><G20/><T42/><D42/><U35/><E104/><V111/><F111/><W71/><G18/><T118/><D118/><U68/><E108/><V93/><F93/><W132/><G132/><T131/><D131/><U133/><E83/><V33/><F33/><W82/><G82/><T92/><D30/><U113/><E133/><V38/><F38/><W80/><G28/><RYUUKYOKU ba="0,1" sc="187,-10,233,-10,250,30,320,-10" hai2="16,17,19,43,49,61,67,70,94,99,100,109,110" />
</Scene>
<Scene>
<INIT seed="6,1,1,5,5,19" ten="177,223,280,310" oya="2" hai0="92,102,94,118,23,75,89,20,126,47,128,25,14" hai1="125,16,105,86,93,78,17,28,103,127,53,77,21" hai2="18,9,48,112,87,44,30,2,82,98,104,124,59" hai3="55,33,39,4,67,91,34,119,36,134,73,113,52"/><V49/><F112/><W57/><G119/><T121/><D121/><U135/><E105/><V80/><F124/><N who="1" m="47689" /><E135/><V11/><F30/><W42/><G73/><T83/><D126/><U8/><E8/><V46/><F104/><W60/><G134/><T76/><D118/><U37/><E37/><V35/><F35/><W51/><G113/><T0/><D0/><U64/><E64/><V109/><F98/><W106/><G106/><T131/><D102/><U71/><E71/><V95/><F109/><W45/><G36/><T41/><D14/><U81/><E77/><V15/><F59/><W1/><G55/><T110/><D110/><U88/><E103/><V40/><F2/><W12/><G1/><T50/><D92/><U5/><E5/><V54/><REACH who="2" step="1"/><F11/><REACH who="2" ten="177,223,270,310" step="2"/><N who="3" m="4199" /><G34/><T27/><D27/><N who="1" m="16495" /><E53/><V79/><F79/><W65/><G33/><T116/><D116/><U43/><E43/><V10/><F10/><W13/><G13/><T72/><D25/><U117/><E117/><V101/><F101/><W111/><G111/><T74/><D76/><U100/><E100/><V26/><F26/><W107/><G107/><T61/><D128/><U97/><AGARI ba="1,2" hai="16,17,78,81,86,88,93,97" m="16495,47689" machi="97" ten="30,7900,0" yaku="18,1,52,1,54,2" doraHai="19" who="1" fromWho="1" sc="177,-21,223,102,270,-40,310,-21" />
</Scene>
<Scene>
<INIT seed="7,0,0,3,5,40" ten="156,325,230,289" oya="3" hai0="81,56,121,104,75,94,22,0,33,14,43,74,85" hai1="106,2,38,72,27,70,49,69,131,32,111,98,119" hai2="126,48,58,96,129,92,107,68,62,28,60,112,73" hai3="24,97,71,108,61,93,31,132,101,17,110,21,4"/><W128/><G128/><T25/><D104/><U30/><RYUUKYOKU type="yao9" ba="0,0" sc="156,0,325,0,230,0,289,0" hai1="2,27,30,32,38,49,69,70,72,98,106,111,119,131" />
</Scene>
<Scene>
<INIT seed="7,1,0,0,4,54" ten="156,325,230,289" oya="3" hai0="119,49,105,5,33,134,86,79,34,104,44,110,38" hai1="66,109,130,125,30,56,106,61,94,53,41,14,68" hai2="43,39,8,82,48,35,131,87,85,15,96,18,70" hai3="29,45,91,64,52,27,75,57,21,112,3,46,126"/><W135/><G3/><T51/><D110/><U55/><E106/><V80/><F70/><W47/><G75/><T92/><D119/><U122/><E14/><V36/><F35/><W13/><G112/><T118/><D118/><U11/><E94/><V65/><F131/><W97/><G135/><T59/><D134/><U31/><E11/><V72/><F72/><W71/><G71/><T40/><D5/><U19/><E19/><V116/><F65/><W100/><G126/><T114/><D114/><U108/><E30/><V107/><F116/><W120/><G120/><T26/><D38/><U25/><E25/><V69/><F69/><W2/><G2/><T23/><D34/><U58/><E31/><V128/><F128/><W1/><G1/><T113/><D33/><U32/><E32/><V77/><F48/><W89/><G64/><T24/><D113/><U133/><E130/><V4/><F43/><W20/><G13/><T12/><D105/><U121/><E133/><V123/><F123/><N who="1" m="47113" /><E41/><V16/><F39/><W22/><G27/><T88/><D79/><U115/><E125/><V81/><F36/><W83/><G83/><T99/><D99/><U95/><E95/><V62/><F81/><W117/><G29/><T76/><D76/><U10/><E10/><V37/><F37/><W78/><G78/><T98/><D98/><U101/><E101/><V90/><REACH who="2" step="1"/><F62/><REACH who="2" ten="156,325,220,289" step="2"/><N who="3" m="36135" /><G117/><T63/><D104/><U74/><E74/><V60/><F60/><W127/><G127/><T7/><D51/><N who="1" m="30783" /><E115/><V28/><F28/><W67/><G67/><N who="0" m="39423" /><D7/><U73/><E73/><V93/><F93/><AGARI ba="1,1" hai="20,21,22,45,46,47,89,91,93,97,100" m="36135" machi="93" ten="30,11600,0" yaku="6,1,8,1,52,1,54,1" doraHai="54" who="3" fromWho="2" sc="156,0,325,0,220,-119,289,129" owari="156,-24.0,325,13.0,101,-40.0,418,51.0" />
</Scene>
</mjloggm>