<mjloggm ver="2.3"><GO type="169" lobby="0"/><UN n0="%E8%B6%85%E3%83%92%E3%83%A2%E3%83%AA%E3%83%AD" n1="%41%53%41%50%49%4E" n2="%E3%83%91%E3%83%94%E3%82%A3%E3%82%AA%52" n3="%EF%BC%BC%28%EF%BC%BE%6F%EF%BC%BE%29%EF%BC%8F%E2%98%85" dan="16,19,16,17" rate="2107.12,2259.32,2062.54,2139.01" sx="F,M,M,M"/><TAIKYOKU oya="0"/>

<Scene>
<INIT seed="0,0,0,2,5,101" ten="250,250,250,250" oya="0" hai0="93,88,57,45,85,81,13,19,15,41,62,44,76" hai1="38,134,74,133,99,14,43,47,95,125,53,105,50" hai2="103,135,123,89,121,36,58,130,116,56,17,33,7" hai3="102,128,73,78,22,80,23,68,112,29,104,11,54"/><T90/><D90/><U52/><E74/><V117/><F36/><W32/><G112/><T24/><D24/><U48/><E125/><V71/><F71/><W114/><G114/><T35/><D35/><U60/><E14/><V40/><F40/><W72/><G72/><T106/><D106/><U96/><E95/><V97/><F33/><W91/><G128/><T5/><D5/><U108/><E108/><V65/><F89/><W0/><G54/><N who="1" m="21098" /><E96/><V27/><F7/><W8/><G68/><T100/><D100/><N who="1" m="62623" /><E60/><N who="2" m="38023" /><F58/><W87/><G32/><T21/><D15/><U37/><E37/><V111/><F111/><W18/><G29/><T46/><D41/><U67/><E67/><V30/><F30/><W34/><G34/><T82/><REACH who="0" step="1"/><D76/><REACH who="0" ten="240,250,250,250" step="2"/><U1/><E43/><V119/><F27/><W42/><G42/><T61/><D61/><U86/><E38/><V55/><F103/><W4/><G102/><T31/><D31/><U124/><E48/><V39/><F117/><W120/><G104/><T49/><D49/><U20/><E50/><V9/><F39/><W6/><G78/><T69/><D69/><U26/><E26/><V83/><F119/><W129/><G6/><T59/><D59/><U64/><E134/><V115/><F116/><W126/><G4/><T51/><D51/><U10/><E133/><V66/><F135/><W131/><G91/><T113/><D113/><U12/><E12/><V109/><F115/><W132/><G132/><T75/><D75/><U16/><E47/><V122/><F66/><AGARI ba="0,1" hai="13,19,21,44,45,46,57,62,66,81,82,85,88,93" machi="66" ten="40,7700,0" yaku="1,1,8,1,54,1,53,0" doraHai="101" doraHaiUra="107" who="0" fromWho="2" sc="240,87,250,0,250,-77,250,0" />
</Scene>
<Scene>
<INIT seed="0,1,0,0,4,62" ten="327,250,173,250" oya="0" hai0="114,93,35,91,76,67,55,69,65,39,6,0,100" hai1="44,127,34,20,3,92,32,29,47,134,107,71,104" hai2="56,14,68,81,40,116,2,27,42,61,46,33,12" hai3="11,106,89,64,36,90,98,130,9,111,97,102,49"/><T31/><D69/><U50/><E3/><V17/><F2/><W124/><G36/><T95/><D114/><U122/><E122/><V83/><F68/><W132/><G111/><T60/><D39/><U52/><E134/><V128/><F116/><W123/><G132/><T126/><D126/><U15/><E127/><V94/><F128/><W37/><G37/><T99/><D76/><U70/><E70/><V78/><F94/><W28/><G124/><T86/><D35/><U117/><E117/><V133/><F133/><W53/><G28/><T43/><D43/><U4/><E71/><V45/><F33/><W8/><G130/><T25/><D0/><U121/><E121/><V23/><F46/><W75/><G75/><T80/><D6/><U30/><E34/><V118/><F118/><W41/><G41/><T79/><D25/><U120/><E104/><V26/><F26/><W88/><G123/><T57/><REACH who="0" step="1"/><D31/><REACH who="0" ten="317,250,173,250" step="2"/><U109/><E32/><V125/><F125/><W112/><G112/><T24/><D24/><U18/><E120/><V21/><F42/><W101/><G98/><AGARI ba="1,1" hai="55,57,60,65,67,79,80,86,91,93,95,98,99,100" machi="98" ten="30,18000,2" yaku="1,1,7,1,8,1,52,2,53,1" doraHai="62" doraHaiUra="84" who="0" fromWho="3" sc="317,193,250,0,173,0,250,-183" />
</Scene>
<Scene>
<INIT seed="0,2,0,1,3,72" ten="510,250,173,67" oya="0" hai0="55,48,90,49,51,85,18,10,135,66,88,121,97" hai1="54,42,47,24,68,20,108,120,92,7,23,71,105" hai2="84,45,118,52,41,70,81,111,89,129,37,60,22" hai3="28,101,95,69,87,11,91,13,104,0,9,117,38"/><T125/><D121/><U133/><E120/><V14/><F118/><W12/><G117/><T39/><D39/><U109/><E105/><V123/><F123/><W75/><G75/><T6/><D135/><U134/><E54/><V106/><F106/><W44/><G69/><N who="1" m="26698" /><E92/><V116/><F116/><W1/><G28/><T93/><D125/><U17/><E7/><V26/><F14/><W77/><G104/><T132/><D132/><N who="1" m="50795" /><E23/><V27/><F129/><W131/><G131/><T78/><D66/><U2/><E2/><V127/><F127/><W83/><G101/><T5/><D55/><U8/><E8/><V112/><F70/><W122/><G122/><T40/><D40/><U3/><E3/><V115/><F27/><W74/><G9/><T76/><D18/><U86/><E86/><V82/><F82/><W53/><G53/><T67/><D67/><U56/><E56/><V110/><F60/><W128/><G128/><T50/><N who="0" m="12288" /><DORA hai="61" /><T21/><D21/><U25/><E25/><V63/><F63/><W80/><G80/><N who="0" m="49191" /><D5/><U114/><E114/><V126/><F126/><W130/><G130/><T46/><D46/><U73/><E73/><V79/><F52/><W94/><G0/><T100/><D100/><U34/><E34/><V99/><F115/><W32/><G32/><T4/><D4/><U107/><E107/><V31/><REACH who="2" step="1"/><F112/><REACH who="2" ten="510,250,163,67" step="2"/><W124/><G124/><T16/><D6/><U65/><E65/><V62/><F62/><W64/><G64/><T43/><D43/><U30/><E17/><V103/><F103/><W113/><G113/><T19/><D19/><RYUUKYOKU ba="2,1" sc="510,10,250,10,163,10,67,-30" hai0="10,16,76,78,90,93,97" hai1="20,24,30,42,47,108,109" hai2="22,26,31,37,41,45,79,81,84,89,99,110,111" />
</Scene>
<Scene>
<INIT seed="0,3,1,0,5,87" ten="520,260,173,37" oya="0" hai0="109,81,3,80,96,75,85,86,102,84,95,56,46" hai1="54,20,126,77,69,107,10,105,6,49,25,111,118" hai2="63,35,40,101,0,8,65,99,72,41,36,15,32" hai3="1,115,125,59,110,82,114,127,67,21,74,30,122"/><T55/><D3/><U104/><E118/><V4/><F41/><W120/><G67/><T22/><D109/><U68/><E111/><V11/><F15/><W18/><G59/><T14/><D75/><U73/><E126/><N who="3" m="48138" /><G110/><T24/><D14/><U130/><E130/><V103/><F103/><W58/><G58/><T38/><D46/><U131/><E131/><V128/><F128/><W47/><G47/><T83/><D38/><U129/><E129/><V100/><F100/><W39/><G39/><T19/><REACH who="0" step="1"/><D80/><REACH who="0" ten="510,260,173,37" step="2"/><U7/><E73/><V66/><F72/><W34/><G1/><T23/><D23/><U124/><E20/><V134/><F0/><W51/><G82/><T119/><D119/><U37/><E37/><V26/><F36/><W2/><G2/><T45/><D45/><U93/><E124/><V48/><F35/><W61/><G74/><T64/><D64/><U88/><E10/><V113/><F66/><W92/><G34/><T62/><AGARI ba="3,2" hai="19,22,24,55,56,62,81,83,84,85,86,95,96,102" machi="62" ten="30,6000,0" yaku="1,1,0,1,8,1,53,0" doraHai="87" doraHaiUra="108" who="0" fromWho="0" sc="510,89,260,-23,173,-23,37,-23" />
</Scene>
<Scene>
<INIT seed="0,4,0,4,1,41" ten="599,237,150,14" oya="0" hai0="99,107,81,56,65,30,9,33,54,68,16,24,85" hai1="135,19,50,121,66,124,126,64,111,39,34,86,47" hai2="131,62,31,48,53,3,14,2,104,112,127,55,42" hai3="103,119,8,37,101,80,26,84,21,32,79,100,128"/><T40/><D40/><U4/><E121/><V20/><F104/><W15/><G119/><T102/><D65/><U94/><E34/><V95/><F112/><W60/><G32/><T63/><D68/><U91/><E39/><V45/><F127/><N who="1" m="48681" /><E111/><V134/><F131/><W0/><G128/><T73/><D73/><U132/><E19/><V106/><F106/><W13/><G37/><T110/><D110/><U88/><E4/><V71/><F134/><N who="1" m="51241" /><E91/><V83/><F83/><W67/><G0/><T49/><D63/><U97/><E97/><V57/><F71/><W130/><G130/><T89/><D9/><U44/><E44/><V123/><F123/><W76/><G8/><T28/><REACH who="0" step="1"/><D33/><REACH who="0" ten="589,237,150,14" step="2"/><U117/><E117/><V25/><F55/><AGARI ba="4,1" hai="47,50,55,64,66,86,88,94" m="51241,48681" machi="55" ten="30,7700,0" yaku="18,1,20,1,52,1,54,1" doraHai="41" who="1" fromWho="2" sc="589,0,237,99,150,-89,14,0" />
</Scene>
<Scene>
<INIT seed="1,0,0,4,5,38" ten="589,336,61,14" oya="1" hai0="36,49,111,50,58,4,84,70,92,3,93,99,22" hai1="57,24,132,79,59,39,113,106,104,76,80,16,61" hai2="11,117,35,21,65,86,66,83,53,0,47,78,12" hai3="32,20,52,7,121,14,73,25,19,56,116,27,133"/><U118/><E113/><V98/><F117/><W109/><G121/><T54/><D36/><U46/><E118/><V37/><F0/><W134/><G116/><T29/><D70/><U97/><E132/><N who="3" m="50794" /><G109/><T64/><D64/><U87/><E76/><V68/><F35/><W126/><G126/><T51/><D3/><U30/><E16/><V107/><F68/><W85/><G73/><T42/><D4/><U9/><E9/><V33/><F33/><W130/><G130/><T75/><D75/><U18/><E18/><V6/><F21/><W34/><G85/><T43/><D84/><U105/><E97/><V100/><REACH who="2" step="1"/><F53/><REACH who="2" ten="589,336,51,14" step="2"/><W23/><G27/><T1/><D1/><U40/><REACH who="1" step="1"/><E61/><REACH who="1" ten="589,326,51,14" step="2"/><V13/><F13/><W112/><G112/><T123/><D123/><U102/><E102/><V81/><F81/><W103/><G103/><T5/><D99/><U55/><E55/><V77/><F77/><W72/><G72/><T91/><D54/><U95/><E95/><V41/><AGARI ba="0,2" hai="6,11,12,37,41,47,65,66,78,83,86,98,100,107" machi="41" ten="30,4000,0" yaku="1,1,0,1,52,1,53,0" doraHai="38" doraHaiUra="108" who="2" fromWho="2" sc="589,-10,326,-20,51,60,14,-10" />
</Scene>
<Scene>
<INIT seed="2,0,0,1,0,31" ten="579,306,111,4" oya="2" hai0="65,123,48,110,5,103,95,42,3,15,79,81,8" hai1="83,88,44,90,126,122,94,51,54,47,39,97,124" hai2="70,68,58,133,119,67,129,134,127,46,75,99,0" hai3="106,19,26,66,23,86,10,21,24,35,121,6,22"/><V9/><F75/><W77/><G86/><N who="0" m="48447" /><D3/><U101/><E122/><V4/><F119/><W71/><G77/><T63/><D110/><U117/><E117/><V93/><F46/><W84/><G84/><T72/><D72/><U130/><E130/><V28/><F28/><N who="3" m="19863" /><G66/><T32/><D32/><U128/><E128/><V108/><F129/><W113/><G71/><T131/><D123/><U78/><E44/><V34/><F34/><W109/><G106/><T41/><D131/><U14/><E14/><V12/><F0/><N who="3" m="327" /><G121/><T18/><D48/><U104/><E39/><V115/><F58/><W125/><G109/><T105/><D105/><U16/><E104/><V114/><F67/><W25/><G113/><T1/><D1/><U53/><E53/><V11/><F108/><W59/><G59/><N who="0" m="37119" /><D5/><U20/><E78/><V102/><F115/><W87/><G87/><T112/><D112/><U91/><E83/><V73/><F114/><W60/><G60/><T120/><D120/><U43/><E43/><V36/><F36/><W13/><G125/><T107/><D107/><U17/><E124/><V61/><F73/><W116/><G116/><T92/><D92/><U135/><E126/><V64/><F127/><W89/><G89/><T33/><D95/><U49/><E94/><V85/><F85/><W7/><G7/><T30/><D103/><U76/><E76/><V2/><F70/><W40/><G40/><T111/><D111/><U50/><E47/><V82/><F82/><W27/><AGARI ba="0,0" hai="13,19,21,22,23,24,25,27" m="327,19863" machi="27" ten="30,12000,2" yaku="24,1,35,5,52,1" doraHai="31" who="3" fromWho="3" sc="579,-30,306,-30,111,-60,4,120" />
</Scene>
<Scene>
<INIT seed="3,0,0,3,0,3" ten="549,276,51,124" oya="3" hai0="30,42,32,25,15,82,49,59,22,45,18,94,12" hai1="56,55,20,1,79,107,46,16,111,5,52,63,83" hai2="66,37,131,8,48,44,95,104,38,33,41,19,120" hai3="71,40,118,88,65,105,74,36,78,6,68,77,43"/><W75/><G105/><T126/><D126/><U133/><E107/><V110/><F104/><W62/><G118/><T113/><D113/><U97/><E111/><V70/><F33/><W100/><G100/><T21/><D94/><U87/><E133/><V69/><F120/><W0/><G36/><T73/><D59/><U114/><E114/><V17/><F110/><W132/><G132/><T9/><D73/><U108/><E108/><V7/><F131/><W80/><G71/><T109/><D109/><U92/><E1/><V84/><F70/><W128/><G128/><T115/><D115/><U90/><E5/><V123/><F123/><W102/><G102/><T116/><D116/><U10/><E10/><V72/><F72/><W54/><G54/><T121/><D121/><U51/><E55/><V26/><F26/><W122/><G122/><T98/><D98/><U85/><E85/><V86/><F69/><W57/><G68/><T67/><D67/><U60/><E46/><V61/><F61/><W2/><G88/><T39/><D39/><U23/><E23/><V50/><F66/><W112/><G112/><T53/><D42/><N who="3" m="15913" /><G6/><T27/><D82/><U124/><E124/><V127/><F127/><W134/><G134/><T31/><D32/><U101/><E101/><V106/><F106/><W99/><G99/><T125/><D125/><U28/><E28/><V11/><F41/><W47/><G47/><T117/><D117/><U135/><E135/><V93/><F44/><W91/><G91/><T103/><D103/><U34/><E34/><V35/><F35/><W129/><G129/><RYUUKYOKU ba="0,0" sc="549,0,276,0,51,0,124,0" hai0="9,12,15,18,21,22,25,27,30,31,45,49,53" hai1="16,20,51,52,56,60,63,79,83,87,90,92,97" hai2="7,8,11,17,19,37,38,48,50,84,86,93,95" hai3="0,2,57,62,65,74,75,77,78,80" />
</Scene>
<Scene>
<INIT seed="3,1,0,0,4,19" ten="549,276,51,124" oya="3" hai0="95,42,115,111,60,55,66,39,101,11,44,21,14" hai1="119,2,58,0,47,130,29,81,70,73,114,32,82" hai2="38,8,76,120,4,13,36,89,87,125,3,128,123" hai3="79,49,103,12,22,25,88,90,74,57,51,127,122"/><W112/><G112/><T94/><D111/><U24/><E114/><V78/><F125/><W105/><G122/><N who="2" m="46633" /><F128/><W117/><G117/><T93/><D115/><U100/><E70/><V53/><F53/><W5/><G127/><T41/><D41/><U34/><E119/><V69/><F69/><W54/><G49/><T7/><D55/><U104/><E130/><V132/><F132/><W75/><G105/><T20/><REACH who="0" step="1"/><D101/><REACH who="0" ten="539,276,51,124" step="2"/><U116/><E100/><V27/><F38/><W63/><G103/><T46/><D46/><U10/><E47/><V118/><F36/><W109/><G109/><T28/><D28/><U67/><E29/><V30/><F118/><W15/><G54/><T135/><D135/><U43/><E43/><V108/><F108/><W97/><G51/><T65/><D65/><U23/><E67/><V96/><F3/><W131/><G131/><T133/><D133/><U110/><E0/><V113/><F113/><W129/><G129/><T99/><D99/><U134/><E2/><V56/><F96/><W1/><G1/><T85/><D85/><U52/><E134/><V77/><F56/><AGARI ba="1,1" hai="7,11,14,20,21,39,42,44,56,60,66,93,94,95" machi="56" ten="40,5200,0" yaku="1,1,52,2,53,0" doraHai="19" doraHaiUra="45" who="0" fromWho="2" sc="539,65,276,0,51,-55,124,0" owari="604,70.0,276,8.0,-4,-50.0,124,-28.0" />
</Scene>
</mjloggm>