<mjloggm ver="2.3"><GO type="169"/><UN n0="%E3%81%A9%E3%82%80%E3%81%93" n1="%48%41%52%45%4D" n2="%41%53%41%50%49%4E" n3="%6B%6D%6F%32" dan="16,16,18,16" rate="2061,2087,2226,2013" sx="M,M,M,M"/><TAIKYOKU oya="0"/>

<Scene>
<INIT seed="0,0,0,1,5,78" ten="250,250,250,250" oya="0" hai0="3,66,38,82,20,69,35,18,39,101,72,70,100" hai1="79,121,21,62,24,54,25,34,50,111,0,42,123" hai2="118,27,65,48,11,36,16,57,19,56,47,43,93" hai3="120,51,29,125,97,73,10,122,31,58,53,103,91"/><T9/><D35/><U126/><E0/><V106/><F106/><W96/><G125/><T104/><D104/><U114/><E126/><V55/><F118/><W131/><G131/><T45/><D3/><U92/><E114/><V129/><F129/><W4/><G73/><T37/><D9/><U15/><E111/><V60/><F11/><W127/><G127/><T77/><D45/><U90/><E34/><V23/><REACH who="2" step="1"/><F93/><REACH who="2" ten="250,250,240,250" step="2"/><N who="3" m="56383" /><G122/><T32/><D32/><U110/><E110/><V5/><F5/><W89/><G120/><T7/><D7/><U135/><E135/><V52/><F52/><W102/><G4/><T108/><D108/><U124/><E124/><V94/><F94/><N who="3" m="56527" /><G10/><T84/><D66/><U128/><E128/><V83/><F83/><W113/><G113/><T30/><D30/><AGARI ba="0,1" hai="16,19,23,27,30,36,43,47,48,55,56,57,60,65" machi="30" ten="30,8000,1" yaku="1,1,7,1,54,1,53,2" doraHai="78" doraHaiUra="13" who="2" fromWho="0" sc="250,-80,250,0,240,90,250,0" /><AGARI ba="0,0" hai="29,30,31,51,53,58,102,103" m="56527,56383" machi="30" ten="30,1000,0" yaku="8,1" doraHai="78" who="3" fromWho="0" sc="170,-10,250,0,330,0,250,10" />
</Scene>
<Scene>
<INIT seed="1,0,0,3,2,72" ten="160,250,330,260" oya="1" hai0="47,20,37,76,55,58,0,85,135,123,109,118,74" hai1="84,115,18,50,46,30,14,83,25,93,116,89,73" hai2="43,12,134,71,44,70,127,10,9,66,3,21,79" hai3="8,98,95,100,6,105,121,129,32,88,22,17,35"/><U97/><E97/><V69/><BYE who="1" /><F134/><W41/><G129/><T27/><D118/><U112/><E112/><V26/><F127/><W94/><G121/><T78/><D123/><U96/><E96/><V133/><F133/><W48/><G41/><T113/><D135/><U106/><E106/><V77/><F3/><W132/><G48/><T80/><D113/><U86/><E86/><V120/><F66/><W59/><G59/><T57/><D0/><UN n1="%48%41%52%45%4D" /><U117/><E115/><V33/><F33/><W101/><G132/><T99/><D109/><U56/><E56/><V2/><F2/><W42/><G42/><T110/><D110/><U130/><E130/><V5/><F10/><W82/><G82/><T111/><D111/><U40/><E73/><V126/><F126/><W60/><G60/><T122/><D122/><U67/><E67/><V13/><F13/><W108/><G108/><T63/><D99/><U92/><E117/><V87/><F87/><W24/><G95/><T114/><D114/><U34/><REACH who="1" step="1"/><E116/><REACH who="1" ten="160,240,330,260" step="2"/><V29/><REACH who="2" step="1"/><F120/><REACH who="2" ten="160,240,320,260" step="2"/><W119/><G119/><T52/><D74/><U62/><E62/><V64/><F64/><W53/><G98/><T19/><D63/><U103/><E103/><V65/><F65/><W23/><G101/><T124/><D124/><U75/><E75/><V15/><F15/><W91/><G100/><T1/><D85/><U104/><E104/><V107/><F107/><W36/><G105/><T31/><D80/><U131/><E131/><V61/><F61/><W51/><G94/><T45/><D45/><U128/><E128/><V81/><F81/><RYUUKYOKU ba="0,2" sc="160,-15,240,15,320,15,260,-15" hai1="14,18,25,30,34,40,46,50,83,84,89,92,93" hai2="5,9,12,21,26,29,43,44,69,70,71,77,79" />
</Scene>
<Scene>
<INIT seed="1,1,2,3,5,106" ten="145,255,335,245" oya="1" hai0="32,58,34,65,74,113,75,62,31,110,21,87,79" hai1="11,123,95,76,99,17,115,94,119,72,24,69,107" hai2="61,2,64,134,48,59,135,124,108,25,132,54,70" hai3="10,117,127,109,122,103,8,42,15,9,0,38,51"/><U111/><E119/><V39/><F2/><W130/><G117/><T5/><D113/><U98/><E123/><V66/><F25/><W131/><G122/><T52/><D5/><U50/><E69/><V83/><F83/><W1/><G38/><T41/><D41/><U78/><E115/><V102/><F102/><W43/><G109/><T126/><D110/><U36/><E36/><V68/><F108/><W46/><G103/><T67/><D126/><U53/><E111/><V97/><F97/><N who="1" m="36873" /><E72/><V84/><F84/><W57/><G127/><T29/><D21/><N who="1" m="13359" /><E107/><V49/><F124/><W56/><G43/><T100/><D100/><U88/><E11/><V129/><F39/><W93/><G93/><N who="1" m="35338" /><E88/><V81/><F81/><W28/><G28/><T16/><D16/><U101/><E101/><V116/><F116/><W82/><G82/><T3/><D3/><N who="3" m="1097" /><G15/><T33/><D87/><U118/><E118/><V86/><F86/><W89/><G89/><T7/><D79/><U73/><E73/><V114/><F114/><W13/><G13/><T14/><D14/><U60/><E60/><V96/><F96/><W133/><G133/><T120/><D7/><U63/><E63/><V92/><F92/><W12/><G12/><T85/><D85/><U6/><E6/><V128/><F48/><W23/><G23/><T35/><N who="0" m="8192" /><DORA hai="18" /><T40/><D120/><U55/><E50/><V45/><F66/><W27/><G27/><T44/><D67/><U105/><E105/><V37/><F68/><W47/><G51/><N who="0" m="27015" /><D65/><U104/><E104/><V19/><F19/><W80/><G80/><RYUUKYOKU ba="1,2" sc="145,10,255,10,335,10,245,-30" hai0="29,31,52,58,62,74,75" hai1="53,55,76,78" hai2="37,45,49,54,59,61,64,70,128,129,132,134,135" />
</Scene>
<Scene>
<INIT seed="1,2,2,4,1,20" ten="155,265,345,215" oya="1" hai0="91,127,88,47,3,133,111,115,93,134,12,123,90" hai1="27,8,73,18,26,129,117,66,106,32,68,108,5" hai2="51,14,92,59,57,50,48,85,7,109,118,122,13" hai3="102,79,6,16,63,23,55,89,97,96,119,128,67"/><U135/><E106/><V17/><F118/><W61/><G119/><T80/><D115/><U110/><E117/><V94/><F122/><W49/><G128/><T1/><D123/><U10/><E73/><V53/><F109/><N who="1" m="42089" /><E129/><V69/><F69/><W42/><G42/><T60/><D111/><U95/><E135/><N who="0" m="51721" /><D127/><U64/><E95/><N who="2" m="36395" /><F85/><W58/><G79/><T103/><D80/><U100/><E100/><V19/><F7/><W25/><G102/><T52/><D12/><N who="2" m="4714" /><F57/><N who="3" m="37359" /><G6/><T41/><D41/><U107/><E107/><V131/><F131/><W29/><G89/><T36/><D36/><U28/><E68/><V30/><F30/><W113/><G113/><T75/><D75/><U86/><E86/><V124/><F124/><W54/><G29/><T35/><D35/><U11/><E5/><V62/><AGARI ba="2,2" hai="17,19,48,50,51,53,59,62" m="4714,36395" machi="62" ten="30,1100,0" yaku="8,1" doraHai="20" who="2" fromWho="2" sc="155,-5,265,-7,345,37,215,-5" />
</Scene>
<Scene>
<INIT seed="2,0,0,3,3,90" ten="150,258,382,210" oya="2" hai0="113,50,108,78,76,102,111,80,75,54,18,73,89" hai1="84,134,130,61,83,126,7,112,62,100,10,47,32" hai2="9,5,117,24,91,131,49,124,42,65,60,41,118" hai3="20,67,103,36,45,125,51,25,72,69,121,70,39"/><V87/><F131/><W28/><G121/><T46/><D113/><U104/><E112/><V116/><F124/><W74/><G125/><T88/><D102/><U6/><E32/><V82/><F24/><W68/><G67/><T63/><D63/><U101/><E126/><V114/><F114/><W33/><G103/><T3/><D18/><U26/><E130/><V106/><F106/><W13/><G20/><T30/><D30/><U44/><E104/><V81/><F81/><W29/><G29/><T35/><D3/><U14/><E134/><V64/><F49/><W105/><G105/><T15/><D15/><U122/><E122/><V12/><REACH who="2" step="1"/><F64/><REACH who="2" ten="150,258,372,210" step="2"/><W34/><G34/><T110/><D35/><U52/><E26/><V17/><F17/><W16/><G39/><T95/><REACH who="0" step="1"/><D95/><REACH who="0" ten="140,258,372,210" step="2"/><U119/><E119/><V8/><F8/><W86/><G33/><T99/><D99/><U31/><E10/><V2/><F2/><W133/><G13/><T71/><D71/><AGARI ba="0,2" hai="5,9,12,41,42,60,65,71,82,87,91,116,117,118" machi="71" ten="40,2000,0" yaku="1,1,53,0" doraHai="90" doraHaiUra="128" who="2" fromWho="0" sc="140,-20,258,0,372,40,210,0" />
</Scene>
<Scene>
<INIT seed="2,1,0,3,4,53" ten="120,258,412,210" oya="2" hai0="89,16,112,32,8,17,103,78,33,126,43,51,107" hai1="0,125,81,121,100,123,28,38,67,21,4,116,20" hai2="52,97,27,110,68,108,42,57,102,36,60,45,79" hai3="13,56,77,92,118,83,10,127,9,71,58,49,87"/><V7/><F79/><W128/><G118/><T91/><D112/><U75/><E116/><V130/><F130/><W133/><G128/><T5/><D126/><U76/><E125/><V73/><F73/><W93/><G127/><T40/><D78/><U6/><E100/><V94/><F7/><W74/><G71/><T111/><D111/><N who="2" m="42538" /><F27/><W54/><G133/><T12/><D103/><U66/><E6/><V39/><F68/><W37/><G37/><AGARI ba="1,0" hai="36,37,39,42,45,52,57,60,94,97,102" m="42538" machi="37" ten="30,11600,0" yaku="14,1,10,1,52,1,54,1" doraHai="53" who="2" fromWho="3" sc="120,0,258,0,412,119,210,-119" />
</Scene>
<Scene>
<INIT seed="2,2,0,5,2,16" ten="120,258,531,91" oya="2" hai0="9,135,54,87,77,67,65,74,124,68,129,28,112" hai1="27,21,50,18,5,58,30,92,98,113,111,4,83" hai2="118,95,78,37,115,33,31,120,100,93,85,91,123" hai3="56,24,103,3,119,22,108,36,64,10,114,7,116"/><V60/><F115/><W53/><G114/><T66/><D112/><U134/><E111/><V26/><F118/><W88/><G108/><T14/><D129/><U1/><E134/><V70/><F37/><W47/><G103/><T34/><D74/><U117/><E113/><V105/><F93/><W39/><G64/><T102/><D102/><U84/><E117/><V63/><F78/><W122/><G122/><T110/><D135/><U25/><E1/><V41/><F41/><W73/><G73/><T133/><D133/><U71/><E71/><V11/><F11/><W86/><G47/><T62/><D110/><U8/><E58/><V45/><F45/><W79/><G79/><T44/><D68/><U12/><E50/><V52/><F60/><W17/><G39/><T55/><D34/><U128/><E128/><V32/><F32/><W96/><G36/><T57/><D28/><U97/><E27/><V126/><F126/><W59/><G96/><N who="1" m="36970" /><E92/><V49/><F100/><W107/><G107/><T13/><D124/><U0/><E0/><V132/><F105/><W43/><G43/><T109/><D109/><U106/><E106/><V90/><F132/><W130/><G130/><T94/><D9/><U35/><E35/><V99/><F63/><W46/><G46/><T127/><D127/><U38/><E38/><V75/><F70/><W72/><G72/><T42/><D94/><U121/><E121/><V29/><F75/><W101/><G101/><T6/><D42/><U51/><E51/><V20/><F120/><W131/><G131/><T15/><D62/><U89/><AGARI ba="2,0" hai="4,5,8,12,18,21,25,30,83,84,89" m="36970" machi="89" ten="30,4000,0" yaku="5,1,8,1,52,1" doraHai="16" who="1" fromWho="1" sc="120,-12,258,46,531,-22,91,-12" />
</Scene>
<Scene>
<INIT seed="3,0,0,3,1,96" ten="108,304,509,79" oya="3" hai0="1,73,82,131,92,62,52,89,120,49,25,108,112" hai1="30,111,58,9,26,109,95,102,70,48,64,90,55" hai2="116,129,40,14,61,98,15,79,117,124,7,83,67" hai3="100,41,84,5,29,17,45,4,19,35,47,104,72"/><W87/><G72/><T113/><D120/><U38/><E9/><V122/><F122/><W94/><G104/><T105/><D1/><U8/><E8/><V78/><F129/><W69/><G69/><T127/><D105/><U114/><E114/><N who="0" m="44137" /><D131/><U33/><E38/><V6/><F124/><W135/><G135/><T93/><D127/><U134/><E134/><V97/><F61/><W20/><G35/><T123/><D123/><U101/><E64/><V46/><F67/><W85/><G29/><T63/><D25/><U50/><E50/><V59/><F59/><W110/><G110/><N who="1" m="41994" /><E70/><V54/><F83/><W88/><G100/><T24/><D24/><U126/><E126/><V11/><F11/><W53/><G53/><T71/><D108/><U130/><E130/><V12/><F54/><W31/><G31/><T0/><D0/><U56/><E56/><V65/><F65/><W128/><G128/><T66/><D63/><U60/><E60/><V68/><F68/><W76/><G76/><N who="0" m="44303" /><D89/><U106/><E106/><V118/><F46/><AGARI ba="0,0" hai="46,49,52,62,66,71,92,93" m="44303,44137" machi="46" ten="30,2000,0" yaku="11,1,54,1" doraHai="96" who="0" fromWho="2" sc="108,20,304,0,509,-20,79,0" />
</Scene>
<Scene>
<INIT seed="4,0,0,1,2,131" ten="128,304,489,79" oya="0" hai0="2,24,78,32,57,80,16,87,49,28,52,47,45" hai1="41,23,19,77,70,72,81,51,4,74,92,93,46" hai2="35,116,100,104,20,37,54,114,112,66,21,10,95" hai3="115,117,84,105,26,27,18,97,42,75,44,8,22"/><T126/><D126/><U0/><E70/><V71/><F104/><W12/><G117/><T103/><D2/><U67/><E67/><V62/><F35/><W11/><G75/><T36/><D36/><U85/><E74/><V55/><F37/><W108/><G108/><T98/><REACH who="0" step="1"/><D16/><REACH who="0" ten="118,304,489,79" step="2"/><U132/><E132/><V107/><F116/><W120/><G120/><T30/><D30/><U109/><E109/><V96/><F114/><W123/><G115/><T101/><D101/><U6/><E0/><V60/><F112/><W31/><G123/><T111/><D111/><U121/><E121/><V13/><F100/><W99/><G105/><AGARI ba="0,1" hai="24,28,32,45,47,49,52,57,78,80,87,98,103,105" machi="105" ten="30,5800,0" yaku="1,1,7,1,54,1,53,0" doraHai="131" doraHaiUra="106" who="0" fromWho="3" sc="118,68,304,0,489,0,79,-58" />
</Scene>
<Scene>
<INIT seed="4,1,0,3,4,84" ten="186,304,489,21" oya="0" hai0="131,115,48,55,43,5,117,22,114,85,17,38,130" hai1="76,52,81,66,123,132,116,12,57,10,126,32,72" hai2="70,1,87,36,109,25,88,8,18,127,93,46,98" hai3="7,0,105,79,44,92,119,83,89,58,68,61,13"/><T118/><D5/><U15/><E123/><V49/><F109/><W33/><G119/><N who="0" m="45579" /><D85/><U23/><E116/><V125/><F70/><W124/><G124/><N who="2" m="47689" /><F36/><W50/><G105/><T35/><D35/><U37/><E37/><V42/><F25/><W16/><G68/><T99/><D99/><U40/><E40/><V31/><F31/><W53/><G33/><T100/><D100/><U107/><E107/><V95/><F18/><W101/><G101/><T96/><D96/><U39/><E39/><V56/><F56/><W102/><G102/><T3/><D3/><U60/><E32/><V121/><F121/><W122/><G122/><T78/><D78/><U6/><E126/><V94/><F98/><W108/><G108/><T111/><D111/><U80/><E80/><V104/><F104/><W134/><G134/><T4/><D4/><AGARI ba="1,0" hai="1,4,8,42,46,49,87,88,93,94,95" m="47689" machi="4" ten="30,3900,0" yaku="18,1,52,1,54,1" doraHai="84" who="2" fromWho="0" sc="186,-42,304,0,489,42,21,0" />
</Scene>
<Scene>
<INIT seed="5,0,0,1,5,42" ten="144,304,531,21" oya="1" hai0="75,35,1,61,27,64,116,22,19,40,115,66,85" hai1="86,81,111,69,105,108,45,73,26,122,135,52,53" hai2="95,11,60,57,98,74,39,44,117,100,63,54,94" hai3="119,25,106,51,49,28,126,114,72,24,13,113,107"/><U18/><E69/><V125/><F117/><W133/><G119/><T48/><D116/><U59/><E105/><N who="3" m="39946" /><G72/><T82/><D75/><U14/><E122/><V77/><F125/><W92/><G126/><T56/><D1/><U10/><E73/><V99/><F74/><W12/><G92/><T5/><D5/><U71/><E71/><V17/><F77/><W90/><G90/><T103/><D35/><U41/><E135/><V88/><F39/><W47/><G133/><T129/><D103/><U89/><E26/><N who="3" m="10346" /><G28/><T104/><D104/><U32/><E32/><V65/><F17/><W93/><G93/><T7/><D7/><U123/><E123/><V4/><F63/><W9/><G9/><T127/><D127/><U110/><E59/><V83/><F83/><W68/><G68/><T130/><D66/><U120/><REACH who="1" step="1"/><E120/><REACH who="1" ten="144,294,531,21" step="2"/><V43/><F57/><W6/><G6/><T134/><D56/><U31/><E31/><V15/><F99/><W16/><G16/><T29/><D19/><U76/><E76/><V23/><F98/><W33/><G33/><T132/><D29/><U20/><E20/><V87/><F100/><W62/><G62/><T55/><D61/><U118/><E118/><V91/><F60/><W38/><G38/><AGARI ba="0,1" hai="10,14,18,38,41,45,52,53,81,86,89,108,110,111" machi="38" ten="40,12000,1" yaku="1,1,10,1,52,1,54,1,53,1" doraHai="42" doraHaiUra="70" who="1" fromWho="3" sc="144,0,294,130,531,0,21,-120" owari="144,-26.0,424,22.0,531,64.0,-99,-60.0" />
</Scene>
</mjloggm>