<mjloggm ver="2.3"><GO type="169" lobby="0"/><UN n0="%EF%BC%BC%28%EF%BC%BE%6F%EF%BC%BE%29%EF%BC%8F%E2%98%85" n1="%74%6A%2D%6D%69%63%72%6F" n2="%41%53%41%50%49%4E" n3="%E6%80%96%E3%81%8F%E3%81%AA%E3%81%84%E3%81%8A" dan="17,16,19,18" rate="2203.34,2114.54,2323.33,2221.91" sx="M,M,M,M"/><TAIKYOKU oya="0"/>

<Scene>
<INIT seed="0,0,0,5,1,82" ten="250,250,250,250" oya="0" hai0="118,64,93,53,126,54,65,101,95,17,52,6,24" hai1="100,14,10,133,20,62,32,132,114,96,11,31,57" hai2="79,8,0,15,33,90,70,27,37,63,3,13,92" hai3="113,72,102,75,67,91,88,74,46,18,98,48,55"/><T28/><D118/><U71/><E114/><V34/><F37/><W1/><G113/><T23/><D126/><U30/><E71/><V86/><F15/><W127/><G127/><T84/><D6/><U2/><E2/><V109/><F109/><W76/><G1/><T42/><D42/><U29/><E32/><V128/><F128/><W19/><G76/><T121/><D121/><U122/><E122/><V22/><F34/><W39/><G67/><T89/><D28/><U58/><E20/><V45/><F33/><W43/><G18/><T97/><AGARI ba="0,0" hai="17,23,24,52,53,54,64,65,84,89,93,95,97,101" machi="97" ten="30,11700,0" yaku="0,1,8,1,52,1,54,1" doraHai="82" who="0" fromWho="0" sc="250,117,250,-39,250,-39,250,-39" />
</Scene>
<Scene>
<INIT seed="0,1,0,3,4,6" ten="367,211,211,211" oya="0" hai0="49,10,11,24,92,97,23,74,30,22,80,55,119" hai1="46,19,118,112,43,90,91,47,94,69,78,77,28" hai2="0,70,65,75,89,135,3,128,48,134,81,4,61" hai3="51,40,107,62,54,12,37,31,120,25,9,36,133"/><T101/><D119/><U42/><E69/><V32/><F32/><W39/><G107/><T109/><D109/><U56/><E118/><V129/><F48/><W82/><G133/><N who="2" m="50697" /><F89/><W26/><G120/><T33/><D33/><U93/><E19/><V124/><F124/><W126/><G126/><T20/><D74/><U108/><E56/><V64/><F65/><W15/><G15/><T35/><REACH who="0" step="1"/><D80/><REACH who="0" ten="357,211,211,211" step="2"/><U122/><E108/><V63/><F81/><W66/><G82/><T34/><D34/><U52/><E122/><V125/><F75/><W14/><G31/><T85/><D85/><U103/><E28/><V121/><F125/><W44/><G40/><T13/><D13/><U115/><E42/><V53/><F121/><W17/><REACH who="3" step="1"/><G12/><REACH who="3" ten="357,211,211,201" step="2"/><T18/><D18/><U58/><E43/><V130/><F130/><W41/><G41/><T95/><D95/><U7/><E94/><V45/><F129/><W76/><G76/><T132/><D132/><U110/><E93/><V106/><F128/><W21/><G21/><T105/><D105/><U73/><E77/><V102/><F106/><W60/><G60/><T127/><D127/><U59/><E78/><V71/><F63/><W27/><G27/><T16/><D16/><U68/><E73/><V57/><F61/><W67/><G67/><T96/><D96/><U86/><E112/><V113/><F64/><W114/><G114/><T5/><D5/><U1/><E115/><V50/><F4/><W84/><G84/><T116/><D116/><U88/><E86/><V8/><F113/><W83/><G83/><T131/><D131/><RYUUKYOKU ba="1,2" sc="357,15,211,-15,211,-15,201,15" hai0="10,11,20,22,23,24,30,35,49,55,92,97,101" hai3="9,14,17,25,26,36,37,39,44,51,54,62,66" />
</Scene>
<Scene>
<INIT seed="0,2,2,3,0,43" ten="372,196,196,216" oya="0" hai0="116,44,121,20,119,6,104,73,68,80,35,131,54" hai1="123,92,52,30,77,127,69,70,45,66,88,21,50" hai2="61,113,109,34,28,4,103,129,95,36,23,9,75" hai3="67,53,130,17,62,48,133,24,132,107,125,31,128"/><T2/><D35/><U134/><E123/><V71/><F113/><W108/><G107/><T94/><D104/><U3/><E3/><V98/><F75/><W57/><G17/><T19/><D68/><U15/><E77/><V10/><F34/><W38/><G38/><T13/><D121/><U102/><E102/><V74/><F74/><W18/><G18/><T112/><D112/><U58/><E134/><N who="3" m="51818" /><G108/><T22/><D22/><U59/><E127/><V122/><F109/><W46/><G125/><T49/><D131/><N who="3" m="50217" /><G24/><T87/><D73/><U82/><E82/><V96/><F36/><W27/><G27/><T81/><D81/><U83/><E83/><V91/><F129/><W33/><G33/><T117/><D94/><U118/><E118/><V29/><F95/><W85/><G85/><T60/><D119/><U1/><E30/><AGARI ba="2,2" hai="30,31,46,48,53,57,62,67" m="50217,51818" machi="30" ten="30,3900,0" yaku="20,1,19,1,52,1" doraHai="43" who="3" fromWho="1" sc="372,0,196,-45,196,0,216,65" />
</Scene>
<Scene>
<INIT seed="1,0,0,0,1,48" ten="372,151,196,281" oya="1" hai0="78,1,13,43,72,132,71,83,104,81,89,133,52" hai1="33,90,80,24,64,113,12,101,112,105,17,88,53" hai2="45,65,130,135,102,124,86,19,35,39,116,58,103" hai3="129,14,30,85,127,46,75,56,66,27,93,115,8"/><U134/><E134/><V79/><F116/><W87/><G75/><T32/><D1/><U109/><E64/><V6/><F35/><W74/><G74/><T110/><D71/><U23/><E109/><V15/><F135/><W63/><G115/><T99/><D32/><U95/><E105/><V96/><F130/><W76/><G127/><T100/><D43/><U40/><E40/><V9/><F124/><W21/><G76/><T107/><D107/><U62/><E101/><V57/><F39/><W92/><G46/><T36/><D36/><U38/><E38/><V98/><F45/><W117/><G129/><T111/><D13/><U51/><E62/><V37/><F37/><W67/><G67/><T77/><D89/><U70/><E70/><V55/><F58/><W47/><G47/><T91/><D91/><U119/><E119/><V108/><F65/><W5/><G117/><T73/><D52/><U122/><E122/><V68/><F68/><W26/><G26/><T106/><D106/><U120/><E120/><V97/><F108/><AGARI ba="0,0" hai="72,73,77,78,81,83,99,100,104,108,110,111,132,133" machi="108" ten="40,12000,2" yaku="9,1,14,1,23,2,34,3" doraHai="48" who="0" fromWho="2" sc="372,120,151,0,196,-120,281,0" />
</Scene>
<Scene>
<INIT seed="2,0,0,5,4,48" ten="492,151,76,281" oya="2" hai0="22,78,40,27,68,52,113,39,28,69,62,76,23" hai1="37,32,119,74,60,31,49,102,118,133,71,121,70" hai2="111,109,100,24,29,30,3,12,18,114,2,54,55" hai3="15,93,101,128,115,124,127,91,85,132,95,41,20"/><V66/><F114/><W16/><G128/><T65/><D113/><U122/><E37/><V104/><F66/><W6/><G132/><T84/><D69/><U1/><E1/><V120/><F120/><W135/><G135/><T0/><D0/><U21/><E74/><V26/><F100/><W50/><G6/><T51/><D84/><U129/><E102/><V81/><F81/><W64/><G64/><T61/><D61/><U116/><E32/><V56/><F56/><W107/><G107/><T92/><D92/><U117/><E133/><V108/><F104/><W105/><G105/><T88/><D88/><U47/><E118/><V44/><F44/><N who="3" m="25871" /><G115/><T58/><D23/><U103/><E103/><V77/><F77/><W53/><G101/><T14/><D14/><U83/><E129/><V75/><F75/><W5/><G5/><T34/><D34/><U110/><E121/><V17/><F111/><W19/><G19/><T7/><D7/><U67/><E110/><V73/><F73/><W57/><G93/><T99/><D99/><U9/><E122/><V8/><F12/><W87/><G85/><T25/><D25/><U131/><E71/><V97/><F97/><W134/><G134/><T112/><D112/><U63/><E131/><V125/><F125/><W80/><G80/><T13/><D13/><U33/><E83/><V96/><F96/><W59/><G59/><T89/><D89/><U45/><E117/><V11/><AGARI ba="0,0" hai="2,3,8,11,17,18,24,26,29,30,54,55,108,109" machi="11" ten="25,12000,1" yaku="0,1,22,2,52,2" doraHai="48" who="2" fromWho="2" sc="492,-40,151,-40,76,120,281,-40" />
</Scene>
<Scene>
<INIT seed="2,1,0,1,5,45" ten="452,111,196,241" oya="2" hai0="36,14,15,37,89,109,30,48,51,3,54,135,108" hai1="31,71,27,119,57,39,92,118,29,12,114,79,99" hai2="76,94,81,100,41,1,126,97,58,6,101,112,67" hai3="121,77,25,91,18,84,65,44,42,61,11,107,90"/><V26/><F112/><W53/><G107/><T105/><D3/><U62/><E71/><V80/><F126/><W40/><G121/><T69/><D105/><U83/><E39/><V82/><F100/><W110/><G110/><N who="0" m="42603" /><D69/><U115/><E114/><V116/><F116/><W98/><G98/><T38/><D135/><U102/><E12/><N who="0" m="4649" /><D30/><U22/><E31/><V129/><F129/><W17/><G11/><T85/><D54/><U117/><E115/><V87/><F41/><W68/><G53/><T28/><D28/><U47/><E47/><V43/><F43/><W64/><G64/><T46/><D46/><U10/><E10/><V95/><F6/><W127/><G127/><T19/><D19/><U133/><E133/><V33/><F1/><W113/><G113/><T20/><D20/><U123/><E123/><V13/><F13/><W96/><G96/><T16/><D16/><U21/><E21/><V130/><F130/><W66/><G66/><T78/><D78/><U24/><E24/><V104/><F26/><W5/><G5/><T7/><D7/><U72/><REACH who="1" step="1"/><E117/><REACH who="1" ten="452,101,196,241" step="2"/><V88/><F33/><W70/><G25/><T111/><D111/><U56/><E56/><V93/><REACH who="2" step="1"/><F76/><REACH who="2" ten="452,101,186,241" step="2"/><W74/><G40/><T59/><D38/><U131/><E131/><V132/><F132/><W55/><G77/><T134/><D134/><U60/><E60/><AGARI ba="1,2" hai="58,60,67,80,81,82,87,88,93,94,95,97,101,104" machi="60" ten="40,7700,0" yaku="1,1,54,1,53,1" doraHai="45" doraHaiUra="86" who="2" fromWho="1" sc="452,0,101,-80,186,100,241,0" />
</Scene>
<Scene>
<INIT seed="2,2,0,1,2,81" ten="452,21,286,241" oya="2" hai0="11,127,71,47,83,26,34,107,8,64,58,126,70" hai1="0,15,17,12,22,21,61,96,20,44,115,65,35" hai2="106,85,36,129,86,33,92,82,56,1,39,116,87" hai3="59,104,103,68,128,112,132,45,7,9,77,80,28"/><V134/><F116/><W133/><G68/><T97/><D58/><U113/><E35/><V93/><F33/><W3/><G28/><T98/><D47/><U135/><E0/><V51/><F106/><W124/><G59/><T29/><D83/><U69/><E135/><N who="3" m="51786" /><G128/><T75/><D75/><U78/><E44/><V4/><F134/><W89/><G89/><T25/><D107/><U2/><E2/><V41/><F129/><W6/><G6/><T31/><D34/><U121/><E121/><V63/><F82/><W14/><G124/><T48/><D48/><U94/><E78/><V50/><F4/><W95/><G95/><T19/><D19/><U10/><REACH who="1" step="1"/><E12/><REACH who="1" ten="452,11,286,241" step="2"/><V27/><F1/><W108/><G3/><T76/><D76/><U102/><AGARI ba="2,1" hai="10,15,17,20,21,22,61,65,69,94,96,102,113,115" machi="102" ten="30,4000,0" yaku="1,1,2,1,0,1,53,0" doraHai="81" doraHaiUra="53" who="1" fromWho="1" sc="452,-12,11,56,286,-22,241,-12" />
</Scene>
<Scene>
<INIT seed="3,0,0,5,3,35" ten="440,67,264,229" oya="3" hai0="30,68,38,98,94,127,11,80,101,42,0,103,43" hai1="121,85,8,20,91,113,105,82,40,63,45,46,81" hai2="119,124,55,33,109,114,123,22,76,66,39,75,111" hai3="95,131,61,23,53,90,69,21,3,41,129,59,13"/><W120/><G120/><T73/><D68/><U4/><E105/><V12/><F114/><W126/><G69/><T32/><D127/><U14/><E113/><V57/><F33/><W62/><G126/><T107/><D43/><U65/><E121/><V125/><F39/><W89/><G41/><T99/><D30/><U48/><E20/><V56/><F123/><W54/><G13/><T87/><D32/><U118/><E118/><V70/><F119/><W67/><G67/><T1/><D73/><U50/><E82/><N who="2" m="45343" /><F57/><W106/><G106/><T104/><D94/><U25/><E25/><V16/><F66/><W86/><G3/><T6/><D42/><U130/><E130/><N who="3" m="49674" /><G89/><T44/><D38/><U47/><REACH who="1" step="1"/><E48/><REACH who="1" ten="440,57,264,229" step="2"/><N who="2" m="30823" /><F125/><W128/><G128/><T34/><D34/><U134/><E134/><V100/><F124/><W36/><G36/><T96/><D107/><U2/><E2/><V74/><F22/><W19/><G21/><T9/><D104/><U15/><E15/><V117/><F12/><W122/><G122/><T52/><D1/><U88/><E88/><V92/><F117/><W29/><G29/><T78/><D11/><U5/><E5/><V18/><F18/><W60/><G19/><T79/><D79/><U64/><E64/><V135/><F16/><W26/><G26/><T24/><D24/><U84/><E84/><V58/><F135/><W72/><G23/><T51/><AGARI ba="0,1" hai="0,6,9,44,51,52,78,80,87,96,98,99,101,103" machi="51" ten="30,4000,0" yaku="0,1,52,1,54,1" doraHai="35" who="0" fromWho="0" sc="440,50,57,-10,264,-10,229,-20" />
</Scene>
<Scene>
<INIT seed="4,0,0,1,5,21" ten="490,47,254,209" oya="0" hai0="70,54,75,61,64,114,8,57,17,132,96,97,82" hai1="68,25,35,81,74,12,14,1,58,16,20,90,134" hai2="5,83,91,31,39,38,60,80,86,0,129,52,107" hai3="48,76,119,126,2,120,100,46,118,18,71,4,32"/><T47/><D114/><U13/><E68/><V56/><F107/><W98/><G71/><T62/><D132/><U26/><E134/><V11/><F129/><W122/><G76/><T44/><D75/><U84/><E1/><V128/><F128/><W23/><G32/><T77/><D47/><U106/><E106/><V123/><F123/><N who="3" m="47147" /><G126/><T113/><D113/><U130/><E130/><V45/><F31/><W88/><G4/><T3/><D44/><U9/><E74/><V78/><REACH who="2" step="1"/><F45/><REACH who="2" ten="490,47,244,209" step="2"/><W79/><G46/><T15/><D3/><U59/><REACH who="1" step="1"/><E9/><REACH who="1" ten="490,37,244,209" step="2"/><V37/><F37/><W27/><G2/><T125/><D125/><U33/><E33/><V10/><F10/><W108/><G118/><T43/><D43/><U72/><E72/><AGARI ba="0,2" hai="0,5,11,38,39,52,56,60,72,78,80,83,86,91" machi="72" ten="30,3900,0" yaku="1,1,7,1,54,1,53,0" doraHai="21" doraHaiUra="110" who="2" fromWho="1" sc="490,0,37,-39,244,59,209,0" owari="490,59.0,-2,-50.0,303,10.0,209,-19.0" />
</Scene>
</mjloggm>