<mjloggm ver="2.3"><GO type="169"/><UN n0="%E3%81%99%E3%81%9A%E3%82%81%E3%82%AF%E3%83%AC%E3%82%A4%E3%82%B8%E3%83%BC" n1="%41%53%41%50%49%4E" n2="%E3%81%AE%E3%81%A9%E3%81%A3%E3%81%A1%2E" n3="%E3%83%B4%E3%81%81%E3%81%AB%E3%82%89%E3%81%82%E3%81%84%E3%81%99" dan="17,18,19,16" rate="2149,2244,2288,2027" sx="M,M,F,M"/><TAIKYOKU oya="0"/>

<Scene>
<INIT seed="0,0,0,1,5,49" ten="250,250,250,250" oya="0" hai0="24,122,6,99,105,132,18,27,75,41,66,72,96" hai1="125,79,112,53,81,40,115,62,119,0,20,31,64" hai2="46,56,78,114,5,29,63,108,93,98,4,109,131" hai3="124,116,65,89,88,126,121,71,11,26,10,45,12"/><T14/><D122/><U33/><E0/><V28/><F114/><W59/><G116/><T85/><D6/><N who="2" m="2666" /><F78/><W74/><G74/><T30/><D41/><U58/><E33/><V61/><F46/><W15/><G121/><T22/><D132/><U9/><E119/><V82/><F82/><W77/><G77/><T3/><D3/><U129/><E129/><V84/><F84/><W134/><G71/><T106/><D66/><U37/><E125/><N who="3" m="48234" /><G45/><T70/><D70/><U1/><E9/><N who="3" m="3082" /><G26/><T52/><D14/><N who="3" m="5161" /><G134/><T95/><D27/><N who="1" m="16871" /><E1/><V92/><F131/><W102/><G102/><T113/><D72/><N who="1" m="43239" /><E40/><V23/><F23/><W67/><G59/><T91/><D75/><U86/><E86/><V43/><F43/><W35/><G35/><T57/><D85/><U34/><E34/><V87/><F87/><W36/><G36/><T110/><D99/><U25/><E25/><V123/><F123/><W32/><G32/><T73/><D73/><U133/><E37/><V44/><F44/><W55/><G55/><T17/><D96/><U48/><E133/><V51/><F98/><W101/><G101/><T50/><D24/><U13/><E13/><V83/><F28/><W117/><G117/><T128/><D30/><U90/><E112/><V127/><F29/><W94/><G94/><T69/><D113/><U42/><E115/><V16/><F127/><W80/><G80/><T97/><D128/><U130/><E42/><V8/><F83/><W76/><G76/><T135/><D135/><U39/><E130/><V38/><F38/><W47/><G47/><T21/><D21/><RYUUKYOKU ba="0,0" sc="250,-10,250,-10,250,-10,250,30" hai3="65,67,88,89" />
</Scene>
<Scene>
<INIT seed="1,1,0,1,1,102" ten="240,240,240,280" oya="1" hai0="76,86,5,80,94,2,18,133,10,43,12,0,132" hai1="91,25,44,48,113,126,13,108,62,30,109,1,39" hai2="49,36,71,37,98,31,61,54,74,40,103,66,21" hai3="79,46,112,4,95,123,117,35,42,55,7,22,81"/><U16/><E113/><V131/><F74/><W65/><G35/><T60/><D60/><U85/><E1/><V20/><F131/><W34/><G112/><T41/><D94/><U122/><E39/><V47/><F31/><W127/><G34/><T82/><D82/><U29/><E122/><V110/><F110/><N who="1" m="42601" /><E25/><V57/><REACH who="2" step="1"/><F37/><REACH who="2" ten="240,240,230,280" step="2"/><W118/><G117/><T15/><D133/><U33/><E33/><V125/><F125/><W89/><G118/><T88/><D132/><U11/><E126/><V14/><F14/><W69/><G127/><T99/><D0/><U111/><E111/><V135/><F135/><W26/><G123/><T116/><D116/><U129/><E129/><V107/><AGARI ba="1,1" hai="20,21,36,40,47,49,54,57,61,66,71,98,103,107" machi="107" ten="20,12000,2" yaku="1,1,0,1,7,1,24,2,52,1,53,1" doraHai="102" doraHaiUra="93" who="2" fromWho="2" sc="240,-31,240,-61,230,133,280,-31" />
</Scene>
<Scene>
<INIT seed="2,0,0,5,5,124" ten="209,179,363,249" oya="2" hai0="23,135,106,84,51,1,107,70,80,33,87,21,93" hai1="19,20,112,82,131,16,38,53,99,47,13,32,62" hai2="119,108,79,10,127,130,66,121,96,58,41,83,126" hai3="39,29,3,35,122,117,76,134,12,43,64,125,69"/><V65/><F119/><W57/><G117/><T88/><D70/><U118/><E112/><V78/><F121/><W31/><G3/><T110/><D33/><U77/><E118/><V109/><F41/><W104/><G122/><T25/><D1/><U52/><E32/><V115/><F115/><W54/><G125/><N who="2" m="47625" /><F10/><W11/><G104/><T91/><D110/><N who="2" m="42602" /><F58/><W42/><G134/><T123/><D135/><U34/><E131/><V18/><F18/><W75/><G42/><T95/><D123/><U92/><E34/><V73/><F130/><W9/><G43/><T113/><D113/><U22/><E62/><V128/><F128/><W71/><G39/><T132/><D132/><U46/><E38/><V28/><F28/><W94/><G11/><T90/><D51/><U36/><E36/><V61/><F61/><W102/><G31/><T49/><D49/><U86/><E46/><V114/><F114/><W85/><G29/><T44/><D44/><U98/><E47/><V40/><F40/><W60/><G35/><T30/><REACH who="0" step="1"/><D21/><REACH who="0" ten="199,179,363,249" step="2"/><U67/><E22/><V17/><F17/><W26/><G69/><T59/><D59/><U45/><E19/><V37/><F37/><W55/><G71/><T81/><D81/><U50/><E50/><V24/><F24/><W111/><G26/><T14/><D14/><U74/><E45/><V2/><F2/><W97/><G111/><T133/><D133/><U56/><E56/><V7/><F83/><W0/><G0/><T101/><D101/><U15/><E15/><V8/><F7/><W100/><G100/><T27/><D27/><RYUUKYOKU ba="0,1" sc="199,30,179,-10,363,-10,249,-10" hai0="23,25,30,80,84,87,88,90,91,93,95,106,107" />
</Scene>
<Scene>
<INIT seed="3,1,1,1,1,54" ten="229,169,353,239" oya="3" hai0="48,112,35,57,132,9,1,31,126,58,53,32,39" hai1="30,28,92,45,52,106,65,107,61,20,7,4,29" hai2="13,104,119,82,68,71,110,3,59,40,81,134,130" hai3="89,8,88,51,44,99,55,41,22,5,116,121,16"/><W38/><G121/><T2/><D39/><U76/><E76/><V95/><F3/><W118/><G118/><T86/><D132/><U15/><E106/><V62/><F104/><W73/><G73/><T26/><D126/><U111/><E107/><V67/><F119/><W108/><G108/><T80/><D112/><U17/><E111/><V14/><F110/><W120/><G120/><T100/><D100/><U10/><E92/><V27/><F134/><W79/><G79/><T117/><D32/><U133/><E133/><V42/><F130/><W93/><G116/><T63/><D9/><U47/><E4/><V113/><F113/><W98/><G89/><T34/><D34/><U122/><E122/><V91/><F27/><W125/><G125/><T114/><D114/><U64/><E47/><V23/><F68/><W74/><G74/><T69/><D69/><U25/><REACH who="1" step="1"/><E45/><REACH who="1" ten="229,159,353,239" step="2"/><V115/><F115/><W78/><G78/><T12/><D117/><U128/><E128/><V103/><F95/><W87/><G38/><T6/><D6/><U101/><E101/><V109/><F103/><W135/><G135/><T84/><D80/><U124/><E124/><V46/><F82/><W90/><G90/><T33/><D33/><U105/><E105/><V36/><F91/><W96/><G96/><T60/><D35/><U56/><AGARI ba="1,2" hai="7,10,15,17,20,25,28,29,30,52,56,61,64,65" machi="56" ten="30,8000,1" yaku="1,1,0,1,8,1,52,1,54,1,53,0" doraHai="54" doraHaiUra="83" who="1" fromWho="1" sc="229,-21,159,103,353,-21,239,-41" />
</Scene>
<Scene>
<INIT seed="4,0,0,2,4,124" ten="208,262,332,198" oya="0" hai0="80,95,119,84,57,13,23,104,29,61,113,12,49" hai1="81,99,47,87,128,5,69,41,102,68,4,103,58" hai2="44,33,88,38,116,2,82,73,45,28,67,106,108" hai3="18,30,75,35,131,126,92,6,98,121,118,89,48"/><T37/><D37/><U91/><E128/><V77/><F108/><W86/><G118/><T129/><D104/><U85/><E58/><V122/><F122/><W72/><G126/><T70/><D70/><U24/><E24/><V66/><F106/><W74/><G121/><T46/><D113/><U110/><E110/><V39/><F116/><W112/><G112/><T93/><D129/><U78/><E68/><V25/><F2/><W14/><G6/><T8/><D23/><U132/><E69/><V36/><REACH who="2" step="1"/><F88/><REACH who="2" ten="208,262,322,198" step="2"/><W94/><G131/><T55/><D119/><U43/><E91/><V59/><F59/><W115/><G115/><T1/><D1/><U17/><E102/><V130/><F130/><W79/><G94/><T42/><D29/><U100/><E103/><V134/><F134/><W71/><G71/><T54/><D95/><U0/><E132/><V20/><F20/><W53/><G98/><T11/><D93/><U15/><E0/><V50/><F50/><W3/><G3/><T123/><D123/><U133/><E133/><V64/><AGARI ba="0,1" hai="25,28,33,36,38,39,44,45,64,66,67,73,77,82" machi="64" ten="40,8000,1" yaku="1,1,0,1,53,3" doraHai="124" doraHaiUra="63" who="2" fromWho="2" sc="208,-40,262,-20,322,90,198,-20" />
</Scene>
<Scene>
<INIT seed="5,0,0,1,3,79" ten="168,242,412,178" oya="1" hai0="98,82,70,54,53,72,93,135,78,47,99,31,110" hai1="115,19,76,61,2,102,16,114,85,103,88,126,129" hai2="108,57,22,32,21,94,51,25,44,14,62,84,50" hai3="46,109,58,10,5,123,69,35,1,63,104,101,86"/><U67/><E2/><V81/><F108/><W120/><G109/><T119/><D110/><U59/><E76/><V27/><F32/><W13/><G13/><T43/><D119/><U37/><E37/><V41/><F94/><W125/><G125/><T18/><D70/><U38/><E38/><V3/><F3/><W132/><G132/><T77/><D31/><U73/><E73/><V100/><F100/><N who="1" m="38441" /><E126/><V65/><F50/><W95/><G46/><T111/><D77/><U15/><E15/><V127/><F127/><W116/><G116/><T96/><D111/><U87/><E87/><V71/><F71/><W56/><G35/><T11/><D93/><N who="1" m="54415" /><E129/><V24/><F14/><W36/><G36/><T6/><D18/><U91/><E91/><AGARI ba="0,0" hai="21,22,24,25,27,41,44,51,57,62,65,81,84,91" machi="91" ten="40,2600,0" yaku="8,1,52,1" doraHai="79" who="2" fromWho="1" sc="168,0,242,-26,412,26,178,0" />
</Scene>
<Scene>
<INIT seed="6,0,0,0,1,48" ten="168,216,438,178" oya="2" hai0="59,63,124,90,111,86,127,89,103,61,24,11,5" hai1="101,53,17,78,50,46,133,123,104,68,3,116,29" hai2="80,38,81,25,40,13,105,95,14,76,34,115,55" hai3="93,23,4,130,42,79,16,113,51,128,112,54,32"/><V37/><F105/><W83/><G32/><T110/><D103/><U125/><E116/><V72/><F95/><W20/><G93/><T66/><D24/><U85/><E3/><V43/><F25/><N who="3" m="14471" /><G23/><T82/><D89/><U118/><E118/><V64/><F34/><W88/><G42/><T108/><REACH who="0" step="1"/><D63/><REACH who="0" ten="158,216,438,178" step="2"/><U106/><E101/><V107/><F76/><W73/><G88/><T33/><D33/><U87/><E78/><V71/><F107/><W26/><G26/><T49/><D49/><U52/><E50/><V31/><F38/><W30/><G30/><T60/><D60/><U70/><E29/><V57/><F37/><W121/><G121/><T19/><D19/><U45/><E17/><V77/><F77/><W92/><G4/><T69/><D69/><U119/><E119/><V9/><F31/><W91/><G128/><T18/><D18/><U12/><E123/><V35/><F71/><W117/><G130/><T39/><D39/><U135/><E125/><V58/><F35/><W120/><G117/><T47/><D47/><U27/><E27/><V97/><F9/><W122/><G120/><T2/><AGARI ba="0,1" hai="2,5,11,59,61,66,82,86,90,108,110,111,124,127" machi="2" ten="40,8000,1" yaku="1,1,0,1,53,2" doraHai="48" doraHaiUra="134" who="0" fromWho="0" sc="158,90,216,-20,438,-40,178,-20" />
</Scene>
<Scene>
<INIT seed="7,0,0,2,1,13" ten="248,196,398,158" oya="3" hai0="90,40,16,132,67,12,32,7,91,103,119,102,19" hai1="60,31,127,8,56,125,111,106,22,39,62,122,112" hai2="37,5,85,33,35,65,133,107,123,34,135,68,128" hai3="43,104,105,78,108,94,81,6,116,4,42,38,92"/><W99/><G116/><T54/><D32/><U10/><E111/><V46/><F107/><W79/><G108/><T117/><D40/><U75/><E106/><V29/><F5/><W96/><REACH who="3" step="1"/><G81/><REACH who="3" ten="248,196,398,148" step="2"/><T115/><D119/><U87/><E122/><V120/><F120/><W51/><G51/><T86/><D117/><U18/><E39/><AGARI ba="0,1" hai="4,6,38,39,42,43,78,79,92,94,96,99,104,105" machi="39" ten="25,4800,0" yaku="1,1,22,2,53,0" doraHai="13" doraHaiUra="124" who="3" fromWho="1" sc="248,0,196,-48,398,0,148,58" />
</Scene>
<Scene>
<INIT seed="7,1,0,5,5,32" ten="248,148,398,206" oya="3" hai0="53,17,78,102,85,20,4,96,51,61,28,59,112" hai1="123,91,124,93,122,7,73,13,39,76,68,80,72" hai2="33,10,46,38,90,128,101,106,24,121,65,52,45" hai3="8,47,49,114,127,12,88,75,29,19,62,22,58"/><W18/><G75/><T1/><D112/><U43/><E68/><V26/><F65/><W48/><G114/><T111/><D111/><U132/><E73/><V94/><F101/><W99/><G127/><T109/><D109/><U100/><E124/><V104/><F128/><W67/><G29/><T81/><D1/><U71/><E71/><V66/><F66/><W34/><G34/><T103/><D4/><U110/><E110/><V95/><F90/><W55/><G48/><T16/><D102/><U107/><E132/><V116/><F33/><W56/><G99/><T2/><D2/><U115/><E115/><V64/><F64/><W27/><REACH who="3" step="1"/><G88/><REACH who="3" ten="248,148,398,196" step="2"/><T5/><D51/><U15/><E39/><V129/><F38/><W42/><G42/><T108/><D108/><U6/><E43/><V131/><F121/><W120/><G120/><T41/><D41/><U9/><E100/><V113/><F113/><W31/><G31/><T105/><D28/><U133/><E133/><V77/><F77/><W119/><G119/><T54/><D96/><U130/><E107/><V83/><F116/><W87/><G87/><T126/><D103/><U63/><E130/><V117/><F117/><W79/><G79/><T30/><D78/><U89/><E63/><V82/><F129/><W50/><G50/><T37/><D105/><U60/><E60/><V3/><F131/><W14/><G14/><T86/><D37/><U135/><E135/><V69/><F106/><W84/><G84/><T74/><D74/><U70/><E89/><V92/><F104/><W40/><G40/><T98/><D126/><RYUUKYOKU ba="1,1" sc="248,-10,148,-10,398,-10,196,30" hai3="8,12,18,19,22,27,47,49,55,56,58,62,67" />
</Scene>
<Scene>
<INIT seed="7,2,1,1,0,54" ten="238,138,388,226" oya="3" hai0="116,80,90,26,75,13,124,6,132,95,100,34,55" hai1="102,77,28,69,52,60,56,50,12,76,82,86,21" hai2="131,92,68,128,103,63,94,17,31,96,129,120,66" hai3="38,107,8,108,30,20,74,72,119,0,121,135,133"/><W109/><G121/><T58/><D116/><U125/><E125/><V32/><F120/><W127/><G119/><T7/><D124/><U1/><E1/><V27/><F17/><W79/><G127/><T41/><D41/><U37/><E37/><V61/><F61/><W118/><G118/><T97/><D132/><N who="3" m="50761" /><G38/><T67/><D67/><U85/><E69/><V104/><AGARI ba="2,1" hai="27,31,32,63,66,68,92,94,96,103,104,128,129,131" machi="104" ten="30,7900,0" yaku="0,1,25,2,19,1" doraHai="54" who="2" fromWho="2" sc="238,-22,138,-22,388,95,226,-41" owari="216,2.0,116,-38.0,483,57.0,185,-21.0" />
</Scene>
</mjloggm>