<mjloggm ver="2.3"><GO type="169"/><UN n0="%E3%83%99%E3%82%BF%E3%82%AA%E3%83%AA%E3%82%B9%E3%82%AF" n1="%E3%81%91%E3%82%93%31%39%37%30" n2="%E6%9C%AC%E5%A0%82%E6%B2%99%E4%B9%9F%E5%8A%A0" n3="%41%53%41%50%49%4E" dan="16,16,16,19" rate="2145,2113,2076,2193" sx="M,M,F,M"/><TAIKYOKU oya="0"/>

<Scene>
<INIT seed="0,0,0,5,4,17" ten="250,250,250,250" oya="0" hai0="105,67,38,80,32,106,63,46,131,16,81,116,126" hai1="129,65,130,90,68,42,107,73,8,26,77,133,41" hai2="60,48,92,36,66,82,24,93,72,20,5,31,88" hai3="58,4,112,98,3,102,15,123,74,14,2,89,96"/><T86/><D116/><U113/><E90/><V97/><F36/><W132/><G112/><T12/><D32/><U52/><E113/><V34/><F5/><W11/><G123/><T83/><D126/><U23/><E107/><V39/><F39/><W78/><G132/><T121/><D121/><U87/><E73/><V118/><F118/><W64/><G89/><T7/><D7/><U70/><E8/><V94/><F48/><W51/><G3/><T50/><D38/><U100/><E100/><V115/><F115/><W49/><G96/><T53/><D131/><U25/><E25/><V35/><F35/><W13/><G58/><T29/><D29/><U122/><E133/><V134/><F134/><W108/><G64/><T114/><D114/><U109/><E122/><V110/><F110/><W47/><G108/><T128/><D128/><N who="1" m="49259" /><E109/><V22/><F94/><W84/><G74/><T44/><D44/><U95/><E52/><V127/><F127/><W55/><G51/><T6/><D6/><U56/><E56/><V9/><F9/><W57/><G57/><T125/><D125/><U61/><E70/><V0/><F0/><W111/><G111/><T40/><D40/><U99/><E87/><V91/><F72/><W117/><G117/><T135/><D135/><U30/><E77/><V103/><F103/><W10/><G84/><T104/><D86/><U101/><AGARI ba="0,0" hai="23,26,30,41,42,61,65,68,95,99,101" m="49259" machi="101" ten="30,2000,0" yaku="19,1,52,1" doraHai="17" who="1" fromWho="1" sc="250,-10,250,20,250,-5,250,-5" />
</Scene>
<Scene>
<INIT seed="1,0,0,1,5,63" ten="240,270,245,245" oya="1" hai0="25,107,16,135,38,72,1,113,39,126,84,88,124" hai1="71,2,41,8,22,101,37,5,98,64,102,31,74" hai2="14,46,132,104,10,48,87,55,23,34,119,123,130" hai3="45,127,89,105,91,29,79,118,11,96,106,42,78"/><U122/><E122/><V47/><F123/><W19/><G127/><N who="0" m="48683" /><D113/><U80/><E102/><V15/><F119/><W68/><G118/><T94/><D1/><U95/><E31/><V20/><F34/><W12/><G68/><T81/><D107/><U70/><E22/><V56/><F104/><W117/><G117/><T40/><D135/><U53/><E53/><V93/><F132/><W50/><G105/><T32/><D32/><U26/><E26/><V28/><F130/><W18/><G29/><T57/><D40/><U134/><E134/><V61/><F28/><W133/><G133/><T100/><D57/><U59/><E59/><V17/><F23/><W3/><G3/><T86/><D72/><U4/><E4/><N who="2" m="3399" /><F61/><W90/><REACH who="3" step="1"/><G19/><REACH who="3" ten="240,270,245,235" step="2"/><T30/><D16/><U112/><E71/><V73/><F17/><W58/><G58/><T33/><D100/><AGARI ba="0,1" hai="11,12,18,42,45,50,78,79,89,90,91,96,100,106" machi="100" ten="40,1300,0" yaku="1,1,53,0" doraHai="63" doraHaiUra="0" who="3" fromWho="0" sc="240,-13,270,0,245,0,235,23" />
</Scene>
<Scene>
<INIT seed="2,0,0,2,4,107" ten="227,270,245,258" oya="2" hai0="8,49,61,47,2,128,129,26,59,75,81,103,58" hai1="125,109,65,46,30,94,62,4,133,106,27,91,124" hai2="28,78,53,67,55,77,3,132,104,51,135,16,130" hai3="96,123,89,0,115,105,21,119,70,79,32,113,122"/><V23/><F3/><W29/><G70/><T131/><D103/><U60/><E4/><V86/><F104/><W92/><G0/><T22/><D8/><U18/><E106/><V121/><F121/><W117/><G21/><T88/><D2/><U100/><E100/><V116/><F116/><N who="3" m="44619" /><G29/><N who="0" m="17623" /><D61/><U7/><E7/><V48/><F67/><W73/><G105/><T13/><D13/><U34/><E46/><N who="2" m="27799" /><F28/><W90/><G90/><T134/><D134/><N who="2" m="51242" /><F86/><W25/><G25/><T97/><D97/><U110/><E133/><V84/><F84/><W45/><G45/><T66/><D66/><U15/><E62/><V33/><F33/><W5/><G32/><T108/><D108/><N who="1" m="41579" /><E91/><V1/><F1/><W87/><G96/><T69/><D69/><N who="1" m="42151" /><E94/><V111/><F111/><W93/><G93/><T127/><D88/><U24/><E24/><N who="2" m="14439" /><F130/><W44/><G123/><T102/><D102/><U71/><E71/><V114/><F114/><W76/><G122/><T74/><D81/><U98/><E98/><V14/><F14/><W112/><G115/><T42/><D127/><U12/><E12/><V68/><F68/><W20/><G112/><T99/><D99/><U10/><AGARI ba="0,0" hai="10,15,18,27,30,34,124,125" m="42151,41579" machi="10" ten="30,1100,0" yaku="14,1" doraHai="107" who="1" fromWho="1" sc="227,-3,270,11,245,-5,258,-3" />
</Scene>
<Scene>
<INIT seed="3,0,0,0,4,1" ten="224,281,240,255" oya="3" hai0="132,11,120,35,3,26,92,100,50,73,131,103,71" hai1="116,62,127,15,10,76,81,14,106,94,54,45,105" hai2="104,134,86,123,129,130,22,34,98,16,125,110,0" hai3="51,109,19,60,25,58,107,65,44,91,28,75,4"/><W47/><G75/><T8/><D120/><U78/><E116/><V77/><F0/><W2/><G107/><T37/><D37/><U64/><E127/><V83/><F34/><W68/><G109/><T59/><D71/><U23/><E94/><V112/><F125/><W36/><G19/><T29/><D73/><U124/><E124/><V38/><F38/><W79/><G79/><T61/><D132/><U6/><E78/><V96/><F112/><W21/><G36/><T43/><D131/><N who="2" m="50186" /><F134/><W72/><G72/><T93/><D93/><U102/><E102/><N who="2" m="62535" /><F110/><W119/><G119/><T63/><D11/><U133/><E133/><V48/><F98/><W42/><G47/><T55/><D92/><U88/><E45/><V27/><F48/><W13/><G2/><T49/><D49/><U84/><E76/><V53/><F53/><W57/><REACH who="3" step="1"/><G91/><REACH who="3" ten="224,281,240,245" step="2"/><T108/><D108/><U33/><E106/><V17/><F123/><W82/><G82/><T20/><D3/><U56/><E105/><V69/><F69/><W121/><G121/><T67/><D29/><AGARI ba="0,1" hai="16,17,22,27,29,77,83,86" m="62535,50186" machi="29" ten="30,2000,0" yaku="19,1,54,1" doraHai="1" who="2" fromWho="0" sc="224,-20,281,0,240,30,245,0" />
</Scene>
<Scene>
<INIT seed="4,0,0,2,0,94" ten="204,281,270,245" oya="0" hai0="52,0,90,5,32,124,105,99,96,56,122,20,2" hai1="127,23,103,113,106,50,88,49,31,11,54,51,100" hai2="72,12,4,133,109,63,73,93,91,28,16,112,13" hai3="21,7,9,132,40,3,71,30,27,22,130,61,48"/><T46/><D122/><U55/><E127/><V131/><F109/><W97/><G130/><T114/><D32/><U116/><E116/><V82/><F131/><W33/><G132/><T129/><D129/><U101/><E113/><V67/><F133/><W6/><G6/><T58/><D124/><U64/><E64/><V102/><F28/><W68/><G40/><T18/><D114/><U44/><E11/><V45/><F45/><W43/><G43/><T42/><D105/><U74/><E74/><V69/><F112/><W83/><G48/><T29/><D29/><U75/><E75/><V39/><F39/><W111/><G111/><T17/><D90/><U104/><E44/><V120/><F120/><W123/><G123/><T14/><D17/><U47/><E47/><V121/><F121/><W79/><G61/><T128/><D128/><U59/><E59/><V98/><F12/><W125/><G125/><T86/><D86/><U70/><E70/><V41/><F41/><W53/><G53/><T62/><D58/><U118/><E118/><V65/><F65/><W135/><G135/><T10/><D2/><U92/><E106/><V57/><F4/><W37/><G37/><AGARI ba="0,0" hai="0,5,10,14,18,20,37,42,46,52,56,62,96,99" machi="37" ten="30,11600,0" yaku="7,1,52,2,54,1" doraHai="94" who="0" fromWho="3" sc="204,116,281,0,270,0,245,-116" />
</Scene>
<Scene>
<INIT seed="4,1,0,0,3,48" ten="320,281,270,129" oya="0" hai0="88,90,10,128,62,23,99,71,67,14,69,91,19" hai1="116,92,86,81,75,3,25,41,125,123,55,73,112" hai2="45,4,13,51,63,134,107,35,78,82,7,5,126" hai3="97,52,37,6,39,18,8,120,21,96,32,29,129"/><T17/><D128/><U133/><E3/><V12/><F107/><W89/><G120/><T117/><D117/><U135/><E123/><V98/><F35/><W119/><G119/><T70/><REACH who="0" step="1"/><D99/><REACH who="0" ten="310,281,270,129" step="2"/><U61/><E116/><V76/><F98/><W94/><G129/><T0/><D0/><U50/><E135/><V65/><F134/><W47/><G97/><T60/><D60/><U2/><E133/><V79/><F126/><W33/><G39/><T103/><D103/><U16/><E125/><V77/><F63/><W124/><G37/><T57/><D57/><U80/><E2/><V43/><REACH who="2" step="1"/><F65/><REACH who="2" ten="310,281,260,129" step="2"/><W34/><G124/><T130/><D130/><U44/><E61/><V85/><AGARI ba="1,2" hai="4,5,7,12,13,43,45,51,76,77,78,79,82,85" machi="85" ten="30,7900,0" yaku="1,1,2,1,0,1,8,1,53,0" doraHai="48" doraHaiUra="102" who="2" fromWho="2" sc="310,-40,281,-21,260,102,129,-21" />
</Scene>
<Scene>
<INIT seed="5,0,0,0,4,68" ten="270,260,362,108" oya="1" hai0="32,102,117,47,84,0,27,105,79,57,39,111,77" hai1="29,97,101,46,62,119,59,18,23,56,36,38,93" hai2="52,61,24,19,87,34,40,64,53,132,125,43,54" hai3="10,81,86,113,20,9,35,25,130,107,15,121,2"/><U80/><E119/><V98/><F132/><W42/><G121/><T131/><D117/><U128/><E128/><V94/><F125/><W1/><G107/><T6/><D131/><U133/><E133/><V31/><F87/><W71/><G71/><T8/><D111/><U69/><E29/><V122/><F19/><W11/><G130/><T104/><D57/><U17/><E46/><V88/><REACH who="2" step="1"/><F122/><REACH who="2" ten="270,260,352,108" step="2"/><W73/><G86/><T45/><D84/><U26/><E18/><V28/><F28/><W44/><G73/><T76/><D6/><U82/><E82/><V4/><F4/><W3/><G81/><T96/><D76/><U30/><E80/><V33/><F33/><W74/><G74/><T129/><D79/><U91/><E30/><V118/><F118/><W95/><G35/><T115/><D32/><U60/><E69/><AGARI ba="0,1" hai="24,31,34,40,43,52,53,54,61,64,69,88,94,98" machi="69" ten="40,8000,1" yaku="1,1,54,2,53,1" doraHai="68" doraHaiUra="85" who="2" fromWho="1" sc="270,0,260,-80,352,90,108,0" />
</Scene>
<Scene>
<INIT seed="6,0,0,0,0,57" ten="270,180,442,108" oya="2" hai0="114,73,119,112,33,125,32,5,115,94,18,43,52" hai1="22,130,121,100,42,110,10,23,98,82,120,129,65" hai2="113,59,67,99,51,13,123,48,47,36,93,6,30" hai3="88,71,29,61,58,126,28,133,127,118,78,96,97"/><V87/><F123/><N who="1" m="47177" /><E42/><V104/><F30/><W92/><G118/><T85/><D73/><U131/><E110/><V101/><F113/><W20/><G71/><T132/><D119/><U45/><E45/><V15/><F36/><W54/><G133/><T0/><D125/><N who="3" m="47625" /><G78/><T24/><D132/><U34/><E34/><V41/><F6/><W91/><G91/><N who="0" m="53615" /><D43/><U102/><E10/><V95/><F104/><W4/><G96/><T135/><D135/><U66/><E82/><V128/><F128/><W2/><G20/><N who="1" m="7722" /><E98/><V103/><F103/><AGARI ba="0,0" hai="65,66,100,102,103,129,130,131" m="7722,47177" machi="103" ten="40,8000,1" yaku="28,2,19,1,13,1" doraHai="57" who="1" fromWho="2" sc="270,0,180,80,442,-80,108,0" />
</Scene>
<Scene>
<INIT seed="7,0,0,2,0,61" ten="270,260,362,108" oya="3" hai0="134,128,4,50,89,92,48,76,29,70,0,116,16" hai1="91,129,5,67,101,34,43,135,31,23,19,22,79" hai2="49,98,15,103,27,40,53,108,110,14,126,133,45" hai3="69,130,37,94,86,81,88,28,36,85,117,132,38"/><W63/><G117/><T118/><D70/><U33/><E79/><V124/><F133/><W119/><G119/><T99/><D134/><U39/><E135/><V127/><F27/><W7/><G132/><T46/><D128/><U12/><E101/><V102/><F102/><W78/><G130/><T64/><D64/><U112/><E129/><V71/><F71/><W73/><G7/><T9/><D29/><U41/><E39/><V74/><F74/><W93/><G28/><T52/><D76/><U109/><E91/><V54/><F54/><W84/><REACH who="3" step="1"/><G94/><REACH who="3" ten="270,260,362,98" step="2"/><T24/><D118/><U65/><E5/><V75/><F110/><W11/><G11/><T122/><D116/><U60/><E109/><V77/><F108/><W59/><G59/><T6/><D122/><U97/><E31/><V62/><F124/><W42/><G42/><T123/><D92/><U13/><E19/><V30/><F30/><W125/><G125/><T66/><D16/><U90/><E43/><V32/><F126/><W131/><G131/><T113/><D123/><U87/><E41/><V115/><F127/><W18/><G18/><T44/><D6/><U2/><E2/><V100/><F40/><W95/><G95/><T25/><D0/><U83/><E34/><V26/><F32/><W10/><G10/><T1/><D9/><U3/><E33/><V35/><F35/><W56/><G56/><T8/><D8/><U114/><E3/><V20/><F20/><W21/><G21/><T121/><D121/><U104/><E23/><V47/><F47/><W72/><G72/><T96/><D1/><RYUUKYOKU ba="0,1" sc="270,-10,260,-10,362,-10,98,30" hai3="36,37,38,63,69,73,78,81,84,85,86,88,93" />
</Scene>
<Scene>
<INIT seed="7,1,1,0,4,36" ten="260,250,352,128" oya="3" hai0="42,64,113,27,98,109,133,94,118,114,58,77,127" hai1="84,126,13,35,90,106,75,62,80,16,21,129,25" hai2="92,117,47,82,124,37,86,5,63,104,50,55,49" hai3="120,96,29,1,100,74,56,6,93,20,70,65,39"/><W61/><G120/><T26/><D118/><U101/><E126/><V91/><F104/><W78/><G39/><T76/><D109/><U19/><E129/><V97/><F124/><W83/><G6/><T79/><D127/><U107/><E75/><V14/><F117/><W52/><G1/><T4/><D133/><U28/><E101/><V31/><F31/><W121/><G121/><T105/><D105/><U89/><E62/><V46/><F63/><W131/><G131/><T43/><D4/><U24/><REACH who="1" step="1"/><E90/><REACH who="1" ten="260,240,352,128" step="2"/><N who="2" m="55447" /><F37/><W99/><G99/><T54/><D114/><U59/><E59/><V72/><F72/><W41/><G41/><N who="0" m="15371" /><D113/><U88/><E88/><V135/><F135/><W30/><REACH who="3" step="1"/><G20/><AGARI ba="1,2" hai="13,16,19,20,21,24,25,28,35,80,84,89,106,107" machi="20" ten="30,7700,0" yaku="1,1,7,1,54,1,53,1" doraHai="36" doraHaiUra="85" who="1" fromWho="3" sc="260,0,240,100,352,0,128,-80" owari="260,-14.0,340,14.0,352,45.0,48,-45.0" />
</Scene>
</mjloggm>