<mjloggm ver="2.3"><GO type="169"/><UN n0="%E3%81%99%E3%81%9A%E3%82%81%E3%82%AF%E3%83%AC%E3%82%A4%E3%82%B8%E3%83%BC" n1="%6E%69%6A%69" n2="%41%53%41%50%49%4E" n3="%E3%83%8F%E3%83%94%E3%83%8A%E5%90%8D%E6%8E%9B%E4%B8%81" dan="17,16,19,16" rate="2164,2084,2262,2087" sx="M,M,M,M"/><TAIKYOKU oya="0"/>

<Scene>
<INIT seed="0,0,0,2,5,47" ten="250,250,250,250" oya="0" hai0="14,78,22,39,20,110,80,68,79,1,118,101,37" hai1="108,86,11,53,81,120,116,127,23,13,54,3,69" hai2="124,46,123,18,114,40,60,113,83,9,5,2,105" hai3="88,133,91,134,107,117,17,103,52,50,36,19,16"/><T89/><D1/><U67/><E3/><V66/><F123/><W131/><G36/><T121/><D68/><U126/><E120/><V55/><F124/><W85/><G117/><T28/><D118/><U92/><E116/><V99/><F18/><W0/><G0/><T6/><D101/><U115/><E115/><V74/><F55/><W76/><G131/><T109/><D121/><U122/><E122/><V112/><F99/><N who="3" m="61951" /><G76/><T15/><D80/><U73/><E73/><V7/><F7/><W135/><G85/><T104/><D104/><U62/><E92/><V48/><F105/><W25/><G25/><T72/><D28/><U29/><E23/><V10/><F10/><W45/><AGARI ba="0,0" hai="16,17,19,45,50,52,88,91,133,134,135" m="61951" machi="45" ten="40,8000,1" yaku="20,1,52,1,54,3" doraHai="47" who="3" fromWho="3" sc="250,-40,250,-20,250,-20,250,80" />
</Scene>
<Scene>
<INIT seed="1,0,0,5,1,47" ten="210,230,230,330" oya="1" hai0="76,119,20,1,4,134,56,74,94,17,103,107,93" hai1="111,35,14,110,90,104,133,10,50,79,75,29,66" hai2="32,39,58,109,135,53,124,45,65,88,87,84,99" hai3="11,122,91,68,38,6,59,48,108,64,22,85,7"/><U131/><E104/><V5/><F32/><W55/><G38/><T27/><D119/><U61/><E131/><V105/><F109/><N who="1" m="41481" /><E133/><V77/><F135/><W70/><G108/><T116/><D116/><U34/><E29/><V121/><F121/><W9/><G122/><T12/><D107/><U60/><E90/><V97/><F124/><W101/><G101/><T100/><D74/><U26/><E26/><V120/><F120/><W98/><G98/><T23/><D76/><U127/><E127/><V115/><F115/><W129/><G129/><T125/><D1/><U106/><E106/><V113/><F113/><W118/><G118/><T30/><D4/><N who="1" m="3399" /><E61/><V33/><F105/><W62/><G22/><T41/><D134/><U28/><E28/><V89/><F89/><W44/><G7/><T126/><D103/><U96/><E96/><V72/><F5/><W130/><G130/><T40/><D100/><U57/><E50/><N who="2" m="28879" /><F99/><W49/><G49/><T95/><D126/><U13/><E13/><V3/><F97/><W78/><G78/><T71/><D125/><U2/><E2/><V117/><F88/><W112/><G112/><T42/><D71/><U16/><E16/><V15/><F3/><W86/><G6/><T31/><D30/><U25/><E25/><V92/><F117/><W114/><G114/><T19/><D31/><U52/><E66/><V51/><F65/><W18/><G18/><T54/><D94/><U102/><E102/><V123/><F92/><N who="3" m="54383" /><G70/><T69/><D69/><U67/><E67/><V132/><F132/><W73/><G68/><T0/><D0/><RYUUKYOKU ba="0,0" sc="210,15,230,15,230,-15,330,-15" hai0="12,17,19,20,23,27,40,41,42,54,56,93,95" hai1="34,35,52,57,60,75,79" />
</Scene>
<Scene>
<INIT seed="1,1,0,2,5,49" ten="225,245,215,315" oya="1" hai0="127,91,43,130,47,23,135,8,13,34,6,27,97" hai1="100,46,10,119,63,126,131,80,38,3,37,18,116" hai2="101,17,73,64,93,84,16,72,81,0,104,74,89" hai3="65,96,76,21,78,125,48,112,95,22,50,52,113"/><U123/><E123/><V67/><F0/><W70/><G125/><T30/><D127/><U56/><E126/><V102/><F104/><W107/><G107/><T42/><D130/><U133/><E131/><V90/><F93/><W92/><G70/><T12/><D135/><U5/><E100/><N who="2" m="38507" /><F84/><W19/><G65/><N who="2" m="25161" /><F81/><W53/><G19/><AGARI ba="1,0" hai="16,17,19,72,73,74,89,90" m="25161,38507" machi="19" ten="40,5200,0" yaku="28,2,54,1" doraHai="49" who="2" fromWho="3" sc="225,0,245,0,215,55,315,-55" />
</Scene>
<Scene>
<INIT seed="2,0,0,2,3,17" ten="225,245,270,260" oya="2" hai0="16,123,125,32,83,30,115,82,5,76,105,37,68" hai1="33,56,14,74,130,10,104,80,128,112,96,44,49" hai2="131,35,13,95,2,108,28,52,72,27,0,64,117" hai3="15,70,107,101,118,129,124,90,92,87,79,81,59"/><V132/><F117/><W62/><G70/><T100/><D37/><U111/><E33/><V106/><F106/><W58/><G118/><T93/><D68/><U4/><E112/><V94/><F72/><W9/><G124/><T31/><D105/><U86/><E74/><V116/><F116/><W60/><G129/><T29/><D32/><U88/><E56/><N who="3" m="21546" /><G107/><T55/><D5/><U77/><E111/><V113/><F113/><W38/><G38/><T91/><D123/><U26/><E26/><V3/><F64/><W57/><N who="3" m="21554" /><W89/><DORA hai="133" /><G101/><T134/><D125/><U7/><E7/><V121/><F132/><W65/><G65/><T126/><D100/><U73/><E104/><V42/><F121/><W50/><G50/><T99/><D126/><U43/><E73/><V45/><F131/><W84/><G79/><T53/><D76/><U66/><E66/><V109/><F13/><W114/><G114/><T22/><D134/><U40/><E40/><V67/><F42/><W12/><G12/><N who="0" m="9479" /><D115/><U11/><E10/><V48/><REACH who="2" step="1"/><F67/><REACH who="2" ten="225,245,260,260" step="2"/><W120/><G120/><T47/><D55/><U46/><E46/><V8/><F8/><W61/><G15/><T1/><D1/><U34/><E130/><V103/><F103/><W85/><G9/><T69/><D53/><U20/><E128/><V135/><F135/><W39/><G39/><T110/><D47/><U21/><E34/><V119/><F119/><W6/><G6/><T36/><D36/><U24/><E24/><V122/><F122/><W51/><G51/><T18/><D69/><U23/><E44/><RYUUKYOKU ba="0,1" sc="225,-15,245,-15,260,15,260,15" hai2="0,2,3,27,28,35,45,48,52,94,95,108,109" hai3="60,61,62,81,84,85,87,89,90,92" />
</Scene>
<Scene>
<INIT seed="2,1,1,3,5,54" ten="210,230,275,275" oya="2" hai0="11,0,128,83,107,95,12,6,106,60,52,57,98" hai1="65,68,93,23,78,17,21,81,64,58,40,96,37" hai2="85,31,70,25,130,101,33,114,38,119,118,94,67" hai3="18,35,15,42,111,110,82,30,124,19,97,92,76"/><V105/><F114/><W3/><G3/><T71/><D128/><U24/><E68/><V34/><F34/><W49/><G124/><T77/><D71/><U44/><E21/><V112/><F112/><W86/><G30/><T73/><REACH who="0" step="1"/><D0/><REACH who="0" ten="200,230,275,275" step="2"/><U4/><E4/><V50/><F130/><W59/><G111/><T131/><D131/><U102/><REACH who="1" step="1"/><E58/><REACH who="1" ten="200,220,275,275" step="2"/><V75/><F70/><W121/><G59/><T84/><D84/><AGARI ba="1,3" hai="17,23,24,37,40,44,64,65,78,81,84,93,96,102" machi="84" ten="30,3900,0" yaku="1,1,2,1,7,1,53,0" doraHai="54" doraHaiUra="66" who="1" fromWho="0" sc="200,-42,220,72,275,0,275,0" />
</Scene>
<Scene>
<INIT seed="3,0,0,3,1,132" ten="158,292,275,275" oya="3" hai0="20,34,131,102,101,50,90,91,100,27,129,66,112" hai1="36,17,85,52,84,19,16,63,96,88,0,1,40" hai2="127,11,56,128,122,39,124,87,114,118,126,30,4" hai3="83,77,23,54,28,108,82,115,120,68,89,58,22"/><W103/><G115/><T113/><D34/><U98/><E84/><V75/><F75/><W79/><G68/><T38/><D66/><U99/><E40/><V97/><F114/><N who="0" m="44138" /><D38/><U7/><E36/><V31/><F39/><W94/><G120/><T121/><D50/><U70/><E7/><V60/><F122/><W49/><G103/><T18/><D121/><U123/><E123/><V71/><F71/><W45/><G108/><T41/><D41/><U33/><E33/><V32/><F118/><W10/><G10/><T81/><D81/><N who="3" m="30729" /><G45/><T133/><D133/><U57/><REACH who="1" step="1"/><E70/><REACH who="1" ten="158,282,275,275" step="2"/><V13/><F87/><N who="3" m="52543" /><G28/><T73/><D73/><U69/><E69/><V35/><F97/><W21/><AGARI ba="0,1" hai="21,22,23,49,54,58,77,79" m="52543,30729" machi="21" ten="30,1500,0" yaku="8,1" doraHai="132" who="3" fromWho="3" sc="158,-5,282,-5,275,-5,275,25" />
</Scene>
<Scene>
<INIT seed="3,1,0,2,0,53" ten="153,277,270,300" oya="3" hai0="86,9,80,125,96,12,66,131,14,35,41,89,37" hai1="118,57,13,5,27,65,70,84,108,30,78,54,105" hai2="98,8,91,116,88,129,101,11,87,83,62,128,34" hai3="130,7,120,115,92,69,79,17,38,56,36,1,52"/><W107/><G115/><T43/><D35/><U63/><E105/><V25/><F116/><W15/><G69/><T6/><D131/><N who="2" m="50250" /><F91/><W22/><G130/><T58/><D125/><U114/><E114/><V51/><F51/><W0/><G107/><T18/><D37/><U19/><E5/><V134/><F134/><W113/><G120/><T48/><D96/><U106/><E106/><N who="2" m="63799" /><F62/><W123/><G123/><T49/><D49/><U132/><E132/><V135/><F135/><W64/><G64/><T39/><D39/><U82/><E118/><V111/><F111/><W47/><G79/><T67/><D66/><U4/><E108/><V46/><F46/><W127/><G113/><T94/><D80/><U40/><E40/><V112/><F112/><W99/><G127/><T50/><D50/><U117/><E117/><V97/><F97/><W73/><G73/><T21/><REACH who="0" step="1"/><D67/><REACH who="0" ten="143,277,270,300" step="2"/><U121/><E65/><V124/><F124/><W68/><G38/><T29/><D29/><AGARI ba="1,1" hai="8,11,25,29,34,83,87,88" m="63799,50250" machi="29" ten="30,2000,0" yaku="19,1,54,1" doraHai="53" who="2" fromWho="0" sc="143,-23,277,0,270,33,300,0" />
</Scene>
<Scene>
<INIT seed="4,0,0,1,3,80" ten="120,277,303,300" oya="0" hai0="41,37,21,91,76,10,119,33,97,103,127,61,50" hai1="36,52,60,123,73,13,3,77,55,27,47,69,128" hai2="74,111,48,83,126,116,107,72,18,62,84,32,106" hai3="31,105,134,129,92,57,63,14,24,46,8,96,109"/><T108/><D119/><U28/><E3/><V113/><F111/><W85/><G109/><T42/><D108/><U89/><E123/><V12/><F32/><W118/><G118/><T98/><D33/><U101/><E101/><V0/><F116/><W87/><G105/><T39/><D76/><U121/><E121/><V58/><F0/><W65/><G134/><T53/><D61/><U44/><E128/><V94/><F113/><W9/><G46/><T81/><D127/><U86/><E77/><V117/><F117/><W20/><G129/><T99/><D103/><U38/><E73/><V110/><F110/><W11/><G14/><T2/><D21/><U66/><E13/><V104/><F48/><W102/><AGARI ba="0,0" hai="8,9,11,20,24,31,57,63,65,85,87,92,96,102" machi="102" ten="30,12000,2" yaku="0,1,25,2,8,1,52,2" doraHai="80" who="3" fromWho="3" sc="120,-60,277,-30,303,-30,300,120" />
</Scene>
<Scene>
<INIT seed="5,0,0,2,5,32" ten="60,247,273,420" oya="1" hai0="78,59,106,16,9,93,80,41,85,50,87,128,121" hai1="55,27,66,83,40,53,84,24,90,119,67,42,38" hai2="89,36,20,11,103,91,72,130,71,102,123,98,34" hai3="7,31,96,114,101,5,125,92,131,68,82,47,8"/><U120/><E120/><V117/><F123/><W51/><G68/><T126/><D106/><U6/><E119/><V58/><F117/><W64/><G64/><N who="1" m="24618" /><E38/><V132/><F71/><W62/><G62/><T69/><D69/><U44/><E6/><V79/><F34/><W14/><G31/><T22/><D128/><U46/><E46/><V18/><F130/><W127/><G131/><T76/><D126/><N who="3" m="48137" /><G114/><T113/><D113/><U74/><E74/><V73/><F36/><W26/><G26/><N who="1" m="9770" /><E44/><V21/><F73/><W99/><G99/><T109/><D109/><U75/><E75/><V61/><F98/><W4/><G82/><T25/><D9/><U107/><E107/><V112/><F11/><W3/><G3/><T13/><D121/><U77/><E77/><V124/><F79/><W2/><G2/><T0/><D0/><U134/><E134/><V95/><F72/><W65/><G65/><T54/><D25/><U39/><E39/><V10/><F132/><W19/><G4/><T135/><D135/><U97/><E97/><V29/><F10/><W30/><G30/><T33/><D33/><U116/><E116/><V81/><F29/><W108/><G108/><T52/><D78/><U1/><E1/><V60/><F124/><W110/><G110/><T45/><REACH who="0" step="1"/><D59/><REACH who="0" ten="50,247,273,420" step="2"/><U35/><E35/><V86/><F58/><W48/><G47/><T17/><D17/><U133/><E133/><V37/><F18/><W115/><G115/><T129/><D129/><U12/><E12/><V94/><F112/><W56/><G56/><T111/><D111/><U122/><E122/><RYUUKYOKU ba="0,1" sc="50,10,247,10,273,-30,420,10" hai0="13,16,22,41,45,50,52,54,76,80,85,87,93" hai1="40,42,53,55,83,84,90" hai3="5,7,8,14,19,48,51,92,96,101" />
</Scene>
<Scene>
<INIT seed="5,1,1,2,1,59" ten="60,257,243,430" oya="1" hai0="72,114,130,118,126,55,105,63,127,80,100,2,75" hai1="74,67,4,133,41,47,58,92,77,13,101,103,10" hai2="128,70,111,112,38,116,28,57,76,61,83,71,124" hai3="69,73,44,81,54,120,12,33,15,56,115,123,23"/><U108/><E133/><V129/><F111/><W46/><G33/><T1/><D118/><U40/><E108/><V78/><F116/><W27/><G69/><T20/><D105/><U102/><E74/><V87/><F38/><W107/><G107/><T113/><D100/><U8/><E8/><V48/><F124/><N who="0" m="47658" /><D20/><U16/><E77/><V22/><F48/><W29/><G123/><T26/><D26/><U110/><E110/><V119/><F119/><W43/><G120/><T89/><D89/><U42/><E4/><V94/><F112/><N who="0" m="43114" /><D80/><U84/><E47/><N who="3" m="17962" /><G73/><N who="0" m="28235" /><D130/><N who="2" m="50282" /><F94/><W14/><G115/><T30/><D30/><U31/><E31/><V35/><F76/><W18/><G81/><T51/><D51/><U91/><E103/><V106/><F106/><W65/><G43/><T104/><D104/><U96/><E96/><V3/><F22/><N who="3" m="15607" /><G65/><T7/><D7/><U6/><E6/><V121/><F121/><W25/><G25/><T53/><D63/><AGARI ba="1,1" hai="10,13,16,40,41,42,58,63,67,84,91,92,101,102" machi="63" ten="40,7700,0" yaku="8,1,52,1,54,1" doraHai="59" who="1" fromWho="0" sc="60,-80,257,90,243,0,430,0" /><AGARI ba="1,0" hai="12,14,15,18,23,54,56,63" m="15607,17962" machi="63" ten="30,2000,0" yaku="8,1,52,1" doraHai="59" who="3" fromWho="0" sc="-20,-20,347,0,243,0,430,20" owari="-40,-54.0,347,15.0,243,-16.0,450,55.0" />
</Scene>
</mjloggm>