<mjloggm ver="2.3"><GO type="169" lobby="0"/><UN n0="%E3%81%A7%E3%81%93%E3%81%98" n1="%E9%8A%80%E9%81%8A%E7%A7%81%E4%BA%BA" n2="%E3%83%AC%E3%83%87%E3%82%B9%E3%83%9E" n3="%41%53%41%50%49%4E" dan="17,16,16,19" rate="2133.99,2038.94,2081.57,2311.53" sx="M,M,M,M"/><TAIKYOKU oya="0"/>

<Scene>
<INIT seed="0,0,0,3,0,6" ten="250,250,250,250" oya="0" hai0="101,90,44,77,40,17,30,57,131,24,108,114,55" hai1="5,45,116,96,31,103,64,62,71,60,8,18,23" hai2="112,73,4,82,126,102,98,117,15,13,38,14,104" hai3="0,43,66,58,70,34,76,133,56,106,61,25,109"/><T63/><D114/><U92/><E116/><V93/><F112/><W10/><G109/><T88/><D131/><U51/><E31/><V127/><F117/><W69/><G133/><T22/><D108/><U122/><E122/><V48/><F38/><W85/><G43/><T46/><D77/><U87/><E87/><V134/><F134/><W9/><G69/><T49/><D101/><U59/><E71/><V29/><F29/><N who="3" m="19759" /><G85/><T97/><D97/><U115/><E115/><V27/><F27/><W50/><G76/><T68/><D68/><U95/><E95/><V124/><F73/><W11/><G50/><T41/><REACH who="0" step="1"/><D30/><REACH who="0" ten="240,250,250,250" step="2"/><U129/><E129/><V94/><F102/><W32/><G70/><T52/><D52/><U42/><E64/><V132/><F98/><W37/><G66/><T16/><D16/><U86/><E86/><V110/><F132/><W47/><G106/><T119/><D119/><U130/><E130/><V80/><F104/><W91/><G91/><T2/><D2/><U120/><E120/><V81/><F110/><W135/><G0/><T28/><D28/><U111/><E111/><V83/><N who="2" m="20480" /><DORA hai="3" /><V113/><F113/><W19/><G19/><T20/><D20/><U99/><E99/><V78/><F78/><W35/><G135/><T12/><D12/><U100/><E100/><V54/><REACH who="2" step="1"/><F4/><REACH who="2" ten="240,250,240,250" step="2"/><W65/><G35/><T36/><AGARI ba="0,2" hai="17,22,24,36,40,41,44,46,49,55,57,63,88,90" machi="36" ten="20,18000,2" yaku="1,1,0,1,7,1,54,1,53,2" doraHai="6,3" doraHaiUra="84,79" who="0" fromWho="0" sc="240,200,250,-60,240,-60,250,-60" />
</Scene>
<Scene>
<INIT seed="0,1,0,0,2,21" ten="440,190,180,190" oya="0" hai0="105,47,60,94,12,46,130,44,50,132,67,97,39" hai1="57,89,70,72,26,27,32,58,68,30,131,122,65" hai2="104,87,6,28,2,24,120,33,43,124,84,48,31" hai3="107,49,82,76,115,134,79,112,25,10,78,13,4"/><T38/><D105/><U116/><E122/><V52/><F120/><W11/><G107/><T3/><D3/><U53/><E116/><V55/><F104/><W135/><G82/><T9/><D130/><U63/><E131/><V111/><F111/><W101/><G101/><T128/><D128/><U35/><E72/><V34/><F124/><W1/><G49/><T127/><D127/><U18/><E89/><V98/><F98/><W86/><G86/><T88/><D50/><U74/><E74/><V59/><F43/><W37/><G37/><T20/><D20/><U16/><E18/><V117/><F117/><W83/><G83/><T71/><REACH who="0" step="1"/><D132/><REACH who="0" ten="430,190,180,190" step="2"/><U0/><E0/><V62/><F2/><W56/><G135/><T42/><D42/><U66/><E35/><V45/><F6/><AGARI ba="1,1" hai="6,9,12,38,39,44,46,47,60,67,71,88,94,97" machi="6" ten="40,3900,0" yaku="1,1,54,1,53,0" doraHai="21" doraHaiUra="29" who="0" fromWho="2" sc="430,52,190,0,180,-42,190,0" />
</Scene>
<Scene>
<INIT seed="0,2,0,0,1,91" ten="482,190,138,190" oya="0" hai0="22,76,57,63,111,115,59,6,21,13,90,93,27" hai1="106,117,118,29,65,39,131,30,61,105,75,55,45" hai2="95,48,70,15,32,114,124,3,19,60,98,109,56" hai3="133,37,96,78,41,25,14,134,11,107,52,1,47"/><T94/><D115/><U130/><E75/><V2/><F114/><W102/><G1/><T108/><D76/><U112/><E112/><V104/><F104/><W36/><G36/><T84/><D94/><U72/><E72/><V128/><F109/><N who="0" m="42058" /><D27/><U46/><E39/><V103/><F128/><W116/><G116/><T113/><D113/><U80/><E80/><V49/><F32/><W99/><G78/><T97/><D97/><U23/><E105/><V0/><F70/><W81/><G81/><T5/><D59/><U43/><E106/><V54/><REACH who="2" step="1"/><F124/><REACH who="2" ten="482,190,128,190" step="2"/><W100/><G107/><T42/><D42/><U101/><E43/><V86/><F86/><W38/><G41/><T126/><D126/><U77/><E131/><V87/><F87/><W28/><G96/><T64/><D6/><U51/><E130/><V67/><F67/><W83/><G99/><T7/><D7/><U58/><E65/><V33/><F33/><W10/><G134/><T79/><D79/><U8/><E77/><V129/><F129/><W44/><G133/><T34/><D34/><U121/><E118/><V132/><F132/><W66/><G66/><T40/><D40/><U74/><E117/><V89/><F89/><W24/><G38/><T122/><D122/><U26/><E121/><V20/><AGARI ba="2,1" hai="0,2,3,15,19,20,48,49,54,56,60,95,98,103" machi="20" ten="30,4000,0" yaku="1,1,0,1,52,1,53,0" doraHai="91" doraHaiUra="73" who="2" fromWho="2" sc="482,-22,190,-12,128,56,190,-12" />
</Scene>
<Scene>
<INIT seed="1,0,0,4,5,43" ten="460,178,184,178" oya="1" hai0="39,50,45,110,121,21,96,89,69,68,17,119,77" hai1="107,86,28,63,49,59,101,7,124,22,42,64,34" hai2="16,114,23,20,18,1,40,84,97,36,51,32,132" hai3="94,8,93,10,100,58,24,67,41,109,44,131,27"/><U19/><E124/><V127/><F127/><W25/><G109/><T26/><D119/><U5/><E34/><V6/><F32/><W73/><G73/><T91/><D39/><U111/><E28/><V9/><F36/><W98/><G131/><T38/><D38/><U30/><E30/><V31/><F132/><W60/><REACH who="3" step="1"/><G94/><REACH who="3" ten="460,178,184,168" step="2"/><N who="0" m="56399" /><D110/><U78/><E111/><V70/><F114/><W11/><G11/><T55/><D121/><U66/><E66/><V99/><F9/><W29/><G29/><T13/><D69/><U120/><E120/><V104/><F31/><W57/><G57/><T85/><D68/><U74/><E74/><V106/><F70/><W4/><G4/><T105/><D105/><U33/><E5/><V80/><F6/><W95/><G95/><N who="0" m="54767" /><D77/><U92/><E78/><V133/><F106/><W82/><G82/><T122/><D122/><U126/><E107/><V52/><F80/><W48/><AGARI ba="0,1" hai="8,10,24,25,27,41,44,48,58,60,67,93,98,100" machi="48" ten="30,7900,0" yaku="1,1,0,1,8,1,52,1,53,0" doraHai="43" doraHaiUra="103" who="3" fromWho="3" sc="460,-20,178,-39,184,-20,168,89" />
</Scene>
<Scene>
<INIT seed="2,0,0,5,0,37" ten="440,139,164,257" oya="2" hai0="124,101,99,50,23,130,105,117,127,81,128,74,96" hai1="32,24,65,104,75,120,67,92,68,111,7,20,110" hai2="106,122,59,9,6,3,33,63,60,109,1,11,100" hai3="86,0,10,83,18,8,90,79,38,43,39,125,113"/><V21/><F33/><W55/><G125/><N who="0" m="48203" /><D23/><U22/><E104/><V133/><F122/><W103/><G113/><T84/><D50/><U35/><E120/><V36/><F133/><W126/><G126/><T116/><D74/><U64/><E75/><V118/><F118/><N who="0" m="45674" /><D99/><U52/><E68/><V69/><F69/><W85/><G38/><T102/><D102/><U57/><E7/><V87/><F36/><W5/><G103/><T97/><D97/><U76/><E76/><AGARI ba="0,0" hai="76,81,84,96,101,105,128,130" m="45674,48203" machi="76" ten="30,7700,0" yaku="18,1,12,1,34,2" doraHai="37" who="0" fromWho="1" sc="440,77,139,-77,164,0,257,0" />
</Scene>
<Scene>
<INIT seed="3,0,0,1,4,100" ten="517,62,164,257" oya="3" hai0="5,60,116,23,74,88,101,121,109,69,113,92,107" hai1="93,17,1,111,133,15,36,132,118,123,64,91,33" hai2="22,11,51,59,40,99,4,25,72,50,68,16,120" hai3="20,117,76,97,44,12,18,85,102,56,28,125,31"/><W57/><G117/><T81/><D116/><U135/><E118/><V128/><F68/><W103/><G125/><T114/><D121/><U71/><E111/><V115/><F115/><N who="0" m="44042" /><D109/><U53/><E123/><V7/><F128/><W48/><G102/><T82/><D5/><U122/><E122/><V9/><F72/><W112/><G112/><T30/><D74/><U14/><E1/><V55/><F120/><W43/><G57/><T45/><D45/><U13/><E36/><V41/><F99/><W126/><G126/><T80/><D23/><U130/><E33/><V67/><F67/><W77/><G56/><T65/><D30/><U106/><E130/><V46/><F40/><W66/><G66/><T119/><D119/><U75/><E75/><V27/><F27/><W19/><G19/><T47/><D47/><U62/><E53/><V3/><F3/><W84/><G84/><N who="0" m="52231" /><D101/><U34/><E34/><V104/><F7/><W78/><REACH who="3" step="1"/><G85/><REACH who="3" ten="517,62,164,247" step="2"/><T89/><D107/><AGARI ba="0,1" hai="12,18,20,28,31,43,44,48,76,77,78,97,103,107" machi="107" ten="40,12000,1" yaku="1,1,2,1,52,1,53,1" doraHai="100" doraHaiUra="38" who="3" fromWho="0" sc="517,-120,62,0,164,0,247,130" />
</Scene>
<Scene>
<INIT seed="3,1,0,3,0,36" ten="397,62,164,377" oya="3" hai0="23,2,41,101,63,92,126,48,116,58,49,113,112" hai1="119,27,96,127,81,120,75,74,42,5,68,50,47" hai2="14,100,78,35,39,8,117,114,30,18,97,76,12" hai3="65,79,69,111,7,70,37,80,43,124,83,24,4"/><W34/><G124/><T52/><D126/><U118/><E127/><V131/><F114/><N who="0" m="44138" /><D116/><N who="1" m="44587" /><E120/><V95/><F117/><W54/><G83/><T11/><D23/><U31/><E68/><V60/><F131/><W26/><G111/><T13/><D2/><U94/><E81/><V91/><F39/><W19/><G54/><T88/><D101/><N who="1" m="60567" /><E5/><V51/><F30/><W90/><G7/><N who="0" m="3327" /><D41/><U38/><E38/><V72/><F35/><AGARI ba="1,0" hai="27,31,35,42,47,50,74,75" m="60567,44587" machi="35" ten="30,2000,0" yaku="12,1,52,1" doraHai="36" who="1" fromWho="2" sc="397,0,62,23,164,-23,377,0" />
</Scene>
<Scene>
<INIT seed="4,0,0,5,0,72" ten="397,85,141,377" oya="0" hai0="6,10,125,36,86,78,69,79,12,106,55,34,95" hai1="131,39,59,84,114,97,23,108,14,75,124,41,112" hai2="9,89,65,38,63,93,31,135,8,33,11,4,54" hai3="82,24,28,120,128,88,77,103,1,87,73,133,83"/><T66/><D106/><U116/><E75/><V100/><F38/><W70/><G128/><T19/><D36/><U111/><E116/><V46/><F100/><W56/><G133/><T35/><D125/><U91/><E131/><V102/><F102/><W127/><G127/><T110/><D110/><U0/><E0/><V7/><F135/><W74/><G70/><T130/><D130/><U132/><E132/><V51/><F31/><W92/><G1/><T67/><D69/><U32/><E32/><V17/><F17/><W81/><G120/><T44/><D35/><U48/><E124/><V94/><F33/><W26/><G74/><T76/><D34/><U43/><E39/><V50/><F50/><W119/><G119/><T2/><D44/><U121/><E121/><V49/><F49/><W61/><G103/><T129/><D55/><U42/><E97/><V25/><F25/><N who="3" m="9835" /><G73/><T18/><D129/><U27/><E14/><V68/><REACH who="2" step="1"/><F94/><REACH who="2" ten="397,85,131,377" step="2"/><W45/><G28/><T134/><D134/><U47/><E111/><V3/><F3/><W99/><G45/><T64/><D2/><U109/><E109/><V5/><F5/><W20/><G20/><T122/><D122/><U16/><E108/><V85/><AGARI ba="0,1" hai="4,7,8,9,11,46,51,54,63,65,68,85,89,93" machi="85" ten="30,2000,0" yaku="1,1,0,1,53,0" doraHai="72" doraHaiUra="53" who="2" fromWho="2" sc="397,-10,85,-5,131,30,377,-5" />
</Scene>
<Scene>
<INIT seed="5,0,0,4,5,96" ten="387,80,161,372" oya="1" hai0="54,49,55,134,42,9,118,126,58,62,33,27,46" hai1="19,24,105,87,84,109,6,25,94,78,124,64,7" hai2="10,80,11,122,86,37,119,66,112,59,52,99,93" hai3="97,20,79,22,72,95,106,75,60,30,23,77,43"/><U14/><E105/><V103/><F119/><W12/><G106/><T115/><D118/><U85/><E124/><V34/><F122/><W107/><G107/><T135/><D126/><U51/><E109/><V68/><F37/><W18/><G43/><T2/><D115/><U56/><E78/><V89/><F34/><W53/><G72/><T113/><D113/><U65/><E94/><V70/><F112/><W21/><G75/><T57/><D2/><U40/><E40/><V108/><F108/><W45/><G30/><T16/><D33/><U8/><E51/><V130/><F130/><W47/><G47/><T63/><REACH who="0" step="1"/><D9/><REACH who="0" ten="377,80,161,372" step="2"/><U98/><E98/><V31/><F10/><W110/><G110/><T0/><D0/><U61/><REACH who="1" step="1"/><E65/><REACH who="1" ten="377,70,161,372" step="2"/><V71/><F66/><W128/><G97/><T50/><D50/><U120/><E120/><V123/><F99/><W41/><G128/><T67/><D67/><U15/><E15/><V3/><F123/><W104/><G12/><T74/><D74/><U121/><E121/><V91/><F3/><W38/><G104/><T73/><D73/><U26/><AGARI ba="0,2" hai="6,7,8,14,19,24,25,26,56,61,64,84,85,87" machi="26" ten="30,6000,0" yaku="1,1,0,1,8,1,53,0" doraHai="96" doraHaiUra="127" who="1" fromWho="1" sc="377,-20,70,80,161,-20,372,-20" />
</Scene>
<Scene>
<INIT seed="5,1,0,2,5,74" ten="357,150,141,352" oya="1" hai0="29,134,43,84,91,90,114,52,59,106,100,45,5" hai1="111,17,57,13,125,35,116,38,93,47,63,37,31" hai2="126,123,121,14,19,103,8,48,56,33,32,79,132" hai3="23,119,124,12,20,58,16,101,15,72,49,55,22"/><U9/><E116/><V128/><F103/><W39/><G39/><T97/><D114/><U46/><E125/><V80/><F126/><W117/><G124/><T44/><D134/><U94/><E111/><V113/><F132/><W1/><G1/><T86/><D29/><U92/><E35/><V53/><F128/><W96/><G72/><T54/><D5/><U107/><E107/><V78/><F113/><W88/><G88/><T50/><D90/><U110/><E31/><V30/><F80/><W127/><G127/><T2/><D2/><U25/><E25/><V62/><F30/><W60/><G60/><T21/><D21/><U18/><E18/><V40/><F33/><W81/><G81/><T105/><D105/><U98/><E98/><V34/><F34/><W120/><G120/><T61/><REACH who="0" step="1"/><D91/><REACH who="0" ten="347,150,141,352" step="2"/><U130/><E110/><V99/><F32/><W95/><REACH who="3" step="1"/><G15/><REACH who="3" ten="347,150,141,342" step="2"/><T7/><D7/><U82/><E130/><V36/><F123/><W70/><G70/><T122/><D122/><U4/><E13/><V104/><F14/><W64/><G64/><T10/><D10/><AGARI ba="1,2" hai="10,12,16,20,22,23,49,55,58,95,96,101,117,119" machi="10" ten="40,2600,0" yaku="1,1,54,1,53,0" doraHai="74" doraHaiUra="28" who="3" fromWho="0" sc="347,-29,150,0,141,0,342,49" />
</Scene>
<Scene>
<INIT seed="6,0,0,1,3,61" ten="318,150,141,391" oya="2" hai0="104,44,20,50,63,32,124,12,91,38,116,23,2" hai1="130,88,59,121,43,34,69,36,110,45,86,74,15" hai2="84,103,0,127,28,126,111,4,47,107,87,101,109" hai3="97,3,51,42,16,122,25,5,73,94,134,70,18"/><V57/><F28/><W117/><G122/><T90/><D32/><U10/><E69/><V49/><F57/><W55/><G117/><T65/><D2/><U118/><E74/><V106/><F4/><W14/><G73/><T17/><D104/><N who="2" m="39978" /><F0/><W7/><G134/><T133/><D133/><U40/><E118/><V108/><F49/><W100/><G70/><T92/><D116/><U128/><E110/><V58/><F58/><N who="3" m="33151" /><G42/><T35/><D35/><U115/><E121/><V27/><F27/><W123/><G3/><T95/><D38/><U56/><E34/><V98/><F47/><W13/><G25/><T79/><D124/><N who="2" m="47658" /><F98/><W52/><G52/><N who="0" m="29767" /><D23/><U37/><E43/><V39/><F39/><W29/><G29/><T105/><D105/><U102/><E36/><V64/><F64/><W48/><G48/><T31/><D31/><U80/><E37/><V21/><F21/><N who="3" m="11407" /><G123/><T119/><D119/><U67/><E67/><V83/><F84/><W1/><G1/><T8/><D20/><AGARI ba="0,0" hai="5,7,14,18,20,94,97,100" m="11407,33151" machi="20" ten="30,2000,0" yaku="8,1,54,1" doraHai="61" who="3" fromWho="0" sc="318,-20,150,0,141,0,391,20" />
</Scene>
<Scene>
<INIT seed="7,0,0,3,5,112" ten="298,150,141,411" oya="3" hai0="106,12,100,1,90,124,67,128,61,60,49,20,98" hai1="87,27,70,53,14,92,105,29,129,34,47,3,93" hai2="97,118,96,109,123,69,91,50,56,85,28,66,110" hai3="119,2,22,99,130,78,104,44,111,116,102,103,65"/><W75/><G2/><T8/><D124/><U89/><E3/><V82/><F118/><W80/><G130/><T0/><D128/><U30/><E129/><V113/><F113/><W4/><G4/><T81/><D20/><U17/><E105/><V107/><F123/><W9/><G9/><T43/><D60/><U121/><E121/><V51/><F28/><W38/><G111/><T42/><D90/><U13/><E70/><V15/><F69/><W74/><G65/><T120/><D81/><N who="1" m="49391" /><E34/><V117/><F117/><W101/><G22/><T77/><D77/><U24/><E53/><V39/><F39/><W21/><G21/><T114/><D114/><U19/><E47/><V31/><F31/><N who="1" m="11785" /><E92/><V59/><F110/><W33/><G33/><T10/><D120/><U48/><E93/><V46/><F109/><W23/><G23/><T45/><D43/><U57/><E48/><N who="2" m="18475" /><F46/><W62/><G62/><T68/><D10/><N who="1" m="6327" /><E57/><N who="2" m="22091" /><F107/><W88/><G78/><T16/><REACH who="0" step="1"/><D8/><AGARI ba="0,0" hai="8,14,19,24,27" m="6327,11785,49391" machi="8" ten="30,1000,0" yaku="8,1" doraHai="112" who="1" fromWho="0" sc="298,-10,150,10,141,0,411,0" owari="288,9.0,160,-24.0,141,-36.0,411,51.0" />
</Scene>
</mjloggm>