<mjloggm ver="2.3"><GO type="169" lobby="0"/><UN n0="%E5%A0%80%E3%82%B9%E3%82%B9%E3%83%A0" n1="%41%53%41%50%49%4E" n2="%E3%81%A7%E3%81%93%E3%81%98" n3="%E5%B8%B8%E7%A3%90%E7%B7%9A%E7%89%B9%E5%88%A5%E5%BF%AB%E9%80%9F" dan="16,19,17,17" rate="2102.27,2315.27,2124.61,2101.56" sx="M,M,M,M"/><TAIKYOKU oya="0"/>

<Scene>
<INIT seed="0,0,0,5,1,119" ten="250,250,250,250" oya="0" hai0="103,60,104,89,105,99,90,36,15,65,120,126,55" hai1="67,18,14,82,115,134,59,130,116,70,38,34,129" hai2="50,32,118,23,112,125,11,102,29,64,16,88,76" hai3="1,75,84,49,92,12,46,80,79,135,20,124,53"/><T127/><D36/><U106/><E116/><V74/><F118/><W40/><G135/><T41/><D41/><U43/><E34/><V122/><F122/><W85/><G124/><N who="0" m="47659" /><D120/><U0/><E0/><V72/><F125/><W28/><G1/><T109/><D109/><U62/><E106/><V9/><F112/><W117/><G117/><T52/><D104/><U97/><E134/><V31/><F102/><W93/><G75/><T121/><D15/><U48/><E115/><V108/><F108/><W123/><G123/><T114/><D121/><U78/><E97/><V33/><F64/><W66/><G66/><T58/><D114/><U128/><E38/><V22/><F50/><W25/><G12/><T6/><D6/><U107/><E107/><V133/><F133/><W8/><G8/><T7/><D7/><U113/><E113/><V98/><F98/><W3/><G3/><T86/><D90/><U57/><E48/><V56/><F88/><W101/><G101/><T17/><D17/><U35/><E35/><V37/><F37/><W83/><REACH who="3" step="1"/><G40/><REACH who="3" ten="250,250,250,240" step="2"/><T96/><D96/><U26/><E43/><V71/><F11/><W77/><AGARI ba="0,1" hai="20,25,28,46,49,53,77,79,80,83,84,85,92,93" machi="77" ten="20,12000,2" yaku="1,1,2,1,0,1,7,1,9,1,8,1,53,1" doraHai="119" doraHaiUra="47" who="3" fromWho="3" sc="250,-60,250,-30,250,-30,240,130" />
</Scene>
<Scene>
<INIT seed="1,0,0,2,5,79" ten="190,220,220,370" oya="1" hai0="62,81,26,123,10,74,67,129,114,101,124,76,91" hai1="4,132,16,15,6,48,28,119,8,113,109,5,134" hai2="37,126,90,57,116,131,61,88,86,112,92,63,7" hai3="89,106,41,12,35,77,82,25,55,127,122,60,36"/><U75/><E75/><V51/><F116/><W39/><G106/><T93/><D114/><U34/><E48/><V66/><F37/><W40/><G122/><T103/><D123/><U14/><E119/><V84/><F112/><W135/><G135/><N who="1" m="51754" /><E113/><V94/><F126/><W133/><G127/><T117/><D124/><U22/><E109/><V125/><F125/><W53/><G89/><T50/><D117/><U64/><E64/><V38/><F38/><W23/><G35/><T99/><D129/><U72/><E72/><V85/><F131/><W49/><G12/><T65/><D26/><AGARI ba="0,0" hai="4,5,6,8,14,15,16,22,26,28,34" m="51754" machi="26" ten="30,11600,0" yaku="20,1,34,2,54,1" doraHai="79" who="1" fromWho="0" sc="190,-116,220,116,220,0,370,0" />
</Scene>
<Scene>
<INIT seed="1,1,0,4,5,118" ten="74,336,220,370" oya="1" hai0="13,88,84,70,86,10,38,99,6,56,36,103,0" hai1="16,101,106,45,76,72,129,14,37,65,40,63,54" hai2="116,60,8,105,21,113,24,48,135,71,61,25,33" hai3="125,110,57,52,64,83,42,133,130,131,96,121,93"/><U4/><E129/><N who="3" m="49162" /><G110/><T58/><D70/><U35/><E35/><V41/><F105/><W43/><G64/><T109/><D109/><U51/><E4/><V31/><F116/><W19/><G125/><T77/><D0/><U82/><E106/><V55/><F135/><W115/><G115/><T59/><D77/><U30/><E30/><V108/><F108/><W80/><G19/><T87/><REACH who="0" step="1"/><D88/><REACH who="0" ten="64,336,220,370" step="2"/><U102/><E101/><V5/><F71/><W114/><G114/><T27/><D27/><U15/><E102/><V73/><F113/><W62/><G133/><T98/><D98/><U69/><REACH who="1" step="1"/><E16/><REACH who="1" ten="64,326,220,370" step="2"/><V49/><F25/><W90/><G90/><T9/><D9/><U112/><E112/><V128/><F24/><W107/><G107/><AGARI ba="1,2" hai="6,10,13,36,38,56,58,59,84,86,87,99,103,107" machi="107" ten="40,1300,0" yaku="1,1,53,0" doraHai="118" doraHaiUra="47" who="0" fromWho="3" sc="64,36,326,0,220,0,370,-16" />
</Scene>
<Scene>
<INIT seed="2,0,0,3,0,99" ten="100,326,220,354" oya="2" hai0="124,109,81,48,32,50,118,89,88,35,24,131,34" hai1="70,78,53,116,17,114,83,120,97,122,9,126,37" hai2="52,127,107,86,31,105,61,111,27,96,66,125,98" hai3="117,20,5,79,16,113,93,36,28,74,57,23,22"/><V101/><F111/><W30/><G36/><T69/><D109/><U40/><E114/><V112/><F112/><W10/><G113/><T6/><D69/><U55/><E116/><V60/><F86/><W100/><G117/><T132/><D118/><U62/><E126/><N who="2" m="48139" /><F66/><W54/><G79/><T33/><D124/><U133/><E133/><V21/><F52/><W104/><G104/><T19/><D132/><U1/><E55/><V15/><F15/><N who="3" m="7287" /><G5/><T108/><D108/><U119/><E53/><V130/><F130/><W65/><G65/><T91/><D6/><U13/><E119/><V87/><F87/><W106/><G106/><T18/><N who="0" m="8192" /><DORA hai="0" /><T45/><D131/><U25/><E13/><V14/><F14/><W95/><G74/><T134/><D134/><U63/><E1/><V42/><F42/><W115/><G115/><T38/><D38/><U103/><E40/><V56/><F56/><W123/><G93/><T135/><D135/><U75/><E37/><V7/><F7/><W8/><G123/><T73/><D73/><U4/><E122/><V85/><F85/><W59/><G59/><T67/><D67/><U82/><E120/><V47/><F47/><W43/><G43/><T80/><D45/><U110/><E110/><V76/><F76/><W71/><G57/><T2/><D2/><N who="1" m="151" /><E78/><V129/><F129/><W121/><G54/><T11/><D24/><U39/><E75/><V3/><F3/><W58/><G58/><T77/><D77/><U26/><E39/><V46/><F46/><W41/><G41/><T12/><D19/><U51/><E17/><RYUUKYOKU ba="0,0" sc="100,15,326,-15,220,15,354,-15" hai0="11,12,18,48,50,80,81,88,89,91" hai2="21,27,31,60,61,96,98,101,105,107" />
</Scene>
<Scene>
<INIT seed="2,1,0,4,0,91" ten="115,311,235,339" oya="2" hai0="84,8,14,62,94,76,66,0,87,78,32,52,128" hai1="29,80,53,88,71,16,130,106,129,49,20,102,4" hai2="31,68,120,10,60,36,46,25,70,116,107,109,92" hai3="82,65,64,89,74,69,86,73,122,103,34,19,18"/><V38/><F116/><W114/><G122/><T79/><D0/><U6/><E71/><V125/><F120/><W99/><G34/><T93/><D32/><U47/><E29/><V27/><F107/><W98/><G98/><T42/><D128/><N who="1" m="49259" /><E102/><V104/><F104/><W96/><G96/><T118/><D42/><U30/><E30/><V77/><F77/><W44/><G114/><T90/><D118/><U124/><E124/><V17/><F125/><W81/><G44/><T115/><D115/><U26/><E106/><V2/><F109/><W39/><G39/><T15/><D66/><U113/><E113/><V40/><F38/><W35/><G35/><T48/><D62/><U61/><E61/><V132/><F132/><W23/><G18/><T37/><D37/><U55/><E55/><V100/><F60/><W54/><G54/><T45/><D8/><U59/><E47/><V85/><F27/><W56/><G69/><T3/><D3/><U21/><E21/><V11/><F11/><W112/><G23/><T101/><D101/><U41/><E41/><V5/><F17/><W22/><G22/><T123/><D123/><U72/><E72/><V127/><F127/><W135/><G19/><T108/><D108/><U57/><E57/><V33/><REACH who="2" step="1"/><F100/><REACH who="2" ten="115,311,225,339" step="2"/><W24/><G103/><T95/><REACH who="0" step="1"/><D87/><AGARI ba="1,1" hai="4,6,16,20,26,49,53,59,80,87,88" m="49259" machi="87" ten="30,3900,0" yaku="19,1,54,2" doraHai="91" who="1" fromWho="0" sc="115,-42,311,52,225,0,339,0" />
</Scene>
<Scene>
<INIT seed="3,0,0,4,2,119" ten="73,363,225,339" oya="3" hai0="120,75,45,35,89,38,85,130,121,34,44,62,101" hai1="117,112,87,8,91,69,61,92,50,82,127,25,84" hai2="95,67,99,100,106,30,93,47,0,73,125,40,133" hai3="21,77,37,86,128,29,12,107,9,131,71,110,105"/><W6/><G71/><T17/><D75/><U114/><E117/><V13/><F0/><W68/><G68/><T116/><D116/><U24/><E127/><V43/><F73/><W39/><G110/><T66/><D130/><N who="3" m="49705" /><G77/><T135/><D101/><U14/><E112/><V83/><F125/><W3/><G86/><T118/><D118/><U102/><E114/><V115/><F115/><W63/><G63/><T41/><D45/><U79/><E102/><V132/><F67/><W49/><G49/><T70/><D135/><N who="2" m="51786" /><F30/><W22/><G22/><T20/><D34/><U54/><E61/><V1/><F1/><W134/><G134/><T27/><REACH who="0" step="1"/><D35/><REACH who="0" ten="63,363,225,339" step="2"/><U16/><E69/><V104/><F47/><AGARI ba="0,1" hai="8,14,16,24,25,47,50,54,79,82,84,87,91,92" machi="47" ten="30,3900,0" yaku="7,1,8,1,54,1" doraHai="119" who="1" fromWho="2" sc="63,0,363,49,225,-39,339,0" />
</Scene>
<Scene>
<INIT seed="4,0,0,2,3,132" ten="63,412,186,339" oya="0" hai0="52,43,124,23,109,96,47,50,78,5,100,66,31" hai1="69,121,54,49,16,79,63,99,74,80,81,90,95" hai2="92,117,25,27,20,45,17,55,56,129,37,89,18" hai3="29,3,127,40,39,123,64,68,12,57,60,4,106"/><T48/><D78/><U14/><E121/><V32/><F129/><W1/><G106/><T9/><D124/><U84/><E63/><V134/><F134/><W112/><G112/><T8/><D109/><U35/><E35/><V30/><F117/><W34/><G123/><T77/><D77/><U130/><E130/><V58/><F18/><W51/><G34/><T65/><D23/><U126/><E126/><V41/><REACH who="2" step="1"/><F55/><REACH who="2" ten="63,412,176,339" step="2"/><N who="3" m="31999" /><G127/><T53/><D31/><U131/><E16/><V2/><F2/><W15/><G29/><T101/><D43/><U38/><E54/><V70/><F70/><W24/><G1/><T115/><D115/><U110/><E69/><V71/><F71/><W46/><G24/><T111/><D111/><U59/><E131/><V104/><F104/><W73/><G3/><T13/><D9/><U133/><E133/><V7/><F7/><W120/><G4/><T82/><D5/><U122/><E110/><V26/><F26/><W114/><G114/><T116/><D116/><U76/><E122/><V75/><F75/><W44/><G73/><T11/><D53/><U125/><E74/><V118/><F118/><W93/><G120/><T0/><D0/><U102/><E125/><V42/><F42/><W119/><G119/><T103/><D52/><U85/><E14/><V6/><F6/><W97/><G46/><T33/><D65/><U91/><E59/><V21/><F21/><W62/><G44/><T67/><D67/><U98/><E38/><V61/><F61/><W107/><G62/><T19/><D47/><U83/><E49/><V113/><F113/><RYUUKYOKU ba="0,1" sc="63,-10,412,-10,176,30,339,-10" hai2="17,20,25,27,30,32,37,41,45,56,58,89,92" />
</Scene>
<Scene>
<INIT seed="5,1,1,2,2,16" ten="53,402,206,329" oya="1" hai0="12,125,31,95,8,1,64,6,103,99,75,18,51" hai1="68,60,134,82,13,120,36,88,121,100,79,54,7" hai2="62,84,76,45,101,112,131,66,108,77,92,3,27" hai3="105,38,22,14,83,104,93,81,72,118,15,107,109"/><U73/><E36/><V35/><F108/><W44/><G109/><T61/><D125/><U111/><E111/><V32/><F3/><W116/><G93/><T89/><D75/><U119/><E119/><N who="3" m="45610" /><G72/><T5/><D5/><U26/><E134/><V24/><F131/><W123/><G123/><T57/><D31/><U85/><E100/><V41/><F112/><W110/><G110/><T133/><D133/><U122/><E26/><V113/><F113/><W96/><G96/><T46/><D103/><U86/><E73/><V40/><F101/><W126/><G126/><T48/><REACH who="0" step="1"/><D46/><REACH who="0" ten="43,402,206,329" step="2"/><U30/><E30/><N who="2" m="19527" /><F45/><W25/><G44/><T34/><D34/><U29/><E29/><V2/><F35/><W23/><G38/><T94/><D94/><U69/><E120/><V127/><F92/><W53/><G104/><T43/><D43/><U4/><E121/><V50/><F41/><W132/><G105/><T52/><D52/><U17/><E54/><V71/><F40/><W37/><G53/><T70/><D70/><U117/><E69/><V129/><F127/><W114/><G37/><T67/><D67/><U106/><E106/><V9/><F71/><W42/><G42/><T49/><D49/><U39/><E39/><V80/><F50/><W33/><G107/><T20/><AGARI ba="1,2" hai="1,6,8,12,18,20,48,51,57,61,64,89,95,99" machi="20" ten="20,5200,0" yaku="1,1,0,1,7,1,52,1,53,0" doraHai="16" doraHaiUra="74" who="0" fromWho="0" sc="43,75,402,-27,206,-14,329,-14" />
</Scene>
<Scene>
<INIT seed="6,0,0,5,0,37" ten="118,375,192,315" oya="2" hai0="61,102,76,131,103,134,1,62,104,86,96,98,92" hai1="58,74,119,45,132,115,10,49,20,30,64,7,42" hai2="129,28,126,99,5,41,8,4,97,93,19,59,26" hai3="9,83,79,127,60,40,56,6,121,67,89,70,46"/><V23/><F126/><W75/><G127/><T52/><D1/><U116/><E74/><V110/><F129/><W105/><G89/><T130/><D134/><U63/><E115/><V2/><F110/><W51/><G105/><T77/><D62/><U34/><E34/><V17/><F5/><W90/><G90/><T43/><D43/><U24/><REACH who="1" step="1"/><E132/><REACH who="1" ten="118,365,192,315" step="2"/><V100/><F97/><W55/><G121/><T78/><REACH who="0" step="1"/><D86/><REACH who="0" ten="108,365,192,315" step="2"/><U11/><E11/><V106/><F41/><W16/><G9/><T125/><D125/><U25/><E25/><V109/><F109/><W65/><G40/><T101/><D101/><U21/><E21/><V31/><F23/><W82/><G75/><T38/><D38/><U73/><E73/><V122/><F122/><W87/><G87/><T69/><D69/><U123/><E123/><V118/><F26/><W107/><G70/><T112/><D112/><U111/><E111/><V27/><F27/><W81/><G79/><T84/><D84/><U32/><E32/><V113/><F113/><W80/><G80/><T135/><D135/><U29/><E29/><V57/><F31/><W33/><G81/><T50/><D50/><U72/><E72/><V54/><F28/><W120/><G82/><T36/><D36/><U13/><AGARI ba="0,2" hai="7,10,13,20,24,30,42,45,49,58,63,64,116,119" machi="13" ten="20,8000,1" yaku="1,1,0,1,7,1,52,1,53,1" doraHai="37" doraHaiUra="47" who="1" fromWho="1" sc="108,-20,365,100,192,-40,315,-20" />
</Scene>
<Scene>
<INIT seed="7,0,0,3,0,71" ten="88,465,152,295" oya="3" hai0="43,105,116,100,22,80,92,97,117,123,125,21,51" hai1="91,89,104,128,25,133,30,62,90,38,36,34,99" hai2="107,45,121,135,1,129,7,120,82,126,48,53,70" hai3="93,101,84,56,33,109,81,0,77,9,103,114,6"/><W15/><G33/><T23/><D123/><N who="2" m="47178" /><F70/><W8/><G114/><T69/><D69/><U35/><E35/><V75/><F107/><W130/><G130/><T111/><D111/><U57/><E128/><V95/><F129/><W41/><G109/><T94/><D125/><U49/><E133/><V76/><F126/><W27/><G27/><T102/><D80/><U46/><E99/><V78/><F135/><W64/><G93/><T112/><D112/><U96/><E96/><V31/><F31/><W131/><G131/><T60/><D60/><U72/><E72/><V73/><F95/><W88/><G77/><N who="2" m="29801" /><F82/><W26/><G26/><T63/><D63/><U119/><E49/><V28/><F28/><W58/><G64/><T87/><D102/><U83/><E57/><V44/><F44/><W59/><REACH who="3" step="1"/><G41/><REACH who="3" ten="88,465,152,285" step="2"/><T16/><D43/><U42/><E25/><V132/><F132/><W14/><G14/><T12/><D12/><U79/><E42/><V134/><F134/><W18/><AGARI ba="0,1" hai="0,6,8,9,15,18,56,58,59,81,84,88,101,103" machi="18" ten="30,11700,0" yaku="1,1,0,1,54,1,53,1" doraHai="71" doraHaiUra="85" who="3" fromWho="3" sc="88,-39,465,-39,152,-39,285,127" />
</Scene>
<Scene>
<INIT seed="7,1,0,2,4,49" ten="49,426,113,412" oya="3" hai0="99,4,62,45,43,61,6,90,0,105,83,98,46" hai1="54,19,18,67,12,76,24,118,17,30,68,25,122" hai2="124,47,56,36,113,109,121,128,35,134,70,103,130" hai3="75,120,112,94,78,87,42,126,26,82,106,100,116"/><W119/><G42/><T29/><D29/><U69/><E122/><V3/><F56/><W115/><G120/><T48/><D105/><U92/><E118/><N who="3" m="45098" /><G126/><T38/><D0/><U63/><E68/><V31/><F103/><W104/><G26/><T73/><D73/><U71/><E71/><V81/><F81/><W131/><G131/><T28/><D28/><U80/><E92/><V50/><F50/><W101/><G101/><T10/><D10/><U7/><E54/><V58/><F58/><W97/><G75/><T60/><D38/><U8/><REACH who="1" step="1"/><E30/><REACH who="1" ten="49,416,113,412" step="2"/><V5/><F31/><W84/><G84/><AGARI ba="1,1" hai="7,8,12,17,18,19,24,25,63,67,69,76,80,84" machi="84" ten="40,5200,0" yaku="1,1,2,1,53,1" doraHai="49" doraHaiUra="77" who="1" fromWho="3" sc="49,0,416,65,113,0,412,-55" owari="49,-45.0,481,58.0,113,-29.0,357,16.0" />
</Scene>
</mjloggm>