<mjloggm ver="2.3"><GO type="169"/><UN n0="%6E%69%6A%69" n1="%41%53%41%50%49%4E" n2="%E3%81%98%E3%82%83%E3%81%8C%E3%81%84%E3%82%82%E5%89%A3%E5%A3%AB" n3="%E8%85%B9%E6%B8%9B%E3%81%A3%E3%81%9F%E3%81%8A" dan="17,18,16,16" rate="2072,2228,2053,2090" sx="M,M,M,M"/><TAIKYOKU oya="0"/>

<Scene>
<INIT seed="0,0,0,3,4,102" ten="250,250,250,250" oya="0" hai0="39,44,86,27,61,87,110,100,1,33,28,120,114" hai1="74,14,91,37,88,9,72,50,47,95,97,103,4" hai2="105,58,98,119,25,0,118,63,90,53,79,43,5" hai3="106,48,117,29,78,26,116,62,71,69,68,51,57"/><T73/><D73/><U134/><E37/><V131/><F79/><W127/><G78/><T12/><D1/><U113/><E134/><V18/><F131/><W121/><G121/><T65/><D120/><U135/><E135/><V45/><F5/><W59/><G106/><T21/><D114/><U101/><E113/><V67/><F0/><W124/><G26/><T60/><D60/><U49/><E49/><N who="3" m="19018" /><G29/><T42/><D110/><U125/><E125/><N who="3" m="48202" /><G62/><T80/><D100/><U19/><E101/><V13/><F25/><W83/><G83/><T66/><D80/><U22/><E74/><V75/><F75/><W109/><G109/><T82/><D82/><U111/><E72/><V108/><F90/><W64/><G64/><T115/><D65/><U7/><E111/><V6/><F6/><W35/><G35/><T24/><D115/><U32/><E32/><V23/><F67/><W104/><G104/><T77/><D77/><U70/><E4/><V92/><F105/><W122/><G122/><T123/><D123/><U99/><E99/><V94/><F108/><W30/><G30/><T107/><D107/><U54/><REACH who="1" step="1"/><E70/><REACH who="1" ten="250,240,250,250" step="2"/><V46/><F98/><W85/><G85/><T40/><D87/><U2/><AGARI ba="0,1" hai="2,7,9,14,19,22,47,50,54,88,91,95,97,103" machi="2" ten="20,8000,1" yaku="1,1,2,1,0,1,7,1,54,1,53,0" doraHai="102" doraHaiUra="133" who="1" fromWho="1" sc="250,-40,240,90,250,-20,250,-20" />
</Scene>
<Scene>
<INIT seed="1,0,0,3,0,57" ten="210,330,230,230" oya="1" hai0="101,16,14,108,6,132,56,95,10,7,89,103,66" hai1="107,62,33,29,28,23,86,106,17,120,43,96,39" hai2="67,24,22,35,80,87,26,21,128,19,0,84,49" hai3="125,50,36,65,91,5,47,27,121,92,1,11,99"/><U115/><E120/><V58/><F128/><W55/><G125/><T51/><D132/><U9/><E115/><V13/><F0/><W48/><G121/><T20/><D108/><U93/><E9/><V117/><F117/><W116/><G116/><T74/><D74/><U69/><E86/><V31/><F80/><W61/><G27/><T111/><D111/><U64/><E43/><V119/><F119/><W94/><G94/><T52/><D66/><U53/><E39/><V118/><F118/><W104/><G104/><T70/><D70/><U68/><E68/><V134/><F134/><W3/><G36/><T102/><D10/><U42/><E42/><V135/><F135/><W110/><G110/><T60/><D51/><U46/><E53/><V30/><F49/><W83/><G83/><T63/><D60/><U112/><E46/><V124/><F124/><W45/><G50/><T12/><D14/><U32/><E112/><V79/><F79/><W59/><REACH who="3" step="1"/><G1/><REACH who="3" ten="210,330,230,220" step="2"/><T109/><REACH who="0" step="1"/><D109/><REACH who="0" ten="200,330,230,220" step="2"/><U15/><E106/><V54/><F26/><W44/><AGARI ba="0,2" hai="3,5,11,44,45,47,48,55,59,61,65,91,92,99" machi="44" ten="20,8000,1" yaku="1,1,2,1,0,1,7,1,52,1,53,0" doraHai="57" doraHaiUra="72" who="3" fromWho="3" sc="200,-20,330,-40,230,-20,220,100" />
</Scene>
<Scene>
<INIT seed="2,0,0,3,3,65" ten="180,290,210,320" oya="2" hai0="71,103,109,53,91,75,18,111,112,87,92,110,43" hai1="7,114,130,22,21,33,99,96,105,124,74,94,76" hai2="2,32,27,31,60,116,3,14,115,104,6,63,82" hai3="117,48,28,39,90,13,121,134,35,81,16,38,24"/><V70/><F115/><W55/><G117/><T72/><D112/><U12/><E114/><V85/><F116/><W108/><G121/><T120/><D120/><U98/><E33/><V66/><F104/><W5/><G5/><T44/><D103/><U122/><E122/><V29/><F29/><W129/><G108/><T119/><D119/><U36/><E36/><V62/><F14/><W118/><G118/><T37/><D53/><U56/><E130/><V97/><F97/><W125/><G129/><T9/><D9/><U20/><E124/><V50/><F50/><W101/><G101/><T77/><D18/><U34/><E34/><V127/><F127/><W23/><G134/><T26/><D26/><U57/><E105/><V128/><F128/><W133/><G133/><T51/><D37/><U64/><E76/><V107/><F107/><W42/><G42/><T11/><D11/><N who="1" m="4223" /><E74/><N who="0" m="28201" /><D77/><U86/><E64/><V84/><F84/><W106/><G106/><T78/><D78/><U73/><E73/><V123/><F123/><W68/><G125/><T95/><D95/><U40/><E40/><V8/><REACH who="2" step="1"/><F2/><REACH who="2" ten="180,290,200,320" step="2"/><W89/><G39/><T79/><D79/><AGARI ba="0,1" hai="3,6,8,27,31,32,60,62,63,66,70,79,82,85" machi="79" ten="30,11600,0" yaku="1,1,2,1,7,1,52,1,53,0" doraHai="65" doraHaiUra="126" who="2" fromWho="0" sc="180,-116,290,0,200,126,320,0" />
</Scene>
<Scene>
<INIT seed="2,1,0,5,0,20" ten="64,290,326,320" oya="2" hai0="79,98,30,16,117,126,48,135,43,72,74,70,5" hai1="104,130,88,33,92,83,13,129,54,28,15,112,107" hai2="53,62,64,2,61,99,65,84,23,58,50,9,24" hai3="57,51,69,125,59,31,78,26,85,34,35,49,4"/><V76/><F2/><W110/><G69/><T41/><D70/><U21/><E112/><V133/><F133/><W111/><G125/><T38/><D135/><U120/><E33/><V116/><F116/><W114/><G4/><T39/><D126/><U42/><E120/><V10/><F99/><W37/><G37/><T63/><D117/><U123/><E123/><V103/><F103/><W73/><G73/><T131/><D131/><N who="1" m="50187" /><E83/><V40/><F40/><W97/><G97/><T44/><D63/><U36/><E54/><V118/><F118/><W113/><G85/><T22/><D30/><U47/><E15/><V67/><F76/><W45/><G78/><T134/><D134/><U29/><E13/><V122/><F122/><W119/><G119/><T105/><D5/><U86/><E21/><V128/><F84/><W82/><G82/><T81/><D74/><U95/><E95/><V68/><F128/><W55/><G35/><T80/><D80/><U96/><E96/><V11/><REACH who="2" step="1"/><F68/><REACH who="2" ten="64,290,316,320" step="2"/><W106/><G114/><T17/><D41/><U46/><E42/><V8/><N who="2" m="2560" /><DORA hai="91" /><V0/><F0/><W100/><G113/><T1/><D1/><U94/><E36/><V101/><F101/><W18/><G100/><T27/><D98/><N who="1" m="57607" /><E107/><V60/><F60/><W19/><G106/><T87/><D105/><U56/><E104/><V109/><F109/><W89/><G111/><T25/><D72/><U66/><E86/><V115/><F115/><W32/><G110/><T102/><D102/><U108/><E108/><V77/><F77/><W90/><G90/><T7/><D7/><RYUUKYOKU ba="1,1" sc="64,15,290,-15,316,15,320,-15" hai0="16,17,22,25,27,38,39,43,44,48,79,81,87" hai2="23,24,50,53,58,61,62,64,65,67" />
</Scene>
<Scene>
<INIT seed="2,2,1,1,3,119" ten="79,275,331,305" oya="2" hai0="12,78,87,36,107,46,64,104,83,45,113,80,40" hai1="24,75,8,6,54,47,128,41,26,70,106,129,9" hai2="109,90,95,2,1,103,118,11,4,81,65,94,14" hai3="125,29,52,127,108,114,38,85,115,27,18,86,89"/><V15/><F118/><W72/><G72/><T21/><D113/><N who="3" m="43017" /><G38/><T20/><D64/><U102/><E75/><V53/><F109/><W51/><G18/><T42/><D80/><U44/><E70/><V19/><F65/><W28/><G108/><T5/><D20/><U43/><E102/><V121/><F121/><W31/><G27/><T73/><D73/><U131/><E54/><V76/><F103/><W111/><G111/><T74/><D74/><U68/><E68/><V62/><F94/><N who="3" m="54575" /><G86/><T122/><D122/><U0/><E106/><V97/><F76/><W35/><G35/><T98/><D98/><U48/><REACH who="1" step="1"/><E8/><REACH who="1" ten="79,265,331,305" step="2"/><V10/><F53/><W63/><G63/><T7/><D107/><U49/><AGARI ba="2,2" hai="0,6,9,24,26,41,43,44,47,48,49,128,129,131" machi="49" ten="30,8000,1" yaku="1,1,2,1,0,1,9,1,19,1,53,0" doraHai="119" doraHaiUra="110" who="1" fromWho="1" sc="79,-22,265,106,331,-42,305,-22" />
</Scene>
<Scene>
<INIT seed="3,0,0,3,5,74" ten="57,371,289,283" oya="3" hai0="23,98,91,121,118,75,78,80,131,133,126,43,127" hai1="68,69,111,25,8,39,17,31,93,37,26,82,28" hai2="83,76,2,89,117,57,38,45,120,15,122,128,65" hai3="16,107,35,36,46,110,135,77,19,40,20,112,32"/><W87/><G112/><T4/><D121/><N who="2" m="46698" /><F2/><W1/><G107/><T90/><D118/><U6/><E111/><V30/><F117/><W41/><G1/><T97/><D43/><U50/><E93/><V12/><F128/><W10/><G110/><T47/><D47/><U60/><E17/><V104/><F104/><W113/><G113/><T48/><D48/><U119/><E119/><V108/><F89/><N who="0" m="33802" /><D4/><U18/><E18/><V73/><F108/><W106/><G106/><T72/><D23/><U62/><E50/><V103/><F103/><W22/><G41/><T33/><D33/><U21/><E82/><V132/><F132/><W129/><G135/><T66/><D66/><U130/><E21/><V81/><F81/><W100/><G10/><T63/><D133/><U71/><E8/><V123/><F30/><W85/><G22/><T96/><D131/><U58/><E6/><V64/><F123/><W5/><G129/><T55/><D75/><U54/><E130/><V27/><F27/><N who="1" m="10249" /><E58/><V59/><F38/><N who="1" m="14345" /><E54/><V109/><F109/><W53/><G53/><T51/><D55/><U13/><E13/><N who="2" m="5195" /><F45/><W24/><G46/><T124/><D63/><AGARI ba="0,0" hai="28,31,60,62,63,68,69,71" m="14345,10249" machi="63" ten="40,2600,0" yaku="28,2" doraHai="74" who="1" fromWho="0" sc="57,-26,371,26,289,0,283,0" />
</Scene>
<Scene>
<INIT seed="4,0,0,1,3,112" ten="31,397,289,283" oya="0" hai0="70,82,116,132,99,43,77,30,100,46,41,40,3" hai1="89,28,42,115,69,111,60,80,57,5,33,113,23" hai2="55,45,127,78,129,56,128,31,37,120,125,83,32" hai3="134,49,95,12,92,48,114,109,76,118,86,84,130"/><T107/><D132/><U29/><E111/><V17/><F32/><W34/><G109/><T19/><D70/><U15/><E69/><V133/><F31/><W104/><G104/><T93/><D3/><U6/><E42/><N who="2" m="22735" /><F17/><W103/><G34/><T52/><D30/><N who="1" m="11883" /><E33/><V27/><F27/><W101/><G114/><N who="1" m="43530" /><E23/><V36/><F36/><W20/><G20/><T63/><D116/><U44/><E15/><V102/><F102/><W122/><G122/><T14/><D107/><U39/><E44/><V66/><F66/><W59/><G130/><N who="2" m="50281" /><F120/><W81/><G12/><T131/><D131/><U65/><E39/><V72/><F133/><W90/><G134/><T61/><D46/><U64/><E64/><V7/><F7/><W71/><G71/><T18/><D18/><U0/><E0/><V50/><AGARI ba="0,0" hai="50,55,56,72,78,83,125,127" m="50281,22735" machi="50" ten="30,1100,0" yaku="19,1" doraHai="112" who="2" fromWho="2" sc="31,-5,397,-3,289,11,283,-3" />
</Scene>
<Scene>
<INIT seed="5,0,0,2,2,72" ten="26,394,300,280" oya="1" hai0="111,66,101,1,76,65,48,109,4,86,106,34,132" hai1="45,8,63,0,98,68,37,16,21,134,112,108,64" hai2="54,50,127,46,69,118,18,105,49,131,135,122,81" hai3="83,102,79,6,3,11,9,27,84,52,40,17,5"/><U117/><E117/><V22/><F118/><W31/><G40/><T100/><D132/><U75/><E134/><V120/><F135/><W58/><G102/><T71/><D34/><U13/><E108/><V32/><F32/><W12/><G6/><T103/><D106/><U29/><E112/><V56/><F105/><W113/><G113/><T62/><D65/><U2/><E75/><V97/><F69/><W119/><G119/><T114/><D114/><U73/><E73/><V123/><F97/><W30/><REACH who="3" step="1"/><G27/><REACH who="3" ten="26,394,300,270" step="2"/><T77/><D86/><U93/><E37/><V116/><F116/><W10/><G10/><T96/><D96/><U89/><E8/><V47/><F127/><W90/><G90/><T78/><REACH who="0" step="1"/><D48/><AGARI ba="0,1" hai="3,5,9,11,12,17,30,31,48,52,58,79,83,84" machi="48" ten="30,7700,0" yaku="1,1,7,1,52,1,54,1,53,0" doraHai="72" doraHaiUra="41" who="3" fromWho="0" sc="26,-77,394,0,300,0,270,87" owari="-51,-55.0,394,49.0,300,-10.0,357,16.0" />
</Scene>
</mjloggm>