<mjloggm ver="2.3"><GO type="169"/><UN n0="%E7%A5%AD%E4%BA%BA" n1="%41%53%41%50%49%4E" n2="%E3%83%9D%E3%83%B3%E5%8A%A9" n3="%E3%81%82%E3%82%93%E3%81%96%E3%82%93" dan="17,18,17,17" rate="2132,2245,2137,2120" sx="M,M,M,M"/><TAIKYOKU oya="0"/>

<Scene>
<INIT seed="0,0,0,0,0,26" ten="250,250,250,250" oya="0" hai0="27,110,15,7,69,134,20,39,54,2,30,44,37" hai1="66,92,85,119,89,111,21,14,121,128,50,124,87" hai2="31,4,88,95,25,56,52,103,135,65,127,96,19" hai3="80,126,51,81,62,28,84,59,1,12,36,11,38"/><T101/><D69/><U104/><E121/><V49/><F127/><W116/><G116/><T79/><D101/><U130/><E119/><V35/><F135/><W125/><G1/><T46/><D134/><U18/><E104/><V105/><F4/><N who="3" m="3175" /><G51/><T57/><D2/><U90/><E111/><V122/><F122/><W98/><G98/><T22/><D110/><U97/><E124/><N who="3" m="47722" /><G28/><T118/><D118/><U70/><E97/><V5/><F5/><W94/><G94/><T113/><D113/><U100/><E100/><V40/><F40/><W6/><G6/><T67/><D39/><N who="3" m="14889" /><G84/><T17/><D37/><U115/><E115/><V60/><F19/><W72/><G72/><T3/><D67/><AGARI ba="0,0" hai="59,62,67,80,81" m="14889,47722,3175" machi="67" ten="30,1000,0" yaku="18,1" doraHai="26" who="3" fromWho="0" sc="250,-10,250,0,250,0,250,10" />
</Scene>
<Scene>
<INIT seed="1,0,0,1,5,73" ten="240,250,250,260" oya="1" hai0="106,32,57,129,58,131,119,42,110,54,51,83,113" hai1="1,87,63,2,74,124,103,126,79,14,90,101,38" hai2="8,16,100,72,44,56,94,118,75,128,61,102,48" hai3="115,77,62,24,17,55,13,123,132,116,28,89,135"/><U30/><E38/><V47/><F118/><W114/><G123/><T97/><D119/><U65/><E30/><V37/><F37/><W6/><G89/><T91/><D113/><U107/><E14/><N who="2" m="7239" /><F75/><W76/><G116/><T21/><D32/><U25/><E25/><V7/><F72/><W134/><G6/><T104/><D110/><U59/><E107/><V95/><F7/><W45/><G45/><N who="2" m="17481" /><F48/><W29/><G55/><T64/><D42/><U34/><E34/><V78/><F78/><N who="3" m="30315" /><G62/><T93/><D104/><U39/><E39/><V133/><F133/><W117/><G117/><T40/><D106/><U43/><E43/><V111/><F111/><W4/><G4/><T23/><D40/><U81/><E2/><V71/><F71/><W18/><G18/><T88/><D83/><U12/><E1/><V46/><N who="2" m="17489" /><V109/><DORA hai="127" /><F109/><W68/><G68/><T52/><D91/><U35/><E35/><V98/><F128/><N who="0" m="49226" /><D64/><U11/><E126/><V26/><F95/><W70/><G70/><T120/><D120/><U80/><E124/><V69/><F69/><W60/><G29/><T92/><D92/><U22/><E65/><N who="2" m="39079" /><F102/><W50/><G50/><AGARI ba="0,0" hai="21,23,50,51,52,54,57,58,88,93,97" m="49226" machi="50" ten="30,12000,2" yaku="19,1,52,3,54,2" doraHai="73,127" who="0" fromWho="3" sc="240,120,250,0,250,0,260,-120" />
</Scene>
<Scene>
<INIT seed="2,0,0,3,1,89" ten="360,250,250,140" oya="2" hai0="30,82,68,36,84,22,14,65,88,77,98,24,87" hai1="67,53,34,62,28,3,91,6,0,50,31,16,43" hai2="135,29,8,15,112,2,45,48,49,86,17,111,124" hai3="126,128,51,57,72,117,74,94,58,52,119,110,100"/><V127/><F112/><W71/><G71/><T107/><D36/><U61/><E43/><V129/><F2/><W27/><G110/><T81/><D68/><U46/><E3/><V116/><F111/><W109/><G109/><T40/><D40/><U1/><E0/><V132/><F116/><W41/><G126/><N who="2" m="48169" /><F29/><W105/><G128/><T63/><D107/><U114/><E114/><V10/><F10/><W101/><G41/><T133/><D133/><N who="2" m="51274" /><F45/><W131/><G105/><T108/><D108/><U21/><E31/><V42/><F42/><W96/><G131/><T66/><D63/><U44/><E28/><V37/><F37/><W125/><G125/><T20/><D98/><U103/><E44/><V13/><F129/><W97/><G27/><T7/><D22/><U39/><E46/><V69/><F69/><W64/><G64/><T90/><D77/><U19/><E67/><V60/><F60/><W93/><G58/><T11/><AGARI ba="0,0" hai="7,11,14,20,24,30,65,66,81,82,84,87,88,90" machi="11" ten="30,7900,0" yaku="0,1,9,1,8,1,54,1" doraHai="89" who="0" fromWho="0" sc="360,79,250,-20,250,-39,140,-20" />
</Scene>
<Scene>
<INIT seed="3,0,0,3,2,121" ten="439,230,211,120" oya="3" hai0="20,112,30,50,39,80,73,131,128,60,15,99,24" hai1="113,66,25,68,125,64,100,6,90,17,83,2,93" hai2="1,22,120,108,69,51,106,72,89,27,111,40,57" hai3="62,79,97,53,12,98,124,105,76,65,8,70,38"/><W115/><G38/><T37/><D112/><U114/><E125/><V29/><F120/><W132/><G115/><T78/><D50/><U85/><E2/><V123/><F69/><W77/><G124/><T63/><D99/><N who="1" m="59503" /><E68/><V9/><F123/><W130/><G130/><N who="0" m="49707" /><D15/><U61/><E6/><N who="2" m="1231" /><F106/><W118/><G118/><T49/><D49/><U34/><E34/><V36/><F72/><W59/><G132/><T110/><D110/><N who="2" m="42026" /><F36/><AGARI ba="0,0" hai="20,24,30,36,37,39,60,63,73,78,80" m="49707" machi="36" ten="30,1000,0" yaku="19,1" doraHai="121" who="0" fromWho="2" sc="439,10,230,0,211,-10,120,0" />
</Scene>
<Scene>
<INIT seed="4,0,0,5,3,77" ten="449,230,201,120" oya="0" hai0="29,43,92,121,114,14,103,134,53,131,85,36,113" hai1="22,39,54,61,51,63,86,87,55,48,90,0,34" hai2="11,4,99,71,93,25,41,88,70,67,68,82,52" hai3="94,115,24,89,21,2,26,133,74,30,116,107,57"/><T106/><D121/><U23/><E39/><V66/><F41/><W110/><G133/><T72/><D72/><U120/><E34/><V76/><F25/><W38/><G107/><T132/><D106/><U129/><E0/><V119/><F119/><W125/><G125/><T84/><D29/><U40/><E40/><V17/><F17/><W102/><G38/><T60/><D131/><U75/><E75/><V45/><F45/><W111/><G2/><T78/><D14/><U95/><E129/><V98/><F98/><W81/><G115/><N who="0" m="44043" /><D53/><U100/><E100/><V50/><F50/><W12/><G116/><T80/><D60/><N who="1" m="23115" /><E120/><V62/><F66/><W15/><G102/><T127/><D127/><U46/><E87/><V31/><F31/><W49/><G111/><T1/><D1/><U56/><AGARI ba="0,0" hai="22,23,46,48,51,54,55,56,86,90,95" m="23115" machi="56" ten="30,1100,0" yaku="8,1" doraHai="77" who="1" fromWho="1" sc="449,-5,230,11,201,-3,120,-3" />
</Scene>
<Scene>
<INIT seed="5,0,0,4,2,110" ten="444,241,198,117" oya="1" hai0="114,73,45,22,61,58,36,42,35,30,100,76,38" hai1="18,90,109,102,118,130,23,103,106,81,50,88,95" hai2="113,53,98,96,14,71,122,124,43,104,20,133,47" hai3="69,107,101,87,17,0,70,27,66,86,39,108,54"/><U123/><E123/><V62/><F122/><W131/><G39/><T16/><D35/><U56/><E118/><V63/><F133/><W80/><G0/><T105/><D30/><U128/><E109/><V117/><F117/><W91/><G131/><N who="1" m="50218" /><E81/><V119/><F119/><W126/><G126/><T60/><D38/><U12/><E106/><V57/><F124/><W3/><G3/><T13/><D73/><U134/><E134/><V121/><F121/><W25/><G108/><T82/><D82/><U29/><E29/><V129/><F129/><W125/><G125/><T85/><D76/><U40/><E90/><V67/><F104/><W59/><G66/><T99/><D85/><N who="1" m="52623" /><E40/><V10/><F20/><W78/><G107/><T64/><D61/><U93/><E93/><V28/><F28/><W94/><G101/><T41/><D41/><U132/><E132/><V1/><F1/><W5/><G5/><T120/><D120/><U48/><E48/><V116/><F116/><W55/><G55/><AGARI ba="0,0" hai="12,18,23,50,55,56,102,103" m="52623,50218" machi="55" ten="30,5800,0" yaku="25,1,19,1,54,1" doraHai="110" who="1" fromWho="3" sc="444,0,241,58,198,0,117,-58" />
</Scene>
<Scene>
<INIT seed="5,1,0,0,5,68" ten="444,299,198,59" oya="1" hai0="128,94,79,48,102,55,57,14,56,5,29,114,91" hai1="34,82,115,1,53,107,61,99,54,113,118,36,64" hai2="40,42,27,106,117,77,21,46,76,127,7,120,80" hai3="131,24,17,45,41,119,35,96,98,3,92,22,73"/><U95/><E118/><V78/><F117/><W71/><G131/><T49/><D128/><U126/><E34/><V135/><F120/><W108/><G108/><T88/><D114/><N who="1" m="43531" /><E1/><V67/><F106/><W18/><G119/><T58/><D79/><U19/><E107/><V0/><F67/><W111/><G111/><T52/><D29/><U30/><E30/><V13/><F127/><W8/><G35/><T60/><D102/><N who="1" m="60799" /><E126/><V25/><F135/><W37/><G71/><T6/><D14/><U125/><E125/><V38/><F40/><W10/><G10/><T134/><D134/><U86/><E19/><V72/><F13/><W32/><G32/><T44/><D57/><N who="1" m="36911" /><E36/><V81/><F81/><W43/><G43/><N who="0" m="24607" /><D91/><AGARI ba="1,0" hai="53,54,82,86,91" m="36911,60799,43531" machi="91" ten="30,1500,0" yaku="15,1" doraHai="68" who="1" fromWho="0" sc="444,-18,299,18,198,0,59,0" />
</Scene>
<Scene>
<INIT seed="5,2,0,4,5,7" ten="426,317,198,59" oya="1" hai0="77,94,31,95,102,104,101,65,85,37,36,98,12" hai1="128,49,55,71,78,111,11,21,87,51,105,127,79" hai2="88,134,54,46,10,83,23,124,130,20,4,76,119" hai3="56,73,132,64,110,122,70,18,2,25,14,61,59"/><U58/><E71/><V68/><F119/><W28/><G2/><T29/><D65/><U62/><E105/><V38/><F68/><W82/><G110/><T3/><D3/><U44/><E111/><V15/><F134/><W108/><G108/><T96/><D12/><U86/><E128/><V52/><F130/><W123/><G132/><T133/><D133/><U24/><E127/><V27/><F124/><W50/><G73/><T125/><D125/><U66/><E86/><N who="2" m="50271" /><F38/><W32/><G82/><T126/><D126/><U19/><E87/><V75/><F75/><W13/><G13/><T26/><D104/><U9/><E51/><N who="2" m="28791" /><F76/><AGARI ba="2,0" hai="9,11,19,21,24,44,49,55,58,62,66,76,78,79" machi="76" ten="40,7700,0" yaku="8,1,52,2" doraHai="7" who="1" fromWho="2" sc="426,0,317,83,198,-83,59,0" />
</Scene>
<Scene>
<INIT seed="5,3,0,0,4,85" ten="426,400,115,59" oya="1" hai0="99,73,107,40,16,17,48,116,59,66,15,131,103" hai1="110,92,29,70,36,30,135,121,60,118,115,56,83" hai2="52,102,51,35,62,9,8,12,24,134,109,64,80" hai3="71,84,67,20,37,125,7,38,112,68,69,82,127"/><U96/><E121/><V86/><F109/><W100/><G100/><T117/><D73/><U58/><E118/><V129/><F134/><W43/><G7/><T6/><D131/><U42/><E70/><N who="3" m="27242" /><G20/><T25/><D6/><U33/><E115/><V91/><F129/><W34/><G34/><T76/><D76/><U89/><E135/><V111/><F111/><W132/><G132/><T41/><D25/><U94/><E110/><V47/><F102/><W122/><G122/><T22/><D41/><U55/><E36/><N who="3" m="13930" /><G112/><T114/><D114/><U14/><E42/><V120/><F120/><W49/><G84/><T39/><D39/><U21/><E33/><V63/><F64/><W130/><G82/><T101/><D101/><U75/><E75/><V44/><F44/><N who="3" m="25759" /><G130/><T28/><D28/><U31/><E83/><V4/><F35/><W45/><G45/><T65/><D17/><N who="1" m="10423" /><E92/><V0/><F24/><W46/><G46/><T87/><D116/><U50/><E30/><V88/><F91/><W18/><G18/><AGARI ba="3,0" hai="0,4,8,9,12,18,47,51,52,62,63,80,86,88" machi="18" ten="30,12000,2" yaku="7,1,25,2,52,1,54,2" doraHai="85" who="2" fromWho="3" sc="426,0,400,0,115,129,59,-129" owari="426,53.0,400,20.0,244,-16.0,-70,-57.0" />
</Scene>
</mjloggm>