<mjloggm ver="2.3"><GO type="169"/><UN n0="%41%53%41%50%49%4E" n1="%E4%B8%80%E6%96%B9%E9%80%9A%E8%A1%8C" n2="%E3%81%8F%E3%82%89%E3%81%8F%E3%82%89" n3="%E3%81%B5%E3%81%8A%E3%82%93" dan="18,17,16,16" rate="2217,2144,2106,2057" sx="M,M,M,M"/><TAIKYOKU oya="0"/>

<Scene>
<INIT seed="0,0,0,3,1,0" ten="250,250,250,250" oya="0" hai0="47,123,53,4,52,105,16,102,58,18,103,62,2" hai1="31,5,122,12,109,104,135,126,116,74,11,27,112" hai2="28,110,128,70,36,97,84,60,59,8,85,72,99" hai3="55,69,51,124,107,121,86,106,43,68,119,33,41"/><T61/><D123/><U118/><E104/><V24/><F72/><W88/><G121/><T67/><D47/><U23/><E74/><V90/><F36/><W3/><G119/><N who="1" m="45610" /><E122/><V108/><F70/><W25/><G124/><T87/><D87/><U9/><E126/><V46/><F85/><W40/><G107/><T35/><D35/><U127/><E127/><V56/><F46/><W130/><G106/><T73/><D73/><U17/><E109/><N who="2" m="42091" /><F59/><W54/><G3/><T115/><D115/><U49/><E49/><V113/><F8/><W65/><G130/><T94/><D105/><U34/><E135/><V13/><F13/><W96/><G96/><T29/><D29/><U1/><E112/><V98/><F113/><W26/><G55/><T101/><D94/><U89/><E89/><V15/><F15/><W95/><G65/><T91/><D91/><U32/><AGARI ba="0,0" hai="1,5,9,11,12,17,23,27,31,32,34" m="45610" machi="32" ten="30,4000,0" yaku="34,2,52,1" doraHai="0" who="1" fromWho="1" sc="250,-20,250,40,250,-10,250,-10" />
</Scene>
<Scene>
<INIT seed="1,0,0,0,0,88" ten="230,290,240,240" oya="1" hai0="75,81,3,23,127,8,92,2,47,70,116,49,22" hai1="20,34,54,63,126,77,134,43,51,118,85,124,120" hai2="123,74,64,29,112,25,119,27,61,132,121,18,102" hai3="97,91,86,65,40,55,45,37,67,48,1,79,71"/><U13/><E120/><V53/><F74/><W52/><G1/><T19/><D116/><U76/><E118/><V84/><F119/><W90/><G79/><T73/><D70/><U99/><E34/><V125/><F18/><W133/><G133/><T58/><D127/><N who="1" m="48683" /><E134/><V50/><F132/><W114/><G114/><T87/><D58/><N who="1" m="35287" /><E99/><V135/><F135/><W5/><G5/><T107/><D107/><U46/><E85/><V100/><F112/><W0/><G0/><T115/><D115/><U66/><E66/><V31/><F84/><W111/><G111/><T30/><D3/><U10/><E20/><V16/><F125/><W57/><G71/><T72/><D2/><U122/><E122/><V105/><F123/><W78/><G78/><T15/><D30/><U26/><E26/><V11/><F121/><W95/><REACH who="3" step="1"/><G55/><REACH who="3" ten="230,290,240,230" step="2"/><T69/><D69/><U28/><E28/><V4/><F31/><W82/><AGARI ba="0,1" hai="37,40,45,48,52,57,65,67,82,86,90,91,95,97" machi="82" ten="20,12000,2" yaku="1,1,2,1,0,1,7,1,52,1,54,1,53,0" doraHai="88" doraHaiUra="59" who="3" fromWho="3" sc="230,-30,290,-60,240,-30,230,130" />
</Scene>
<Scene>
<INIT seed="2,0,0,5,2,108" ten="200,230,210,360" oya="2" hai0="43,133,82,117,110,87,86,33,7,69,102,41,126" hai1="64,31,44,16,23,10,29,55,83,111,77,58,127" hai2="72,106,47,124,75,54,38,109,96,135,35,66,19" hai3="76,40,46,93,12,34,122,112,67,100,60,53,57"/><V2/><F2/><W73/><G122/><T97/><D110/><U120/><E111/><V132/><F35/><W30/><G73/><N who="2" m="28233" /><F66/><W104/><G76/><T128/><D33/><U39/><E120/><V91/><F19/><W20/><G104/><T42/><D69/><U21/><E127/><V36/><F54/><W125/><G125/><T71/><D71/><U32/><E32/><V90/><F124/><W27/><G53/><T14/><D117/><U89/><E77/><V0/><F0/><W118/><G118/><T15/><D126/><U62/><E10/><V26/><F26/><W119/><G119/><T28/><D28/><U94/><E83/><V59/><F59/><W95/><G100/><T51/><D82/><U131/><E131/><V48/><F109/><W61/><G61/><T9/><D128/><U107/><E107/><V98/><F106/><W105/><G105/><T18/><D133/><N who="2" m="51274" /><F48/><W92/><G34/><T84/><D51/><N who="1" m="29159" /><E39/><N who="2" m="14891" /><F47/><W99/><G46/><T49/><D49/><U103/><E23/><V78/><F78/><W56/><G20/><N who="0" m="11359" /><D102/><U65/><E103/><V5/><F5/><W121/><G67/><T116/><D116/><U63/><E65/><V80/><F80/><W22/><G22/><T25/><D25/><N who="1" m="14503" /><E63/><V37/><N who="2" m="14899" /><V1/><DORA hai="79" /><F1/><W8/><G60/><T13/><D13/><U114/><E29/><V129/><F129/><W113/><G30/><T101/><D101/><U68/><E31/><V50/><F50/><W88/><G12/><T17/><D7/><U130/><E130/><V11/><F11/><W52/><G121/><RYUUKYOKU ba="0,0" sc="200,15,230,-15,210,15,360,-15" hai0="9,14,17,41,42,43,84,86,87,97" hai2="90,91,96,98" />
</Scene>
<Scene>
<INIT seed="2,1,0,4,1,45" ten="215,215,225,345" oya="2" hai0="39,26,33,101,69,98,83,19,55,103,114,90,7" hai1="128,1,115,6,0,131,27,126,47,17,25,65,119" hai2="75,110,37,79,70,86,35,32,87,127,30,125,10" hai3="97,82,121,49,2,13,94,96,60,132,88,84,38"/><V108/><F70/><W15/><G38/><T42/><D114/><U135/><E119/><V21/><F10/><W58/><G121/><T23/><D69/><U11/><E115/><V62/><F62/><W104/><G2/><T48/><D33/><N who="2" m="12874" /><F37/><W36/><G36/><T111/><D111/><N who="2" m="42538" /><F75/><W78/><G132/><T105/><D7/><U61/><E135/><V67/><F67/><N who="3" m="39319" /><G104/><T72/><D105/><U8/><E47/><V44/><F44/><W24/><G97/><T66/><D66/><U102/><E61/><V95/><F79/><W73/><G73/><T53/><D72/><U77/><E65/><V107/><F107/><W56/><G24/><T54/><D39/><U59/><E77/><V5/><F5/><W3/><G3/><T16/><D42/><U118/><E6/><V68/><F68/><W122/><G122/><T106/><D106/><U99/><E99/><V123/><F123/><W120/><G120/><T50/><D98/><U52/><E0/><V93/><F21/><W64/><G64/><T46/><D46/><U12/><E1/><V28/><F28/><W63/><G63/><T91/><D53/><AGARI ba="1,0" hai="13,15,49,53,56,78,82,84,88,94,96" m="39319" machi="53" ten="30,3900,0" yaku="8,1,52,1,54,1" doraHai="45" who="3" fromWho="0" sc="215,-42,215,0,225,0,345,42" />
</Scene>
<Scene>
<INIT seed="3,0,0,5,4,95" ten="173,215,225,387" oya="3" hai0="69,120,89,78,14,83,26,54,109,66,25,55,97" hai1="94,30,49,117,77,43,20,5,36,96,59,123,75" hai2="76,70,107,67,38,91,29,115,32,129,86,74,22" hai3="73,88,1,41,47,51,82,44,34,103,61,35,68"/><W65/><G1/><T23/><D120/><U135/><E123/><V121/><F22/><W53/><G103/><T17/><D109/><U12/><E36/><V112/><F121/><W114/><G114/><T11/><D26/><N who="1" m="16711" /><E75/><V131/><F107/><W134/><G134/><T3/><D3/><U81/><E135/><V132/><F38/><W56/><G47/><T93/><D66/><U48/><E117/><V102/><F102/><W33/><G33/><T122/><D69/><U118/><E118/><V128/><F74/><W124/><G124/><T37/><D37/><U21/><E43/><V19/><F19/><W127/><G127/><T8/><D8/><N who="1" m="4111" /><E77/><V108/><F76/><W99/><G73/><T0/><D0/><U4/><E81/><N who="2" m="49615" /><F108/><W31/><G31/><T87/><REACH who="0" step="1"/><D122/><REACH who="0" ten="163,215,225,387" step="2"/><U111/><E111/><V57/><F132/><W60/><G68/><T18/><AGARI ba="0,1" hai="11,14,17,18,23,25,54,55,78,83,87,89,93,97" machi="18" ten="20,12000,2" yaku="1,1,2,1,0,1,7,1,8,1,52,1,53,0" doraHai="95" doraHaiUra="113" who="0" fromWho="0" sc="163,130,215,-30,225,-30,387,-60" />
</Scene>
<Scene>
<INIT seed="4,0,0,0,1,102" ten="293,185,195,327" oya="0" hai0="11,52,86,24,76,85,49,47,132,48,58,0,92" hai1="81,117,7,63,34,37,98,19,36,121,31,83,134" hai2="68,2,4,82,100,35,125,10,135,12,70,40,9" hai3="66,32,84,39,71,18,28,97,46,61,80,75,74"/><T41/><D132/><U60/><E121/><V122/><F40/><W62/><G62/><T103/><D76/><U27/><E117/><V21/><F122/><W8/><G97/><T26/><D0/><U38/><E134/><V69/><F82/><W6/><G18/><T95/><D11/><U57/><E7/><V23/><F135/><W44/><G28/><T15/><D15/><U87/><E63/><V114/><F125/><W56/><G32/><T3/><D3/><U43/><E43/><V67/><F114/><W54/><G74/><T50/><D50/><U14/><E98/><V130/><F130/><W131/><G75/><T78/><D103/><U120/><E120/><V116/><F116/><W91/><G39/><T77/><D77/><U108/><E108/><V30/><F100/><W129/><G71/><T126/><D126/><U94/><E94/><N who="0" m="35881" /><D78/><U128/><E87/><AGARI ba="0,0" hai="24,26,41,47,48,49,52,58,85,86,87" m="35881" machi="87" ten="30,2900,0" yaku="8,1,54,1" doraHai="102" who="0" fromWho="1" sc="293,29,185,-29,195,0,327,0" />
</Scene>
<Scene>
<INIT seed="4,1,0,5,0,21" ten="322,156,195,327" oya="0" hai0="81,55,78,15,108,1,14,18,97,6,40,8,70" hai1="30,91,43,98,89,50,46,29,106,4,59,35,96" hai2="126,116,9,105,71,41,132,135,86,120,61,77,93" hai3="88,28,118,83,42,69,90,87,100,33,53,111,102"/><T34/><D70/><U66/><E4/><V20/><F9/><W51/><G111/><T127/><D108/><U44/><E106/><V73/><F41/><W22/><G118/><T64/><D64/><U129/><E129/><V94/><F61/><W7/><G33/><T27/><D127/><U32/><E59/><V95/><F71/><W133/><G69/><T5/><D40/><U125/><E50/><V62/><F62/><W17/><G133/><T121/><D121/><U128/><E43/><V130/><F20/><W36/><G28/><T84/><D55/><U25/><E128/><V74/><F105/><W85/><G7/><T11/><D97/><U56/><E56/><V10/><F10/><W26/><G42/><T107/><D107/><U39/><E125/><V75/><F126/><W119/><G36/><T104/><D104/><U37/><REACH who="1" step="1"/><E66/><REACH who="1" ten="322,146,195,327" step="2"/><V114/><F130/><W122/><G119/><T13/><D5/><U58/><E58/><V52/><F116/><W101/><G122/><T99/><D6/><U3/><E3/><V38/><F120/><W72/><G72/><T49/><D1/><U76/><E76/><V80/><F38/><W16/><G17/><T0/><D0/><U31/><E31/><V112/><REACH who="2" step="1"/><F52/><REACH who="2" ten="322,146,185,327" step="2"/><W117/><G117/><T67/><D67/><U79/><E79/><V115/><AGARI ba="1,2" hai="73,74,75,77,80,86,93,94,95,112,114,115,132,135" machi="115" ten="50,16000,3" yaku="1,1,2,1,0,1,29,2,15,1,34,3,53,0" doraHai="21" doraHaiUra="57" who="2" fromWho="2" sc="322,-81,146,-41,185,183,327,-41" />
</Scene>
<Scene>
<INIT seed="5,0,0,0,4,19" ten="241,105,368,286" oya="1" hai0="6,128,78,70,51,11,99,58,55,84,67,126,4" hai1="135,101,134,52,34,2,87,107,98,111,89,20,95" hai2="123,44,50,37,5,132,96,77,30,62,14,35,108" hai3="1,73,90,23,69,115,25,93,54,131,80,81,121"/><U75/><E34/><V0/><F123/><W57/><G69/><T109/><D128/><U79/><E2/><V103/><F77/><W26/><G121/><T118/><D118/><U38/><E38/><V117/><F108/><W124/><G131/><T112/><D109/><U130/><E111/><V36/><F62/><W85/><G124/><T125/><D112/><U47/><E130/><V48/><F117/><W127/><G127/><N who="0" m="48651" /><D99/><U65/><E65/><V32/><F50/><W29/><G115/><T56/><D70/><U119/><E119/><V10/><F132/><W100/><G1/><T31/><D31/><U71/><E71/><V15/><F37/><W33/><G100/><T104/><D104/><U64/><E64/><V8/><F36/><W27/><G73/><T13/><D84/><U91/><E20/><V40/><F30/><W122/><G122/><T59/><D78/><U88/><E52/><V28/><F28/><W9/><G9/><N who="0" m="4263" /><D67/><U42/><E47/><V16/><F0/><AGARI ba="0,0" hai="0,6,11,51,55,56,58,59" m="4263,48651" machi="0" ten="30,1000,0" yaku="18,1" doraHai="19" who="0" fromWho="2" sc="241,10,105,0,368,-10,286,0" />
</Scene>
<Scene>
<INIT seed="6,0,0,1,5,38" ten="251,105,358,286" oya="2" hai0="101,34,18,11,114,19,116,132,44,94,54,13,80" hai1="70,81,17,126,40,106,61,122,32,23,84,110,27" hai2="62,124,26,73,37,25,98,117,29,92,53,102,111" hai3="41,85,125,104,95,77,74,86,7,96,33,46,22"/><V91/><F37/><W64/><G33/><T93/><D34/><U72/><E122/><V14/><F117/><W135/><G125/><T83/><D116/><U16/><E126/><V6/><F124/><W103/><G135/><T97/><D132/><U55/><E110/><V60/><F73/><W8/><G64/><T51/><D114/><U57/><E106/><V69/><F69/><W112/><G22/><T9/><D93/><U130/><E72/><V59/><F111/><W129/><G112/><T113/><D113/><U100/><E130/><V68/><F68/><W88/><G129/><T35/><D35/><U5/><E32/><V128/><F128/><W36/><G74/><T63/><D63/><U28/><E70/><V89/><F62/><W105/><G77/><T15/><AGARI ba="0,0" hai="9,11,13,15,18,19,44,51,54,80,83,94,97,101" machi="15" ten="30,4000,0" yaku="0,1,9,1,8,1" doraHai="38" who="0" fromWho="0" sc="251,40,105,-10,358,-20,286,-10" />
</Scene>
<Scene>
<INIT seed="7,0,0,5,3,119" ten="291,95,338,276" oya="3" hai0="8,31,7,17,46,108,16,113,54,22,11,118,83" hai1="85,66,100,35,70,94,117,99,115,134,114,132,97" hai2="30,79,25,52,95,96,19,48,81,106,82,9,33" hai3="27,135,72,53,111,129,125,44,120,21,84,39,0"/><W69/><RYUUKYOKU type="yao9" ba="0,0" sc="291,0,95,0,338,0,276,0" hai3="0,21,27,39,44,53,69,72,84,111,120,125,129,135" />
</Scene>
<Scene>
<INIT seed="7,1,0,0,0,95" ten="291,95,338,276" oya="3" hai0="9,126,10,85,43,8,132,81,76,4,111,7,3" hai1="62,48,50,21,106,12,24,18,20,120,122,56,45" hai2="39,11,47,35,115,22,34,130,64,66,124,96,0" hai3="103,117,60,133,57,112,128,79,53,92,83,91,78"/><W93/><G117/><T121/><D111/><U127/><E106/><V44/><F39/><W40/><G112/><T116/><D116/><U27/><E127/><V113/><F124/><W5/><G128/><T23/><D126/><U68/><E68/><V28/><F130/><W63/><G133/><T72/><D132/><U99/><E122/><V65/><F0/><W13/><G40/><T90/><D121/><U77/><E120/><V37/><F11/><N who="3" m="4335" /><G63/><T131/><D131/><U16/><E77/><N who="3" m="29194" /><G103/><T25/><D7/><U135/><E135/><V82/><F37/><W105/><G105/><T100/><D100/><U31/><E31/><V26/><F82/><W109/><G109/><T41/><D41/><U30/><E45/><V89/><F35/><W119/><G119/><T101/><D101/><U17/><E30/><V88/><F34/><W1/><G1/><T49/><D49/><U71/><E71/><V98/><F115/><W6/><G6/><T75/><D43/><U104/><E104/><V52/><F113/><W2/><G2/><T86/><D72/><U67/><REACH who="1" step="1"/><E99/><REACH who="1" ten="291,85,338,276" step="2"/><N who="2" m="37931" /><F47/><W58/><G58/><T97/><D3/><U123/><E123/><V134/><F134/><W14/><G14/><T15/><D15/><U87/><E87/><AGARI ba="1,1" hai="53,57,60,83,87,91,92,93" m="29194,4335" machi="87" ten="30,1500,0" yaku="8,1" doraHai="95" who="3" fromWho="1" sc="291,0,85,-18,338,0,276,28" />
</Scene>
<Scene>
<INIT seed="7,2,0,4,0,134" ten="291,67,338,304" oya="3" hai0="24,118,76,75,103,10,79,29,25,54,126,101,23" hai1="70,32,77,51,88,106,130,65,97,37,98,6,85" hai2="89,71,114,102,110,133,56,125,47,22,5,41,119" hai3="15,53,42,81,104,69,63,34,115,92,90,109,13"/><W35/><G104/><T82/><D118/><U132/><E37/><V12/><F119/><W94/><G42/><T26/><D126/><U7/><E51/><V113/><F125/><W124/><G124/><T50/><D25/><U96/><E32/><V62/><F133/><W112/><G109/><T72/><D10/><U61/><E65/><N who="2" m="39111" /><F71/><W20/><G81/><T117/><D117/><U120/><E61/><V67/><F67/><W46/><G69/><T116/><D116/><U30/><E70/><V55/><F110/><W39/><G63/><T58/><D24/><U31/><E132/><V8/><F102/><W4/><G94/><T99/><D99/><U64/><E64/><V131/><F55/><W45/><G35/><T122/><D122/><U111/><E130/><V49/><F131/><W66/><G66/><T1/><D1/><U86/><E120/><V17/><F89/><W100/><G100/><T38/><D38/><U83/><E111/><V127/><F127/><W40/><G34/><T27/><D27/><U52/><E52/><V43/><F114/><N who="3" m="43563" /><G4/><T19/><REACH who="0" step="1"/><D29/><REACH who="0" ten="281,67,338,304" step="2"/><U11/><E31/><V44/><F113/><W93/><G20/><T14/><D14/><N who="3" m="5129" /><G90/><T73/><D73/><U107/><E30/><V121/><F22/><W80/><G80/><AGARI ba="2,1" hai="19,23,26,50,54,58,72,75,76,79,80,82,101,103" machi="80" ten="40,2600,0" yaku="1,1,9,1,53,0" doraHai="134" doraHaiUra="57" who="0" fromWho="3" sc="281,42,67,0,338,0,304,-32" owari="323,12.0,67,-43.0,338,44.0,272,-13.0" />
</Scene>
</mjloggm>