<mjloggm ver="2.3"><GO type="169" lobby="0"/><UN n0="%E2%98%85%E3%83%86%E3%82%AF%E3%83%8E%E3%83%8F%E3%82%A6%E3%82%B9%E2%98%85" n1="%41%53%41%50%49%4E" n2="%E3%82%A4%E3%82%BA%E3%83%9F%E3%83%B3" n3="%E3%81%AD%E3%81%98%E3%81%BE%E3%81%8D%E9%B3%A5%E2%88%AE" dan="16,19,16,16" rate="2042.59,2280.92,2094.19,2053.04" sx="M,M,M,M"/><TAIKYOKU oya="0"/>

<Scene>
<INIT seed="0,0,0,1,2,133" ten="250,250,250,250" oya="0" hai0="4,50,87,51,1,62,104,132,49,44,57,70,114" hai1="96,30,106,127,12,40,82,85,97,41,42,86,117" hai2="45,93,39,94,108,110,80,128,76,126,8,6,0" hai3="60,134,67,66,19,84,27,26,37,32,101,52,20"/><T102/><D132/><U7/><E117/><V53/><F128/><W103/><G37/><T124/><D114/><U25/><E106/><V91/><F94/><W17/><G134/><T54/><D104/><U16/><E7/><V105/><F105/><W123/><G123/><T129/><D102/><U28/><E127/><V122/><F122/><W135/><G84/><T99/><D99/><N who="1" m="37963" /><E25/><V24/><F24/><W81/><G81/><T65/><D129/><U23/><E85/><V5/><F5/><W69/><G135/><T34/><D34/><U68/><E68/><V21/><F21/><W119/><G119/><T115/><D115/><U56/><E56/><V13/><F13/><W107/><G107/><T22/><D124/><U9/><E23/><V15/><F15/><W72/><G72/><T125/><D125/><U89/><AGARI ba="0,0" hai="9,12,16,28,30,40,41,42,82,86,89" m="37963" machi="89" ten="30,2000,0" yaku="8,1,54,1" doraHai="133" who="1" fromWho="1" sc="250,-10,250,20,250,-5,250,-5" />
</Scene>
<Scene>
<INIT seed="1,0,0,2,0,33" ten="240,270,245,245" oya="1" hai0="47,129,99,107,65,58,90,52,38,110,57,0,2" hai1="43,123,71,84,13,14,115,15,78,75,69,55,64" hai2="18,48,80,22,30,73,120,8,63,109,60,46,50" hai3="108,70,95,131,21,76,96,98,61,79,20,104,34"/><U122/><E115/><V1/><F120/><W35/><G104/><T118/><D118/><U37/><E75/><V66/><F30/><W25/><G108/><T26/><D110/><U6/><E6/><V16/><F109/><W89/><G131/><T114/><D114/><U51/><E43/><V94/><F94/><W87/><G35/><T124/><D129/><U97/><E37/><V72/><F80/><W3/><G34/><T68/><D124/><U31/><E31/><V28/><F28/><W29/><G3/><T53/><D26/><U32/><E32/><V102/><F102/><W106/><G106/><T62/><D107/><U88/><E97/><V49/><F46/><W101/><G101/><T10/><D10/><U132/><E78/><N who="3" m="29738" /><G70/><T113/><D113/><U93/><E132/><V134/><F134/><W119/><G119/><T112/><D112/><U40/><E40/><V23/><F1/><W127/><G127/><T54/><D68/><U105/><E105/><V92/><F92/><W86/><G98/><T82/><D58/><U126/><E126/><V12/><F8/><W100/><G100/><T85/><REACH who="0" step="1"/><D99/><REACH who="0" ten="230,270,245,245" step="2"/><U130/><E130/><V91/><F73/><W17/><G96/><T103/><D103/><U117/><E117/><V135/><F72/><W19/><G25/><T121/><D121/><U116/><E116/><V74/><F74/><W111/><G111/><T24/><D24/><U44/><E71/><V36/><F135/><W7/><G87/><T42/><AGARI ba="0,1" hai="0,2,38,42,47,52,53,54,57,62,65,82,85,90" machi="42" ten="30,8000,1" yaku="1,1,0,1,52,2,54,1,53,0" doraHai="33" doraHaiUra="27" who="0" fromWho="0" sc="230,90,270,-40,245,-20,245,-20" />
</Scene>
<Scene>
<INIT seed="2,0,0,4,4,83" ten="320,230,225,225" oya="2" hai0="125,108,8,97,12,98,28,115,110,95,24,120,113" hai1="39,18,47,13,109,92,4,46,16,26,32,129,81" hai2="89,38,88,31,6,101,33,19,7,3,67,64,133" hai3="132,49,131,80,126,128,75,59,130,20,84,44,61"/><V42/><F101/><W116/><G75/><T102/><D125/><U72/><E4/><V99/><F133/><W96/><G116/><T79/><D120/><U90/><E109/><N who="0" m="42089" /><D79/><U11/><E129/><V17/><F31/><W91/><G132/><T70/><D70/><U85/><E39/><V10/><F33/><W135/><G135/><T48/><D48/><U15/><E26/><V63/><F7/><W94/><G20/><N who="0" m="15367" /><D97/><N who="1" m="57495" /><E32/><V123/><F123/><W54/><G126/><T111/><D111/><U23/><E72/><V124/><F124/><W76/><REACH who="3" step="1"/><G130/><REACH who="3" ten="320,230,225,215" step="2"/><T118/><D118/><U30/><E30/><V22/><F19/><AGARI ba="0,1" hai="8,12,19,95,98,102,113,115" m="15367,42089" machi="19" ten="30,1000,0" yaku="14,1" doraHai="83" who="0" fromWho="2" sc="320,20,230,0,225,-10,215,0" />
</Scene>
<Scene>
<INIT seed="3,0,0,2,0,133" ten="340,230,215,215" oya="3" hai0="64,43,81,27,30,23,12,122,41,96,104,47,49" hai1="11,110,97,51,36,16,67,117,8,106,10,78,69" hai2="4,123,52,34,6,21,15,42,7,33,134,18,85" hai3="26,63,125,66,111,54,2,121,119,116,107,61,118"/><W17/><G2/><T101/><D122/><U105/><E36/><V38/><F38/><W9/><G121/><T113/><D113/><U79/><E110/><V19/><F42/><W86/><G107/><T94/><D64/><U114/><E114/><V88/><F123/><W74/><G74/><T44/><D81/><U60/><E117/><V65/><F65/><W55/><G111/><T135/><D135/><U68/><E68/><V40/><F40/><W28/><G86/><T115/><D115/><U131/><E131/><V0/><F0/><W90/><G90/><T126/><D104/><U39/><E39/><V75/><F75/><W62/><G9/><T73/><D73/><U77/><E51/><V50/><F19/><W95/><G17/><T58/><D126/><U92/><REACH who="1" step="1"/><E16/><REACH who="1" ten="340,220,215,215" step="2"/><V80/><REACH who="2" step="1"/><F134/><REACH who="2" ten="340,220,205,215" step="2"/><W46/><G116/><T91/><D43/><U102/><AGARI ba="0,2" hai="8,10,11,60,67,69,77,78,79,92,97,102,105,106" machi="102" ten="30,4000,0" yaku="1,1,2,1,0,1,53,0" doraHai="133" doraHaiUra="22" who="1" fromWho="1" sc="340,-10,220,60,205,-10,215,-20" />
</Scene>
<Scene>
<INIT seed="4,0,0,3,2,74" ten="330,280,195,195" oya="0" hai0="64,34,7,61,122,93,73,28,44,78,109,45,59" hai1="115,13,126,94,20,39,65,38,24,12,54,101,77" hai2="6,123,125,68,16,96,86,9,83,128,97,95,114" hai3="134,53,48,37,18,100,32,90,106,3,107,21,43"/><T131/><D122/><U112/><E126/><V17/><F68/><W113/><G32/><T46/><D131/><U2/><E2/><V67/><F67/><W70/><G3/><T129/><D129/><U58/><E65/><V84/><F128/><W132/><G70/><T121/><D121/><U102/><E12/><V118/><F123/><W33/><G33/><T79/><D7/><U103/><E13/><V23/><F125/><W4/><G4/><T31/><D73/><U22/><E94/><V47/><F17/><W117/><G117/><T5/><D5/><U75/><E77/><N who="0" m="29193" /><D34/><U124/><E75/><V25/><F118/><W88/><G107/><T35/><D35/><U41/><E124/><V91/><F114/><N who="1" m="43561" /><E41/><V26/><F26/><W49/><G106/><T81/><D109/><U11/><E11/><V80/><F47/><W10/><G10/><T66/><D81/><N who="2" m="31306" /><F97/><W99/><G99/><T89/><D66/><U62/><E22/><V130/><F130/><W71/><G21/><T108/><D108/><U29/><AGARI ba="0,0" hai="20,24,29,38,39,54,58,62,101,102,103" m="43561" machi="29" ten="30,2000,0" yaku="15,1,11,1" doraHai="74" who="1" fromWho="1" sc="330,-10,280,20,195,-5,195,-5" />
</Scene>
<Scene>
<INIT seed="5,0,0,5,3,20" ten="320,300,190,190" oya="1" hai0="98,54,50,73,11,78,109,81,22,6,83,25,16" hai1="12,31,42,15,114,27,116,124,57,8,35,79,126" hai2="72,0,129,134,36,33,77,2,67,104,38,37,112" hai3="89,68,94,45,62,34,82,55,44,92,131,28,59"/><U60/><E116/><V88/><F88/><W3/><G3/><T80/><D98/><U105/><E105/><V102/><F67/><W121/><G121/><T74/><D109/><U14/><E114/><V18/><F18/><W125/><G68/><T9/><D74/><U66/><E79/><V122/><F77/><W49/><G131/><T53/><D54/><U75/><E75/><V5/><F102/><W7/><G7/><T133/><D133/><U106/><E106/><V61/><F61/><W21/><G34/><T17/><D17/><U103/><E103/><V1/><F5/><W87/><G125/><N who="1" m="48234" /><E42/><V100/><F122/><W99/><G45/><T119/><D119/><U76/><E76/><V64/><F64/><N who="3" m="39007" /><G99/><T115/><D115/><U56/><E56/><V70/><F112/><W10/><G10/><AGARI ba="0,0" hai="8,10,12,14,15,27,31,35,57,60,66" m="48234" machi="10" ten="30,2900,0" yaku="18,1,52,1" doraHai="20" who="1" fromWho="3" sc="320,0,300,29,190,0,190,-29" />
</Scene>
<Scene>
<INIT seed="5,1,0,2,4,2" ten="320,329,190,161" oya="1" hai0="125,52,72,40,63,117,51,77,113,70,41,6,23" hai1="43,15,9,90,127,49,45,56,31,10,106,57,25" hai2="103,59,101,64,67,118,82,95,66,18,131,20,28" hai3="71,12,39,110,60,135,3,112,119,11,13,86,73"/><U79/><E106/><V22/><F118/><W107/><RYUUKYOKU type="yao9" ba="1,0" sc="320,0,329,0,190,0,161,0" hai3="3,11,12,13,39,60,71,73,86,107,110,112,119,135" />
</Scene>
<Scene>
<INIT seed="5,2,0,4,0,63" ten="320,329,190,161" oya="1" hai0="0,32,11,69,3,1,61,112,86,118,101,2,13" hai1="104,31,15,95,89,133,55,36,58,105,71,132,125" hai2="4,29,88,10,30,37,135,67,49,110,93,83,127" hai3="94,56,60,102,46,12,77,79,66,9,64,26,90"/><U68/><E36/><V130/><F37/><W47/><G102/><T33/><D118/><U129/><E31/><V74/><F127/><W44/><G26/><T35/><D112/><U122/><E122/><V27/><F110/><W57/><G57/><T85/><D101/><U111/><E15/><V87/><F130/><W107/><G107/><T117/><D117/><U54/><E129/><V124/><F124/><W109/><G109/><T73/><D73/><U99/><E125/><V123/><F123/><W53/><G79/><T17/><N who="0" m="512" /><DORA hai="39" /><T115/><REACH who="0" step="1"/><D115/><REACH who="0" ten="310,329,190,161" step="2"/><U128/><E128/><V45/><F74/><W70/><G70/><T40/><D40/><U81/><E68/><V131/><F131/><W16/><REACH who="3" step="1"/><G77/><REACH who="3" ten="310,329,190,151" step="2"/><T62/><D62/><N who="1" m="36183" /><E71/><V97/><F27/><W100/><G100/><T43/><D43/><U19/><E111/><V51/><F135/><W52/><G52/><T42/><D42/><U72/><E55/><V75/><F75/><W78/><G78/><T6/><D6/><U41/><E41/><V114/><F114/><W25/><G25/><T76/><D76/><N who="1" m="44167" /><E133/><V34/><F88/><W5/><G5/><T113/><D113/><U82/><E132/><V8/><F4/><W14/><G14/><T65/><AGARI ba="2,2" hai="11,13,17,32,33,35,61,65,69,85,86" m="512" machi="65" ten="70,8000,1" yaku="1,1,0,1,52,1,53,0" doraHai="63,39" doraHaiUra="22,98" who="0" fromWho="0" sc="310,106,329,-42,190,-22,151,-22" />
</Scene>
<Scene>
<INIT seed="6,0,0,2,1,34" ten="416,287,168,129" oya="2" hai0="84,98,52,29,38,44,12,75,85,95,37,63,73" hai1="49,27,43,2,48,0,67,28,118,121,55,4,9" hai2="128,105,108,51,90,1,7,68,21,53,30,120,78" hai3="100,59,20,131,31,123,129,71,103,33,14,116,87"/><V92/><F105/><W19/><G123/><T96/><D29/><U83/><E118/><V6/><F68/><W97/><G116/><T77/><D12/><U86/><E121/><V66/><F66/><W80/><G71/><T82/><D75/><U113/><E113/><V41/><F41/><W74/><G74/><T81/><D73/><U89/><E67/><V25/><F120/><W18/><G59/><T135/><D135/><U65/><E65/><V69/><F69/><W54/><G54/><T40/><D38/><U101/><E43/><V42/><F42/><W115/><G115/><T88/><D95/><U45/><E49/><V56/><F108/><W107/><G100/><T72/><D72/><U109/><E101/><V126/><F126/><W62/><G62/><T32/><D32/><U127/><E127/><V76/><F128/><N who="3" m="49227" /><G33/><T64/><D52/><U93/><E109/><V57/><F57/><AGARI ba="0,0" hai="37,40,44,57,63,64,77,81,82,84,85,88,96,98" machi="57" ten="30,2000,0" yaku="7,1,54,1" doraHai="34" who="0" fromWho="2" sc="416,20,287,0,168,-20,129,0" />
</Scene>
<Scene>
<INIT seed="7,0,0,1,1,59" ten="436,287,148,129" oya="3" hai0="76,9,19,105,38,125,78,117,90,121,47,107,100" hai1="44,40,101,74,49,77,95,8,110,5,98,111,28" hai2="103,108,36,39,34,30,0,67,112,2,86,129,20" hai3="116,27,94,56,102,18,118,82,24,60,119,126,131"/><W122/><G122/><T106/><D100/><U79/><E28/><V12/><F103/><W53/><G131/><T75/><D75/><U73/><E73/><V6/><F67/><W63/><G126/><T92/><D38/><U114/><E114/><V83/><F108/><W4/><G82/><T48/><D117/><U57/><E77/><V104/><F104/><W134/><G4/><T7/><D19/><U80/><E57/><V71/><F71/><W29/><G134/><T43/><D125/><U70/><E70/><V72/><F72/><W23/><G94/><T69/><D69/><U91/><E101/><V135/><F135/><W42/><G42/><T15/><D121/><U32/><E32/><V130/><F34/><W25/><G102/><T35/><D35/><U115/><E115/><V16/><F30/><W10/><G10/><T85/><AGARI ba="0,0" hai="7,9,15,43,47,48,76,78,85,90,92,105,106,107" machi="85" ten="30,1100,0" yaku="0,1" doraHai="59" who="0" fromWho="0" sc="436,11,287,-3,148,-3,129,-5" owari="447,55.0,284,8.0,145,-25.0,124,-38.0" />
</Scene>
</mjloggm>