<mjloggm ver="2.3"><GO type="169" lobby="0"/><UN n0="%6B%6F%67%65%70%61%6E" n1="%41%53%41%50%49%4E" n2="%E5%88%BB%E5%AD%90%E5%B8%82%E6%B0%91" n3="%6D%61%63%6A%72" dan="18,19,16,16" rate="2208.35,2325.20,2109.83,2100.11" sx="M,M,M,M"/><TAIKYOKU oya="0"/>

<Scene>
<INIT seed="0,0,0,2,3,21" ten="250,250,250,250" oya="0" hai0="64,9,117,85,114,87,5,35,34,19,125,13,22" hai1="8,33,14,115,106,91,122,53,132,44,93,127,107" hai2="49,101,39,111,36,86,79,77,2,108,30,0,130" hai3="60,47,110,66,74,100,63,94,120,56,50,29,121"/><T88/><D114/><U89/><E122/><N who="3" m="47210" /><G74/><T73/><D73/><U126/><E115/><V7/><F130/><W128/><G100/><T43/><D117/><U48/><E33/><V27/><F101/><W98/><G94/><T41/><D125/><N who="1" m="47627" /><E132/><V70/><F70/><N who="3" m="42311" /><G29/><T133/><D133/><U24/><E24/><V26/><F49/><W51/><G98/><T95/><D64/><U104/><E93/><V28/><F7/><AGARI ba="0,0" hai="7,8,14,44,48,53,89,91,104,106,107" m="47627" machi="7" ten="40,1300,0" yaku="18,1" doraHai="21" who="1" fromWho="2" sc="250,0,250,13,250,-13,250,0" />
</Scene>
<Scene>
<INIT seed="1,0,0,3,5,124" ten="250,263,237,250" oya="1" hai0="109,37,112,30,53,111,35,50,17,101,19,78,1" hai1="20,125,85,52,63,74,61,72,60,3,45,131,31" hai2="26,13,65,32,127,83,8,33,38,87,56,102,5" hai3="47,16,12,120,80,42,79,73,135,24,6,77,15"/><U66/><E3/><V97/><F38/><W57/><G120/><T82/><D37/><U46/><E125/><V18/><F127/><W94/><G135/><T9/><D101/><U118/><E118/><V92/><F65/><W119/><G119/><T44/><D112/><U93/><E66/><V23/><REACH who="2" step="1"/><F56/><REACH who="2" ten="250,263,227,250" step="2"/><W11/><G57/><T54/><D111/><U84/><E61/><V106/><F106/><W114/><G114/><T49/><D109/><U108/><E63/><V39/><F39/><W129/><G47/><T128/><D44/><U132/><E46/><V0/><F0/><W36/><G36/><T89/><D1/><U70/><E60/><V10/><F10/><W27/><G11/><T104/><D9/><U34/><E45/><V64/><F64/><W110/><G110/><T107/><D104/><U55/><E108/><V123/><F123/><W58/><G58/><T68/><D107/><U29/><E55/><V41/><F41/><W25/><G42/><T116/><D54/><U71/><E52/><V88/><AGARI ba="0,1" hai="5,8,13,18,23,26,32,33,83,87,88,92,97,102" machi="88" ten="20,8000,1" yaku="1,1,0,1,7,1,54,1,53,1" doraHai="124" doraHaiUra="96" who="2" fromWho="2" sc="250,-20,263,-40,227,90,250,-20" />
</Scene>
<Scene>
<INIT seed="2,0,0,2,5,57" ten="230,223,317,230" oya="2" hai0="33,78,14,61,16,43,49,53,88,48,7,56,50" hai1="119,20,18,104,122,101,102,45,46,107,60,74,3" hai2="112,44,38,75,68,8,63,62,28,105,71,129,2" hai3="86,84,99,13,69,23,92,55,98,24,96,67,17"/><V132/><F105/><W40/><G40/><T117/><D33/><U65/><E119/><V95/><F112/><W6/><G92/><T64/><D117/><U15/><E74/><V115/><F115/><W94/><G94/><T0/><D78/><U54/><E3/><V51/><F28/><W125/><G125/><T106/><D106/><U58/><E122/><V80/><F129/><W9/><REACH who="3" step="1"/><G55/><REACH who="3" ten="230,223,317,220" step="2"/><T27/><D43/><U31/><E107/><V87/><F95/><W25/><G25/><T73/><D27/><N who="1" m="16871" /><E104/><V36/><F36/><W127/><G127/><T26/><D26/><U113/><E113/><V110/><F38/><W11/><G11/><T34/><D53/><U93/><E54/><V133/><F8/><W4/><G4/><T76/><D7/><U41/><E41/><V1/><F132/><W83/><G83/><T81/><D0/><U111/><E93/><V108/><F133/><W82/><G82/><T114/><D114/><U120/><E120/><V130/><F2/><W103/><G103/><N who="1" m="39434" /><E111/><V135/><F1/><W52/><G52/><T90/><REACH who="0" step="1"/><D34/><REACH who="0" ten="220,223,317,220" step="2"/><U37/><E37/><V79/><F135/><W42/><G42/><T85/><D85/><U118/><E118/><V128/><F87/><W21/><G21/><AGARI ba="0,2" hai="14,16,21,48,49,50,56,61,64,73,76,81,88,90" machi="21" ten="40,8000,1" yaku="1,1,52,1,54,2,53,1" doraHai="57" doraHaiUra="12" who="0" fromWho="3" sc="220,100,223,0,317,0,220,-80" /><AGARI ba="0,0" hai="15,18,21,45,46,58,60,65" m="39434,16871" machi="21" ten="30,2000,0" yaku="8,1,52,1" doraHai="57" who="1" fromWho="3" sc="320,0,223,20,317,0,140,-20" />
</Scene>
<Scene>
<INIT seed="3,0,0,0,0,57" ten="320,243,317,120" oya="3" hai0="109,50,60,55,114,72,120,15,89,26,1,30,86" hai1="49,41,113,35,34,110,128,76,104,132,32,107,80" hai2="16,99,29,11,56,39,51,103,112,97,130,131,13" hai3="117,70,4,58,105,25,52,7,123,95,22,24,100"/><W18/><G117/><T106/><D1/><U3/><E113/><V126/><F39/><W102/><G123/><T98/><D120/><U133/><E3/><V75/><F112/><W54/><G70/><T65/><D72/><U135/><E110/><V33/><F75/><W87/><G105/><T119/><D15/><U40/><E128/><N who="2" m="49195" /><F126/><W38/><G38/><T62/><D109/><U19/><E19/><V127/><F127/><W31/><G100/><T66/><D119/><U124/><E124/><V111/><F111/><W21/><G54/><T81/><D114/><U115/><E115/><V122/><F122/><W6/><G87/><T96/><D66/><U121/><E121/><V68/><F68/><W79/><G79/><T93/><D106/><N who="1" m="40491" /><E49/><V61/><F51/><W46/><G46/><N who="0" m="28119" /><D65/><U20/><E20/><V42/><F103/><W63/><REACH who="3" step="1"/><G6/><REACH who="3" ten="320,243,317,110" step="2"/><T10/><D86/><AGARI ba="0,1" hai="32,34,35,40,41,76,80,86,132,133,135" m="40491" machi="86" ten="40,1300,0" yaku="20,1" doraHai="57" who="1" fromWho="0" sc="320,-13,243,23,317,0,110,0" />
</Scene>
<Scene>
<INIT seed="4,0,0,0,2,79" ten="307,266,317,110" oya="0" hai0="5,51,101,89,52,3,34,63,35,27,118,23,123" hai1="127,84,6,132,80,121,119,77,45,44,94,91,66" hai2="83,38,96,106,131,30,114,130,54,48,86,49,39" hai3="26,62,92,68,110,100,58,21,90,113,56,111,65"/><T72/><D118/><U16/><E119/><V36/><F30/><W28/><G100/><T99/><D72/><U115/><E121/><V122/><F122/><W108/><REACH who="3" step="1"/><G113/><REACH who="3" ten="307,266,317,100" step="2"/><T53/><D101/><U112/><E115/><V81/><F114/><W40/><G40/><T33/><D123/><U98/><E112/><V47/><F131/><W13/><G13/><T74/><D3/><U109/><E109/><V93/><F130/><W57/><G57/><N who="0" m="35239" /><D74/><U69/><E45/><V22/><F106/><W42/><G42/><T9/><D5/><U76/><E44/><V18/><F47/><W43/><G43/><T105/><D105/><U24/><E6/><V133/><F38/><W20/><G20/><T87/><D9/><U70/><E70/><V41/><F22/><W129/><G129/><T1/><D1/><U61/><E69/><V120/><F41/><W37/><G37/><T7/><D7/><U4/><E4/><V126/><F120/><W67/><G67/><T134/><D33/><U59/><E66/><V107/><F107/><W11/><G11/><T32/><D35/><U75/><E75/><V17/><F36/><W14/><G14/><T55/><D34/><U15/><E15/><V95/><F39/><W50/><G50/><T135/><D32/><U64/><E64/><V85/><F48/><W12/><G12/><T116/><D51/><U97/><E59/><V88/><F49/><W124/><G124/><T103/><D103/><U104/><E127/><V71/><F126/><W2/><G2/><T29/><D116/><U8/><E104/><V125/><F125/><RYUUKYOKU ba="0,1" sc="307,-10,266,-10,317,-10,100,30" hai3="21,26,28,56,58,62,65,68,90,92,108,110,111" />
</Scene>
<Scene>
<INIT seed="5,1,1,1,4,34" ten="297,256,307,130" oya="1" hai0="61,84,39,86,104,124,5,31,103,81,58,50,66" hai1="129,117,116,55,59,56,28,23,118,16,88,79,44" hai2="102,125,89,41,68,131,32,37,67,75,26,113,12" hai3="94,132,111,3,74,122,130,107,99,77,73,57,45"/><U9/><E129/><V60/><F89/><W49/><G111/><T109/><D39/><U83/><E28/><V133/><F12/><W1/><G122/><T10/><D109/><U91/><E9/><V0/><F131/><W105/><G130/><T110/><D110/><U40/><E44/><V70/><F68/><W112/><G57/><T6/><D31/><U2/><E40/><V30/><F133/><W123/><G123/><T134/><D103/><U48/><E59/><V24/><F24/><W22/><G132/><T43/><D104/><U106/><E106/><V80/><F102/><W35/><G35/><T53/><D43/><U65/><E65/><V135/><F135/><W29/><G105/><T42/><D42/><U120/><E2/><V36/><F0/><W38/><G38/><T128/><D128/><U127/><E127/><V18/><F125/><W108/><G107/><T78/><D124/><U76/><E120/><V121/><F121/><W126/><G126/><T64/><D64/><U27/><REACH who="1" step="1"/><E79/><REACH who="1" ten="297,246,307,130" step="2"/><N who="2" m="44159" /><F41/><W19/><G77/><N who="0" m="46127" /><D10/><U17/><E17/><V71/><F18/><W21/><G19/><T62/><D134/><U8/><E8/><V85/><F37/><W7/><G29/><T100/><D66/><U97/><E97/><V69/><F36/><W92/><G108/><T4/><D100/><U93/><E93/><V114/><F70/><W20/><G3/><T96/><D96/><U101/><E101/><V46/><F71/><W47/><G99/><T14/><D78/><U11/><E11/><V115/><F46/><W54/><G1/><T87/><D58/><RYUUKYOKU ba="1,2" sc="297,-15,246,15,307,15,130,-15" hai1="16,23,27,48,55,56,76,83,88,91,116,117,118" hai2="26,30,32,60,67,69,85,113,114,115" />
</Scene>
<Scene>
<INIT seed="5,2,2,1,3,119" ten="282,261,322,115" oya="1" hai0="53,131,118,125,31,68,20,108,132,2,114,59,0" hai1="62,106,27,26,80,97,77,30,13,1,28,95,74" hai2="76,100,47,86,103,96,64,6,99,78,84,19,33" hai3="126,94,12,63,24,61,116,49,93,55,115,57,16"/><U9/><E1/><V14/><F33/><W129/><G116/><T43/><D118/><U122/><E106/><V135/><F64/><W130/><G115/><T133/><D108/><U109/><E109/><V17/><F6/><W72/><G72/><T8/><D68/><U21/><E122/><V79/><F135/><W46/><G24/><N who="0" m="16775" /><D43/><U25/><E62/><V105/><F47/><W87/><G61/><T42/><D42/><U121/><E121/><V83/><F14/><W98/><G87/><N who="2" m="33321" /><F19/><W112/><G112/><T52/><D53/><U45/><E45/><V23/><F17/><W90/><G93/><T32/><D32/><U117/><E117/><V37/><F23/><W15/><G126/><T34/><D34/><U128/><E128/><N who="3" m="49258" /><G16/><T58/><D125/><U124/><E124/><V82/><F37/><W91/><G91/><T5/><D131/><U29/><E21/><V101/><F105/><W70/><G70/><T75/><D114/><U107/><E107/><V11/><F11/><W36/><G36/><T110/><D110/><U89/><REACH who="1" step="1"/><E29/><REACH who="1" ten="282,251,322,115" step="2"/><V38/><F38/><W66/><AGARI ba="2,3" hai="12,15,46,49,55,57,63,66,90,94,98" m="49258" machi="66" ten="30,1100,0" yaku="19,1" doraHai="119" who="3" fromWho="3" sc="282,-5,251,-7,322,-5,115,47" />
</Scene>
<Scene>
<INIT seed="6,0,0,1,4,30" ten="277,244,317,162" oya="2" hai0="0,120,114,25,116,98,133,17,58,13,2,41,26" hai1="122,61,53,97,74,42,134,90,88,63,107,50,75" hai2="106,6,119,79,86,46,118,16,47,11,101,71,123" hai3="37,102,9,110,29,108,28,84,55,10,131,99,31"/><V18/><F71/><W117/><G117/><T100/><D120/><U103/><E122/><V70/><F70/><W56/><G37/><T80/><D114/><U67/><E42/><V73/><F73/><W83/><G131/><T121/><D121/><U69/><E63/><V12/><F123/><W96/><G108/><T78/><D133/><U38/><E38/><V1/><F106/><W65/><G65/><T51/><D2/><U57/><E134/><V20/><F101/><W14/><G110/><T111/><D0/><U105/><E105/><V23/><F47/><W112/><G112/><T125/><D125/><U113/><E113/><V8/><F46/><W130/><G130/><T5/><D5/><U124/><E124/><V64/><F64/><W132/><G132/><T15/><D15/><U49/><E49/><V60/><F60/><W89/><G102/><T52/><D41/><U22/><E90/><V32/><F32/><W128/><G128/><T39/><D39/><U21/><E21/><V54/><F54/><W35/><G35/><T27/><D116/><U126/><E126/><V82/><F11/><W36/><G36/><T24/><D111/><U68/><E68/><V59/><F59/><W3/><G3/><T40/><D40/><U135/><E135/><V48/><F48/><N who="3" m="30823" /><G10/><T4/><D100/><U127/><E127/><V43/><F43/><W129/><G129/><T66/><D66/><U115/><E115/><V7/><F118/><W93/><G83/><T72/><N who="0" m="6144" /><DORA hai="87" /><T44/><D58/><U81/><E22/><N who="2" m="8235" /><F119/><W85/><G96/><T77/><D98/><RYUUKYOKU ba="0,0" sc="277,-30,244,10,317,10,162,10" hai1="50,53,57,61,67,69,74,75,81,88,97,103,107" hai2="1,6,7,8,12,16,18,79,82,86" hai3="9,14,28,29,31,84,85,89,93,99" />
</Scene>
<Scene>
<INIT seed="6,1,0,3,4,80" ten="247,254,327,172" oya="2" hai0="91,54,17,29,109,60,129,86,90,79,46,96,49" hai1="66,98,16,21,122,114,38,130,1,105,103,19,97" hai2="4,10,44,45,35,118,12,63,9,115,0,7,36" hai3="74,37,33,117,85,50,55,59,134,62,64,5,89"/><V22/><F118/><W121/><G117/><T57/><D109/><U112/><E38/><V6/><F35/><W123/><G74/><T70/><D129/><U65/><E1/><V31/><F115/><N who="1" m="44073" /><E130/><V69/><F36/><W108/><G108/><T131/><D131/><U116/><E116/><V8/><F31/><W23/><G33/><T132/><D132/><U2/><E2/><V58/><F69/><W48/><G37/><T71/><D29/><U14/><E122/><V26/><F26/><W56/><G134/><T128/><D128/><U107/><E19/><V20/><F20/><W52/><G23/><T68/><D17/><U3/><E3/><V111/><F111/><W119/><G5/><T51/><D96/><N who="1" m="36971" /><E103/><V102/><F102/><W34/><G34/><T43/><REACH who="0" step="1"/><D60/><REACH who="0" ten="237,254,327,172" step="2"/><U104/><AGARI ba="1,1" hai="14,16,21,65,66,104,105,107" m="36971,44073" machi="104" ten="40,2700,0" yaku="15,1,54,1" doraHai="80" who="1" fromWho="1" sc="237,-8,254,40,327,-14,172,-8" />
</Scene>
<Scene>
<INIT seed="7,0,0,3,0,98" ten="229,294,313,164" oya="3" hai0="97,40,102,93,20,31,16,53,19,48,55,21,39" hai1="45,115,62,89,100,132,99,106,36,24,120,23,15" hai2="6,71,44,119,66,65,63,131,91,108,56,80,81" hai3="59,30,90,130,83,125,87,117,32,104,133,121,105"/><W96/><G117/><T109/><D109/><U9/><E120/><V3/><F108/><W77/><G121/><T60/><D39/><U8/><E115/><V101/><F119/><W114/><G114/><T113/><D113/><U75/><E75/><V52/><F131/><W127/><G59/><T64/><D40/><U10/><E132/><V72/><F101/><N who="3" m="62503" /><G30/><T129/><D129/><U134/><E134/><V124/><F71/><W54/><G32/><T103/><D31/><U14/><E89/><V34/><F34/><W61/><G130/><T43/><D43/><U111/><E111/><V70/><F70/><W58/><G105/><T78/><D78/><U25/><E36/><V94/><F72/><W128/><G128/><T38/><D38/><U123/><E123/><V13/><F3/><W86/><G133/><T5/><D5/><U50/><E62/><V1/><F1/><W88/><G87/><T74/><D74/><U57/><E57/><V82/><F44/><W51/><G61/><T110/><D110/><U42/><REACH who="1" step="1"/><E25/><REACH who="1" ten="229,284,313,164" step="2"/><V47/><F47/><W22/><G22/><T37/><D37/><U0/><E0/><V35/><F35/><W68/><G68/><T17/><D21/><U84/><E84/><N who="2" m="52583" /><F124/><AGARI ba="0,1" hai="51,54,58,77,83,86,88,90,124,125,127" m="62503" machi="124" ten="30,5800,0" yaku="18,1,52,1,54,1" doraHai="98" who="3" fromWho="2" sc="229,0,284,0,313,-58,164,68" />
</Scene>
<Scene>
<INIT seed="7,1,0,5,4,54" ten="229,284,255,232" oya="3" hai0="86,109,30,14,35,71,44,105,42,133,48,20,2" hai1="52,108,57,81,129,119,69,21,45,134,37,34,33" hai2="85,114,12,66,11,64,55,125,79,36,116,89,113" hai3="61,28,59,78,83,43,93,49,135,40,124,74,112"/><W10/><G112/><N who="2" m="43113" /><F116/><W17/><G135/><T130/><D109/><U67/><E108/><V99/><F36/><W120/><G120/><T9/><D130/><U47/><E134/><V121/><F125/><W39/><G124/><T8/><D133/><U56/><E129/><V126/><F126/><W82/><G39/><T3/><D105/><U115/><E115/><V27/><F121/><W24/><G82/><T92/><D71/><U50/><E119/><V107/><F27/><W38/><G38/><T94/><D35/><U19/><E45/><V97/><F79/><W101/><G49/><T18/><D3/><U80/><E34/><V51/><F107/><W132/><G132/><T128/><D128/><U26/><E33/><V73/><F73/><W100/><G17/><T23/><D2/><U102/><E102/><V25/><F25/><W53/><G10/><N who="0" m="4203" /><D86/><U91/><E69/><V68/><F68/><W29/><G100/><T16/><D30/><U5/><E5/><N who="2" m="3183" /><F99/><W7/><G7/><T103/><D103/><U95/><E37/><V106/><F97/><W77/><G77/><T41/><D42/><U75/><E75/><V110/><F106/><W131/><G131/><T65/><D65/><U123/><E67/><V127/><F127/><W63/><G29/><T70/><D70/><U117/><E123/><V6/><F6/><W72/><G72/><T84/><D84/><N who="1" m="52711" /><E117/><V60/><F110/><W118/><G118/><T88/><D88/><U46/><E46/><N who="2" m="28151" /><F89/><W0/><G0/><T76/><D76/><U87/><E87/><V15/><F85/><W4/><G74/><RYUUKYOKU ba="1,0" sc="229,15,284,15,255,-15,232,-15" hai0="14,16,18,20,23,41,44,48,92,94" hai1="19,21,26,47,50,52,56,57,80,81" />
</Scene>
<Scene>
<INIT seed="8,2,0,1,2,63" ten="244,299,240,217" oya="0" hai0="118,28,46,89,53,45,116,100,54,82,129,110,70" hai1="67,106,91,49,133,108,36,48,113,86,22,44,105" hai2="95,122,1,90,93,69,33,74,50,114,42,5,18" hai3="68,125,37,25,21,51,23,32,4,9,65,27,13"/><T16/><D70/><U7/><E108/><V19/><F114/><W115/><G37/><T72/><D28/><U38/><E113/><V47/><F122/><W59/><G115/><T30/><D30/><U10/><E49/><V55/><F33/><W14/><G125/><T0/><D0/><U119/><E119/><V12/><F74/><W2/><G68/><T98/><D129/><U88/><E133/><V109/><F109/><W92/><G2/><T135/><D135/><U134/><E134/><V29/><F29/><W102/><G14/><T101/><D110/><U126/><E67/><V76/><F76/><W35/><G35/><T40/><D72/><U84/><E22/><N who="3" m="8202" /><G32/><T111/><D111/><U56/><E56/><V121/><F121/><W8/><G8/><T31/><D31/><U64/><E64/><V57/><F69/><W17/><G4/><T20/><D118/><U132/><E126/><V62/><F1/><W80/><G80/><T96/><D82/><U58/><E58/><V131/><F131/><W77/><G77/><T60/><D116/><U34/><E34/><V112/><F112/><W26/><G51/><T103/><D60/><U120/><E120/><V97/><F95/><W78/><G78/><T66/><D66/><U75/><E75/><V104/><F104/><N who="1" m="40041" /><E132/><V130/><F130/><W117/><G117/><T79/><D79/><U124/><E124/><V3/><F3/><W107/><G107/><T11/><D11/><AGARI ba="2,0" hai="5,11,12,18,19,42,47,50,55,57,62,90,93,97" machi="11" ten="40,1300,0" yaku="8,1" doraHai="63" who="2" fromWho="0" sc="244,-19,299,0,240,19,217,0" />
</Scene>
<Scene>
<INIT seed="9,0,0,4,3,91" ten="225,299,259,217" oya="1" hai0="57,135,92,22,72,61,25,111,51,17,2,127,31" hai1="58,69,0,47,124,131,7,121,129,89,50,119,97" hai2="66,98,67,46,38,30,93,59,16,116,23,27,82" hai3="68,84,81,43,94,105,5,112,63,15,45,35,11"/><U117/><E69/><V37/><F116/><N who="1" m="44617" /><E121/><V73/><F46/><W125/><G112/><T79/><D111/><U42/><E124/><V10/><F73/><W55/><G105/><T120/><D135/><U26/><E26/><V20/><F10/><W110/><G110/><T102/><D2/><U78/><E78/><V3/><F82/><W87/><G35/><T44/><D72/><U113/><E113/><V56/><F3/><W90/><G125/><T123/><D79/><U29/><E29/><V76/><F76/><W100/><G100/><T12/><D127/><U80/><E7/><V118/><F118/><W54/><G63/><T18/><D12/><U109/><E0/><V122/><F122/><N who="0" m="46634" /><D51/><U13/><E13/><N who="2" m="9231" /><F37/><W133/><G68/><T134/><D44/><U32/><E32/><V28/><F38/><W36/><REACH who="3" step="1"/><G133/><REACH who="3" ten="225,299,259,207" step="2"/><T96/><D134/><U106/><E106/><V132/><F132/><W14/><G14/><T21/><D21/><U40/><E109/><V85/><F23/><W126/><G126/><T52/><AGARI ba="0,1" hai="17,18,22,25,31,52,57,61,92,96,102" m="46634" machi="52" ten="30,4000,0" yaku="13,1,52,1,54,1" doraHai="91" who="0" fromWho="0" sc="225,50,299,-20,259,-10,207,-10" />
</Scene>
<Scene>
<INIT seed="10,0,0,5,1,40" ten="275,279,249,197" oya="2" hai0="71,73,78,43,21,130,57,70,69,118,32,19,68" hai1="11,88,15,106,123,45,115,75,101,24,16,51,65" hai2="29,133,99,28,132,63,117,111,112,46,84,66,64" hai3="5,107,85,55,27,47,80,48,86,33,53,98,20"/><V2/><F112/><W52/><G33/><T109/><D109/><U96/><E115/><V54/><F111/><W4/><G107/><T82/><D130/><U108/><E108/><V134/><F117/><W60/><G98/><T1/><D1/><U79/><E123/><V14/><F2/><W13/><G85/><T74/><D32/><U76/><E75/><V35/><F99/><W110/><G110/><T34/><D34/><U37/><E37/><V72/><F72/><W83/><G83/><T39/><D74/><U50/><E50/><N who="2" m="29015" /><F35/><W23/><G23/><T22/><D118/><U10/><E65/><N who="2" m="25195" /><F63/><W67/><G67/><T94/><D57/><U102/><E102/><V36/><F36/><W17/><G60/><T89/><D71/><U104/><E104/><V121/><F121/><W103/><G103/><T127/><D127/><U7/><E24/><V77/><F14/><W44/><G44/><N who="0" m="23679" /><D70/><U128/><E128/><V38/><F38/><W62/><G62/><T105/><D69/><U0/><E88/><V95/><F77/><N who="3" m="46351" /><G27/><N who="0" m="14783" /><D68/><U92/><E106/><V113/><F113/><W31/><G31/><T49/><D105/><U59/><E59/><V18/><F84/><W122/><G122/><T93/><D89/><U3/><E3/><V25/><F95/><W91/><G91/><T12/><D49/><U42/><AGARI ba="0,0" hai="0,7,10,11,15,16,42,45,51,76,79,92,96,101" machi="42" ten="20,5200,0" yaku="0,1,7,1,52,1,54,1" doraHai="40" who="1" fromWho="1" sc="275,-13,279,52,249,-26,197,-13" owari="262,6.0,331,44.0,223,-18.0,184,-32.0" />
</Scene>
</mjloggm>