<mjloggm ver="2.3"><GO type="169"/><UN n0="%E2%98%86%E6%97%A5%E5%90%91%E5%A4%8F%E7%BE%8E%E2%98%86" n1="%E3%81%98%E3%82%83%E3%81%8C%E3%81%84%E3%82%82%E5%89%A3%E5%A3%AB" n2="%70%61%75%73%65" n3="%41%53%41%50%49%4E" dan="16,16,16,18" rate="2070,2074,2116,2243" sx="F,M,F,M"/><TAIKYOKU oya="0"/>

<Scene>
<INIT seed="0,0,0,2,4,28" ten="250,250,250,250" oya="0" hai0="106,6,104,77,121,117,65,43,18,100,113,132,107" hai1="133,81,80,97,73,47,85,13,42,33,74,88,44" hai2="102,109,5,134,40,4,61,114,52,38,72,53,84" hai3="115,118,103,91,123,111,79,45,60,99,10,82,20"/><T7/><D121/><U92/><E133/><V46/><F72/><W16/><G115/><T110/><D113/><U126/><E126/><V112/><F134/><W31/><G123/><T11/><D132/><U83/><E47/><V54/><F109/><W96/><G111/><T68/><D110/><U135/><E135/><V37/><F37/><W76/><G118/><T21/><D117/><U116/><E116/><V14/><F102/><W17/><G60/><T71/><D43/><U129/><E129/><V122/><F122/><W70/><G70/><T98/><D77/><U0/><E0/><V78/><F61/><W34/><G79/><T69/><D65/><U49/><E33/><V1/><F1/><W128/><G128/><T22/><D22/><U125/><E125/><V55/><N who="2" m="13312" /><DORA hai="41" /><V67/><F67/><W12/><G45/><T131/><D131/><U90/><REACH who="1" step="1"/><E13/><REACH who="1" ten="250,240,250,250" step="2"/><V95/><F14/><W75/><G34/><T30/><D30/><U64/><E64/><V119/><F119/><W63/><G31/><T57/><D57/><U58/><E58/><V59/><F59/><W87/><G63/><T29/><D29/><U32/><E32/><V36/><F114/><W101/><G101/><T27/><REACH who="0" step="1"/><D11/><REACH who="0" ten="240,240,250,250" step="2"/><U62/><E62/><V15/><F112/><W124/><G124/><T39/><D39/><U23/><E23/><V19/><F38/><W2/><G20/><T9/><D9/><U51/><E51/><V66/><F66/><W24/><G10/><T48/><D48/><U8/><E8/><V86/><F36/><W130/><G130/><T35/><D35/><RYUUKYOKU ba="0,2" sc="240,15,240,15,250,-15,250,-15" hai0="6,7,18,21,27,68,69,71,98,100,104,106,107" hai1="42,44,49,73,74,80,81,83,85,88,90,92,97" />
</Scene>
<Scene>
<INIT seed="0,1,2,2,3,52" ten="255,255,235,235" oya="0" hai0="68,134,59,118,50,88,107,76,16,24,7,55,97" hai1="2,89,31,6,84,17,85,132,40,29,49,8,9" hai2="100,20,122,121,38,48,75,53,86,129,92,135,3" hai3="1,15,67,73,19,51,105,109,127,56,124,47,114"/><T44/><D118/><U32/><E132/><V42/><F75/><W123/><G114/><T39/><D68/><U22/><E9/><V128/><F3/><W99/><G73/><T37/><D134/><U58/><E32/><V115/><F135/><W111/><G1/><T61/><D76/><U57/><E85/><V11/><F115/><W119/><G119/><T60/><D7/><U126/><E126/><N who="3" m="48170" /><G99/><T91/><D61/><U64/><E40/><V104/><F11/><N who="3" m="6655" /><G105/><T54/><D107/><U70/><E70/><V116/><F116/><W77/><G77/><T94/><D91/><U25/><E49/><V14/><F42/><N who="3" m="25079" /><G123/><T87/><D87/><U82/><REACH who="1" step="1"/><E64/><REACH who="1" ten="255,245,235,235" step="2"/><V45/><F122/><W69/><G69/><T103/><D103/><U4/><E4/><V131/><F121/><W0/><G0/><T30/><REACH who="0" step="1"/><D16/><REACH who="0" ten="245,245,235,235" step="2"/><U78/><E78/><V117/><F100/><W130/><G130/><T101/><D101/><U33/><E33/><AGARI ba="1,4" hai="24,30,33,37,39,44,50,54,55,59,60,88,94,97" machi="33" ten="30,11600,0" yaku="1,1,7,1,52,1,54,1,53,0" doraHai="52" doraHaiUra="79" who="0" fromWho="1" sc="245,159,245,-119,235,0,235,0" />
</Scene>
<Scene>
<INIT seed="0,2,0,1,2,100" ten="404,126,235,235" oya="0" hai0="124,8,59,125,27,68,90,117,122,89,0,77,19" hai1="72,3,24,92,21,11,96,123,6,15,25,128,52" hai2="135,61,113,112,99,101,126,10,116,71,78,132,131" hai3="2,32,17,107,65,51,114,88,30,55,20,22,106"/><T95/><D122/><U35/><E123/><V26/><F116/><W31/><G114/><T69/><D117/><U7/><E72/><V133/><F126/><N who="0" m="48746" /><D77/><U76/><E76/><V83/><F131/><W57/><G2/><T84/><D59/><U28/><E128/><V42/><F42/><W56/><G32/><T37/><D37/><U75/><E75/><N who="2" m="43487" /><F10/><W45/><G45/><T41/><D41/><U82/><E82/><V129/><F26/><W120/><G120/><T119/><D119/><U70/><E70/><V47/><F47/><W64/><G17/><T54/><D54/><U104/><E7/><V46/><F46/><W109/><G55/><T93/><D0/><U102/><E52/><V97/><F129/><W86/><G86/><N who="0" m="52407" /><D8/><U44/><E44/><V23/><F112/><W62/><G88/><T4/><D4/><U14/><REACH who="1" step="1"/><E92/><REACH who="1" ten="404,116,235,235" step="2"/><V43/><F113/><W121/><G121/><T60/><D60/><U58/><E58/><V115/><F115/><W9/><G62/><T73/><D73/><U16/><AGARI ba="2,1" hai="3,6,11,14,15,16,21,24,25,28,35,96,102,104" machi="16" ten="20,12000,2" yaku="1,1,0,1,7,1,52,1,54,1,53,1" doraHai="100" doraHaiUra="18" who="1" fromWho="1" sc="404,-62,116,136,235,-32,235,-32" />
</Scene>
<Scene>
<INIT seed="1,0,0,2,0,38" ten="342,252,203,203" oya="1" hai0="51,40,130,83,81,13,71,111,4,64,27,104,42" hai1="1,11,21,8,31,134,33,94,82,73,2,133,91" hai2="89,118,92,61,54,78,22,121,119,23,90,72,85" hai3="79,124,15,93,106,46,66,95,97,17,24,68,113"/><U102/><E102/><V28/><F121/><W12/><G113/><T6/><D104/><U9/><E73/><V18/><F28/><W117/><G117/><T99/><D111/><U86/><E33/><V63/><F72/><W88/><G124/><T45/><D130/><U65/><E65/><V30/><F78/><W123/><G123/><T37/><D71/><U132/><REACH who="1" step="1"/><E82/><REACH who="1" ten="342,242,203,203" step="2"/><V135/><F118/><W53/><G66/><T101/><D64/><U110/><E110/><V108/><F119/><W116/><G116/><T49/><D83/><U77/><E77/><V55/><F108/><W59/><G79/><T0/><D81/><U50/><E50/><V100/><F100/><W112/><G112/><T107/><D51/><U103/><E103/><V80/><F80/><W57/><G106/><T47/><D107/><U7/><E7/><V120/><F120/><W16/><G68/><T125/><D4/><U67/><E67/><V3/><F63/><W60/><G60/><T75/><D6/><U98/><E98/><V35/><F61/><W29/><G95/><T58/><D99/><U114/><E114/><V32/><F92/><W36/><G36/><T127/><D37/><U109/><E109/><V19/><F35/><W105/><G105/><T70/><D70/><U115/><E115/><V52/><F32/><W10/><G97/><T126/><D125/><U76/><E76/><V43/><F85/><W5/><G93/><T26/><D127/><U39/><E39/><V131/><F131/><W69/><G5/><T41/><D126/><U84/><E84/><V20/><F89/><RYUUKYOKU ba="0,1" sc="342,-10,242,30,203,-10,203,-10" hai1="1,2,8,9,11,21,31,86,91,94,132,133,134" />
</Scene>
<Scene>
<INIT seed="1,1,1,0,3,17" ten="332,272,193,193" oya="1" hai0="100,13,132,94,55,121,26,107,59,127,116,20,65" hai1="45,96,68,84,81,46,64,108,18,32,58,4,93" hai2="23,113,34,57,83,60,66,128,44,11,0,119,28" hai3="9,129,78,47,31,70,89,125,42,24,29,67,33"/><U1/><E32/><V92/><F119/><W104/><G104/><T71/><D116/><U115/><E115/><V131/><F113/><W90/><G129/><N who="2" m="49737" /><F83/><W39/><G125/><T16/><D107/><U87/><E68/><V130/><F130/><W25/><G78/><T38/><D38/><U6/><E108/><V124/><F124/><W106/><G106/><T7/><D127/><U102/><E1/><V76/><F76/><W3/><G67/><T134/><D71/><U51/><E46/><V40/><F34/><W126/><G70/><T10/><D65/><U8/><E6/><N who="2" m="1479" /><F92/><W52/><G126/><T35/><D121/><U54/><E4/><V109/><F109/><W19/><G3/><T14/><D100/><U63/><E81/><V41/><F44/><W43/><G43/><N who="2" m="16457" /><F28/><W75/><G75/><T91/><D35/><U95/><E95/><V72/><F72/><W36/><G36/><T99/><REACH who="0" step="1"/><D14/><AGARI ba="1,1" hai="8,14,18,45,51,54,58,63,64,84,87,93,96,102" machi="14" ten="40,2000,0" yaku="8,1" doraHai="17" who="1" fromWho="0" sc="332,-23,272,33,193,0,193,0" />
</Scene>
<Scene>
<INIT seed="1,2,0,2,2,87" ten="309,305,193,193" oya="1" hai0="11,82,18,106,107,55,13,3,90,14,48,115,101" hai1="23,2,114,58,52,27,1,102,79,59,42,21,61" hai2="77,54,33,28,49,126,51,127,108,119,46,8,86" hai3="121,17,65,64,12,109,95,72,22,104,125,30,20"/><U75/><E114/><V68/><F68/><W32/><G104/><T120/><D115/><U122/><E122/><V116/><F8/><W81/><G121/><T134/><D120/><U103/><E42/><N who="2" m="24791" /><F28/><W123/><G123/><T62/><D3/><U83/><E23/><V63/><F33/><W15/><G32/><T93/><D134/><U73/><E73/><V118/><F108/><W6/><G109/><T60/><D101/><U71/><E71/><V128/><F77/><W56/><G125/><N who="2" m="47625" /><F86/><W111/><G111/><T130/><D130/><U26/><E26/><V105/><F105/><W135/><G135/><T50/><D107/><U113/><E113/><V112/><F112/><W80/><G72/><T7/><D106/><U39/><E39/><V36/><F36/><W129/><G129/><T110/><D110/><U69/><E69/><V131/><F63/><N who="0" m="24106" /><D55/><U4/><E2/><V91/><F91/><W53/><G30/><T100/><D100/><U88/><E88/><V98/><F98/><W24/><G22/><N who="0" m="11599" /><D82/><U25/><E25/><V43/><F43/><W70/><G80/><T35/><D35/><U66/><E1/><V29/><F29/><W40/><G81/><T5/><D7/><U94/><E4/><V34/><F34/><W117/><G40/><T84/><AGARI ba="2,0" hai="5,11,14,48,50,84,90,93" m="11599,24106" machi="84" ten="30,2000,0" yaku="8,1,52,1" doraHai="87" who="0" fromWho="0" sc="309,26,305,-12,193,-7,193,-7" />
</Scene>
<Scene>
<INIT seed="2,0,0,3,0,104" ten="335,293,186,186" oya="2" hai0="117,25,128,10,81,124,52,12,95,89,132,73,0" hai1="2,90,30,57,110,72,91,71,16,32,127,118,5" hai2="130,113,62,125,75,6,101,56,58,59,50,64,34" hai3="4,17,21,111,116,26,121,3,63,77,44,40,11"/><V42/><F34/><W53/><G116/><T48/><D0/><U23/><E71/><V45/><F113/><W39/><G111/><T123/><D123/><U98/><E118/><V94/><F130/><W79/><G121/><T43/><D117/><U7/><E110/><V35/><F35/><W102/><G102/><T1/><D1/><U49/><E72/><V106/><F106/><W97/><G97/><T18/><D128/><U100/><E30/><V103/><F125/><W109/><G109/><T31/><D124/><U8/><E7/><V108/><F75/><W74/><G77/><T46/><D132/><U83/><E32/><V70/><F108/><W99/><G99/><T84/><D73/><U134/><E83/><V96/><REACH who="2" step="1"/><F6/><REACH who="2" ten="335,293,176,186" step="2"/><W88/><G74/><T36/><D95/><U37/><E127/><V22/><F22/><W9/><G4/><T65/><D65/><U120/><E120/><V28/><F28/><W92/><G9/><T14/><D10/><U13/><E134/><V112/><F112/><W24/><G11/><T129/><D129/><U69/><E8/><V119/><F119/><W33/><G3/><T38/><D31/><U135/><E5/><V41/><F41/><W86/><G33/><T76/><D43/><U68/><E2/><V66/><F66/><W80/><G21/><T107/><D107/><U19/><E23/><V55/><F55/><W29/><G29/><T82/><D52/><U93/><E93/><V78/><F78/><W47/><G17/><T133/><D18/><U15/><E19/><V105/><F105/><W87/><G63/><RYUUKYOKU ba="0,1" sc="335,-15,293,-15,176,15,186,15" hai2="42,45,50,56,58,59,62,64,70,94,96,101,103" hai3="24,26,39,40,44,47,53,79,80,86,87,88,92" />
</Scene>
<Scene>
<INIT seed="2,1,1,3,3,90" ten="320,278,191,201" oya="2" hai0="12,115,85,59,70,109,77,5,73,10,132,91,94" hai1="60,22,108,24,99,31,67,130,38,3,56,39,110" hai2="44,92,35,84,69,1,71,89,135,33,105,25,18" hai3="53,121,61,52,76,133,29,125,58,27,80,98,112"/><V4/><F105/><W0/><G121/><T41/><D115/><U122/><E3/><V68/><F135/><W11/><G112/><T123/><D70/><U120/><E130/><V8/><REACH who="2" step="1"/><F44/><REACH who="2" ten="320,278,181,201" step="2"/><W124/><G133/><T131/><D132/><U102/><E122/><V17/><F17/><W96/><G125/><T78/><D123/><U15/><E120/><V43/><F43/><W93/><G124/><T49/><D41/><U63/><E39/><V117/><F117/><W127/><G127/><T66/><D131/><U57/><E38/><V87/><F87/><W88/><G96/><T79/><D85/><U75/><E75/><V42/><F42/><W16/><G16/><T2/><D73/><U34/><E110/><V32/><F32/><W72/><G0/><T97/><D109/><U7/><E108/><V81/><F81/><W54/><G11/><T134/><D134/><U51/><E34/><AGARI ba="1,2" hai="27,29,34,52,53,54,58,61,72,76,80,88,93,98" machi="34" ten="30,7700,0" yaku="7,1,52,1,54,2" doraHai="90" who="3" fromWho="1" sc="320,0,278,-80,181,0,201,100" />
</Scene>
<Scene>
<INIT seed="3,0,0,4,4,122" ten="320,198,181,301" oya="3" hai0="86,18,43,94,100,76,36,129,58,19,11,32,1" hai1="15,110,12,127,17,57,126,55,121,75,109,113,52" hai2="108,131,133,78,2,130,134,101,34,107,13,117,45" hai3="125,48,47,33,77,59,118,28,128,69,63,37,29"/><W105/><G118/><T31/><D129/><N who="2" m="49162" /><F2/><W119/><G119/><T71/><D71/><U7/><E121/><V21/><F34/><W40/><G128/><T74/><D58/><U49/><E113/><V25/><F117/><W22/><G105/><T111/><D31/><U41/><E75/><V99/><F13/><N who="1" m="5193" /><E7/><V30/><F78/><W53/><G33/><T66/><D66/><U14/><E55/><V102/><F102/><W95/><G125/><N who="1" m="47626" /><E41/><V70/><F70/><W6/><G6/><T46/><D43/><U9/><AGARI ba="0,0" hai="9,14,17,49,52,57,109,110" m="47626,5193" machi="9" ten="30,7900,0" yaku="18,1,52,2,54,1" doraHai="122" who="1" fromWho="1" sc="320,-20,198,79,181,-20,301,-39" />
</Scene>
<Scene>
<INIT seed="4,0,0,4,0,92" ten="300,277,161,262" oya="0" hai0="44,43,95,10,88,27,98,3,35,110,87,23,80" hai1="67,70,129,102,16,50,11,60,108,79,94,30,17" hai2="116,122,58,20,127,113,65,2,19,54,12,97,112" hai3="130,90,126,73,57,15,64,26,55,34,42,100,106"/><T83/><D35/><U71/><E108/><V47/><F122/><W84/><G73/><T18/><D110/><U86/><E129/><V28/><F2/><W124/><G64/><T91/><D3/><U77/><E70/><V107/><F127/><N who="3" m="48683" /><G130/><T7/><D7/><U37/><E37/><V104/><F116/><W121/><G42/><T85/><D10/><U89/><E30/><V24/><F65/><W115/><G115/><N who="2" m="44105" /><F47/><W131/><G131/><T128/><D128/><U36/><E36/><V4/><F4/><W62/><G15/><T59/><D59/><U66/><E66/><V135/><F135/><W120/><G100/><N who="0" m="60511" /><D44/><U46/><E102/><N who="2" m="62543" /><F107/><W123/><G106/><T40/><AGARI ba="0,0" hai="18,23,27,40,43,80,83,85,87,88,91" m="60511" machi="40" ten="30,6000,0" yaku="8,1,52,1,54,1" doraHai="92" who="0" fromWho="0" sc="300,60,277,-20,161,-20,262,-20" />
</Scene>
<Scene>
<INIT seed="4,1,0,5,5,59" ten="360,257,141,242" oya="0" hai0="57,27,108,112,10,134,21,48,102,117,126,93,80" hai1="116,128,6,104,24,63,64,127,29,68,52,46,84" hai2="95,1,38,7,115,109,30,8,110,53,45,79,49" hai3="5,44,25,3,18,31,83,9,122,131,72,70,135"/><T124/><D117/><U86/><E116/><V65/><F115/><W50/><G70/><T111/><D112/><U103/><E6/><V32/><F79/><W61/><G131/><T121/><D121/><U14/><E14/><V96/><F38/><W47/><G122/><T51/><D10/><U91/><E91/><V19/><F19/><W77/><G135/><T133/><D80/><U106/><E106/><V88/><REACH who="2" step="1"/><F65/><REACH who="2" ten="360,257,131,242" step="2"/><W56/><G18/><T101/><D134/><U74/><E64/><V2/><F2/><W73/><G73/><T4/><D133/><U98/><E74/><V11/><F11/><W16/><G16/><T34/><D111/><U76/><E76/><V23/><F23/><W71/><G9/><T17/><D21/><U69/><E128/><V107/><F107/><W97/><G3/><T66/><D108/><U28/><E104/><V58/><F58/><W105/><G105/><T37/><D57/><U40/><E69/><V119/><F119/><W43/><G71/><T118/><D66/><U125/><E68/><V33/><F33/><N who="3" m="20719" /><G47/><T92/><D118/><U120/><E46/><V13/><F13/><W22/><G22/><T75/><D75/><U62/><E120/><V12/><F12/><W89/><G5/><T67/><D4/><U81/><E29/><V87/><F87/><W132/><G132/><T130/><D130/><U15/><E15/><V90/><F90/><W100/><G89/><T123/><D123/><U78/><E28/><V26/><AGARI ba="1,1" hai="1,7,8,26,30,32,45,49,53,88,95,96,109,110" machi="26" ten="30,4000,0" yaku="1,1,0,1,54,1,53,0" doraHai="59" doraHaiUra="114" who="2" fromWho="2" sc="360,-21,257,-11,131,53,242,-11" />
</Scene>
<Scene>
<INIT seed="5,0,0,2,4,126" ten="339,246,184,231" oya="1" hai0="77,28,71,69,129,81,1,63,20,87,97,64,85" hai1="73,53,132,119,45,99,19,100,84,112,31,6,21" hai2="46,110,60,29,62,23,61,96,89,90,57,5,130" hai3="26,47,16,109,43,34,65,27,117,134,82,118,2"/><U113/><E119/><N who="3" m="45578" /><G2/><T18/><D1/><U68/><E73/><V72/><F72/><W80/><G109/><T94/><D28/><U9/><E68/><V91/><F110/><W55/><G134/><T70/><D87/><U44/><E31/><V121/><F121/><W15/><G65/><T49/><D49/><U58/><E132/><V95/><F5/><W25/><G55/><T103/><D129/><U133/><E133/><V17/><F130/><W120/><G34/><T106/><D106/><U86/><E86/><V41/><F29/><W108/><G108/><T127/><D127/><U48/><E84/><V88/><F57/><W54/><G54/><T78/><D77/><U51/><E9/><V135/><F135/><W39/><G120/><T37/><D37/><U42/><E6/><V92/><F92/><W0/><G0/><T32/><D32/><U40/><E58/><V128/><F128/><W79/><G79/><T114/><D114/><U74/><E53/><V14/><REACH who="2" step="1"/><F62/><REACH who="2" ten="339,246,174,231" step="2"/><W8/><AGARI ba="0,1" hai="8,15,16,25,26,27,39,43,47,80,82" m="45578" machi="8" ten="30,2000,0" yaku="12,1,54,1" doraHai="126" who="3" fromWho="3" sc="339,-5,246,-10,174,-5,231,30" />
</Scene>
<Scene>
<INIT seed="6,0,0,2,5,87" ten="334,236,169,261" oya="2" hai0="11,84,58,104,16,93,55,103,80,34,25,74,22" hai1="27,68,60,92,38,24,67,36,1,77,4,35,69" hai2="121,13,29,56,9,75,120,30,119,94,39,19,14" hai3="133,111,70,124,130,118,0,8,62,57,32,128,99"/><V96/><F119/><W18/><G111/><T59/><D104/><U3/><E92/><V129/><F75/><W5/><G118/><T23/><D74/><U98/><E98/><V6/><F39/><N who="1" m="14889" /><E77/><V91/><F129/><N who="3" m="49771" /><G70/><T79/><D34/><U112/><E24/><V102/><F56/><W123/><G123/><T106/><D106/><U64/><E112/><V125/><F125/><W31/><G133/><T81/><D81/><U54/><E54/><V108/><F108/><W47/><G124/><T49/><D11/><N who="1" m="2447" /><E3/><V37/><F37/><W117/><G117/><T66/><D23/><U41/><E41/><V127/><F127/><W131/><G18/><T63/><D93/><U52/><E52/><V86/><F121/><W20/><G47/><T51/><D103/><U26/><E26/><V122/><F122/><W82/><G20/><T21/><D21/><U73/><E73/><V114/><F120/><W97/><G82/><T48/><AGARI ba="0,0" hai="16,22,25,48,49,51,55,58,59,63,66,79,80,84" machi="48" ten="20,5200,0" yaku="0,1,7,1,8,1,54,1" doraHai="87" who="0" fromWho="0" sc="334,52,236,-13,169,-26,261,-13" />
</Scene>
<Scene>
<INIT seed="7,0,0,2,1,127" ten="386,223,143,248" oya="3" hai0="92,14,73,108,51,6,0,36,21,32,113,68,53" hai1="9,28,11,132,24,131,16,120,4,30,98,88,87" hai2="103,37,133,75,128,89,101,72,126,17,80,40,129" hai3="102,48,119,31,55,83,34,71,49,26,109,64,90"/><W121/><G119/><T111/><D36/><U76/><E120/><V114/><F126/><W15/><G121/><T7/><D32/><U12/><E131/><N who="2" m="50251" /><F114/><W41/><G109/><T42/><D42/><U116/><E116/><V69/><F69/><W33/><G102/><N who="2" m="38921" /><F133/><W57/><G64/><T43/><D68/><U118/><E118/><V60/><F60/><W95/><G34/><T134/><D134/><U45/><E132/><V130/><N who="2" m="50259" /><V79/><DORA hai="20" /><F89/><W85/><G71/><T81/><D113/><U122/><E122/><V105/><F105/><W96/><G15/><T38/><D14/><U104/><E104/><V91/><F91/><W77/><G41/><T46/><D43/><U86/><E98/><V110/><F110/><W99/><G49/><T61/><D51/><U70/><E70/><V5/><F5/><W29/><G29/><T3/><D7/><U67/><E4/><V63/><F63/><W50/><G50/><T124/><D6/><U56/><E88/><V1/><F1/><W66/><G66/><T59/><D0/><U18/><E67/><V19/><F75/><AGARI ba="0,0" hai="26,31,33,48,55,57,75,77,83,85,90,95,96,99" machi="75" ten="30,2900,0" yaku="7,1,52,1" doraHai="127,20" who="3" fromWho="2" sc="386,0,223,0,143,-29,248,29" />
</Scene>
<Scene>
<INIT seed="7,1,0,0,3,71" ten="386,223,114,277" oya="3" hai0="115,134,8,65,66,91,83,67,99,73,28,40,52" hai1="3,98,49,117,23,45,93,89,120,33,19,32,50" hai2="63,58,107,35,126,96,14,94,70,121,124,6,22" hai3="103,129,122,11,64,42,0,56,104,18,62,44,61"/><W131/><G122/><T132/><D115/><U55/><E120/><V82/><F35/><W113/><G113/><T92/><D28/><U34/><E3/><V128/><F70/><W101/><G104/><T116/><D116/><U5/><E5/><V84/><F107/><W30/><G30/><T38/><D8/><U57/><E117/><V12/><F121/><W90/><G90/><T9/><D9/><U86/><E98/><V43/><F43/><W17/><G62/><T87/><D73/><U135/><E135/><N who="0" m="51753" /><D52/><U114/><E114/><V85/><F128/><N who="3" m="49227" /><G0/><T76/><D66/><U39/><E39/><V102/><F6/><W79/><G79/><T51/><D38/><U80/><E80/><V111/><F111/><W15/><G18/><T31/><D31/><U72/><E72/><V125/><F22/><W20/><G11/><T29/><D29/><U1/><E1/><V47/><F47/><AGARI ba="1,0" hai="40,47,51,65,67,76,83,87,91,92,99" m="51753" machi="47" ten="30,1000,0" yaku="20,1" doraHai="71" who="0" fromWho="2" sc="386,13,223,0,114,-13,277,0" owari="399,50.0,223,-18.0,101,-40.0,277,8.0" />
</Scene>
</mjloggm>