<mjloggm ver="2.3"><GO type="169" lobby="0"/><UN n0="%41%53%41%50%49%4E" n1="%74%61%63%6F%73" n2="%E4%B8%83%E3%83%84%E7%9B%AE%E7%8E%89" n3="%E3%81%B4%E3%81%AE" dan="19,17,18,16" rate="2289.46,2094.48,2222.74,2100.47" sx="M,M,M,M"/><TAIKYOKU oya="0"/>

<Scene>
<INIT seed="0,0,0,1,4,5" ten="250,250,250,250" oya="0" hai0="19,107,51,48,61,25,98,9,91,108,73,77,42" hai1="36,93,71,37,21,120,83,81,60,57,24,134,130" hai2="65,4,124,56,12,46,68,14,132,112,28,111,122" hai3="100,41,74,99,32,101,88,97,96,0,47,118,76"/><T84/><D73/><U8/><E120/><V52/><F122/><W62/><G32/><T7/><D108/><U117/><E117/><V121/><F121/><W29/><G29/><T30/><D19/><U50/><E71/><V23/><F112/><W27/><G27/><T125/><D125/><U63/><E36/><V15/><F68/><W53/><G118/><T33/><D42/><U110/><E37/><V103/><F111/><W35/><G35/><T80/><D61/><N who="1" m="23627" /><E130/><V129/><F65/><W17/><G0/><T1/><REACH who="0" step="1"/><D91/><REACH who="0" ten="240,250,250,250" step="2"/><U102/><E110/><V89/><F89/><W31/><G88/><T38/><D38/><U54/><E102/><AGARI ba="0,1" hai="1,7,9,25,30,33,48,51,77,80,84,98,102,107" machi="102" ten="40,7700,0" yaku="1,1,52,1,53,1" doraHai="5" doraHaiUra="94" who="0" fromWho="1" sc="240,87,250,-77,250,0,250,0" />
</Scene>
<Scene>
<INIT seed="0,1,0,2,3,90" ten="327,173,250,250" oya="0" hai0="114,121,106,62,6,132,70,65,58,125,86,14,0" hai1="54,11,107,5,102,130,91,51,110,56,126,22,2" hai2="96,53,117,118,27,28,84,111,29,59,38,64,30" hai3="36,68,33,81,113,87,109,3,4,119,131,92,134"/><T115/><D121/><U20/><E110/><V19/><F111/><W47/><RYUUKYOKU type="yao9" ba="1,0" sc="327,0,173,0,250,0,250,0" hai3="3,4,33,36,47,68,81,87,92,109,113,119,131,134" />
</Scene>
<Scene>
<INIT seed="0,2,0,2,3,3" ten="327,173,250,250" oya="0" hai0="60,46,39,76,78,82,99,108,11,53,132,90,91" hai1="124,122,27,7,30,71,9,98,80,31,127,72,130" hai2="15,19,16,121,18,77,59,36,52,123,106,117,43" hai3="85,100,110,89,120,92,79,25,51,109,14,83,48"/><T12/><D132/><U134/><E122/><V84/><F106/><W101/><G120/><T111/><D99/><U118/><E118/><V69/><F69/><W32/><G14/><T6/><D78/><N who="1" m="44103" /><E71/><V94/><F117/><W45/><G25/><T113/><D113/><U75/><E134/><V33/><F33/><W56/><G32/><T131/><D131/><U20/><E75/><V8/><F121/><W5/><G5/><T57/><D46/><U58/><E98/><V61/><F123/><W4/><G4/><T40/><D40/><U81/><E81/><N who="2" m="47151" /><F36/><W47/><G56/><T103/><D103/><U125/><E58/><N who="2" m="35015" /><F43/><N who="3" m="24639" /><G110/><N who="0" m="42027" /><D39/><U54/><E130/><V126/><F126/><W23/><G109/><T41/><D41/><U115/><E115/><V26/><F26/><W22/><G101/><T38/><D38/><U44/><E27/><V35/><F35/><W2/><G100/><T86/><AGARI ba="2,0" hai="6,11,12,53,57,60,76,82,86,90,91" m="42027" machi="86" ten="30,6000,0" yaku="14,1,10,1,52,1" doraHai="3" who="0" fromWho="0" sc="327,66,173,-22,250,-22,250,-22" />
</Scene>
<Scene>
<INIT seed="0,3,0,0,2,26" ten="393,151,228,228" oya="0" hai0="11,16,55,5,90,94,54,71,18,78,52,97,1" hai1="56,127,57,128,80,0,13,60,119,134,133,34,76" hai2="87,74,25,115,101,63,21,30,24,105,9,72,17" hai3="108,69,58,93,107,124,20,67,79,81,116,68,37"/><T104/><D71/><U2/><E34/><V99/><F115/><W39/><G107/><T27/><D104/><U23/><E119/><V130/><F130/><W85/><G116/><T61/><D61/><U121/><E121/><V73/><F63/><W31/><G58/><T125/><D125/><U15/><E128/><V53/><F53/><W86/><G67/><T6/><D78/><U70/><E70/><V102/><F102/><W98/><G39/><T135/><D135/><N who="1" m="51723" /><E57/><V19/><F9/><W10/><G37/><T110/><D110/><U38/><E38/><V29/><REACH who="2" step="1"/><F87/><REACH who="2" ten="393,151,218,228" step="2"/><W64/><G86/><T120/><D120/><U126/><E127/><V35/><AGARI ba="3,1" hai="17,19,21,24,25,29,30,35,72,73,74,99,101,105" machi="35" ten="30,12000,2" yaku="1,1,2,1,0,1,52,2,53,1" doraHai="26" doraHaiUra="96" who="2" fromWho="2" sc="393,-63,151,-33,218,139,228,-33" />
</Scene>
<Scene>
<INIT seed="1,0,0,1,2,87" ten="330,118,357,195" oya="1" hai0="25,10,128,84,54,14,100,59,92,98,37,0,48" hai1="35,80,132,82,117,43,5,29,13,6,85,107,118" hai2="36,77,133,88,111,68,122,57,105,96,114,91,86" hai3="108,9,90,120,60,115,45,26,116,38,112,135,72"/><U46/><E107/><V69/><F122/><W49/><G72/><T89/><D128/><U124/><E124/><V66/><F36/><W52/><G120/><T18/><D37/><U32/><E132/><V61/><F133/><W94/><G135/><T51/><D0/><U44/><E29/><V129/><F129/><W78/><G78/><T64/><D64/><U16/><E117/><V27/><F111/><W17/><G108/><T127/><D127/><U106/><E106/><V55/><F114/><W15/><G116/><T71/><D71/><U11/><E118/><V42/><F42/><W58/><G26/><T62/><REACH who="0" step="1"/><D25/><REACH who="0" ten="320,118,357,195" step="2"/><U76/><E32/><V31/><F69/><W81/><G38/><T41/><D41/><U30/><E35/><V39/><F39/><W99/><G81/><AGARI ba="0,1" hai="10,14,18,48,51,54,59,62,81,84,89,92,98,100" machi="81" ten="30,7700,0" yaku="1,1,7,1,8,1,52,1,53,0" doraHai="87" doraHaiUra="110" who="0" fromWho="3" sc="320,87,118,0,357,0,195,-77" />
</Scene>
<Scene>
<INIT seed="2,0,0,0,5,100" ten="407,118,357,118" oya="2" hai0="78,13,51,10,59,9,67,89,93,130,66,88,129" hai1="29,49,60,101,22,131,53,14,82,33,68,121,27" hai2="111,84,38,62,98,75,39,83,103,96,104,55,54" hai3="117,41,73,64,133,105,46,0,7,135,30,37,32"/><V124/><F75/><W56/><G117/><T17/><D78/><U11/><E131/><N who="0" m="50185" /><D89/><U91/><E121/><V58/><F124/><W69/><G73/><T23/><D51/><U114/><E114/><V44/><F98/><W26/><G56/><T3/><D3/><U4/><E101/><V79/><F111/><W71/><G105/><T45/><D45/><U12/><E68/><V120/><F120/><W126/><G126/><T108/><D108/><U18/><E60/><V42/><REACH who="2" step="1"/><F38/><REACH who="2" ten="407,118,347,118" step="2"/><W106/><G37/><T48/><D66/><AGARI ba="0,1" hai="39,42,44,54,55,58,62,66,79,83,84,96,103,104" machi="66" ten="30,11600,0" yaku="1,1,2,1,7,1,52,1,53,0" doraHai="100" doraHaiUra="134" who="2" fromWho="0" sc="407,-116,118,0,347,126,118,0" />
</Scene>
<Scene>
<INIT seed="2,1,0,1,1,134" ten="291,118,473,118" oya="2" hai0="42,135,46,51,113,44,2,19,85,109,110,12,43" hai1="74,30,131,32,121,21,37,78,99,83,79,6,95" hai2="120,27,100,90,17,125,52,22,75,34,86,72,96" hai3="65,33,11,26,69,71,94,40,127,119,54,107,50"/><V112/><F112/><W56/><G107/><T28/><D135/><U73/><E37/><V123/><F34/><W98/><G119/><T105/><D113/><U13/><E32/><V126/><F75/><W47/><G11/><T38/><D105/><U103/><E131/><V7/><F72/><W3/><G3/><T57/><D2/><U68/><E68/><V23/><F7/><W132/><G132/><T4/><D4/><U88/><E121/><V93/><F23/><W59/><G59/><T0/><D0/><U41/><E41/><V62/><F62/><W122/><G122/><T70/><D70/><U101/><E30/><V91/><F52/><W97/><G97/><T76/><D28/><U63/><E63/><V45/><F45/><W48/><G65/><T49/><D38/><U77/><E21/><V87/><F120/><W53/><G40/><T111/><D57/><U102/><REACH who="1" step="1"/><E83/><REACH who="1" ten="291,108,473,118" step="2"/><V31/><F123/><W84/><G71/><T36/><D36/><U80/><E80/><V115/><F115/><W20/><G69/><T24/><D43/><U82/><E82/><V81/><REACH who="2" step="1"/><F31/><REACH who="2" ten="291,108,463,118" step="2"/><W64/><G20/><N who="0" m="13343" /><D42/><U14/><E14/><V92/><AGARI ba="1,2" hai="17,22,27,81,86,87,90,91,92,93,96,100,125,126" machi="92" ten="30,11700,0" yaku="1,1,0,1,52,2,53,0" doraHai="134" doraHaiUra="104" who="2" fromWho="2" sc="291,-40,108,-40,463,140,118,-40" />
</Scene>
<Scene>
<INIT seed="2,2,0,0,3,8" ten="251,68,603,78" oya="2" hai0="59,32,6,10,44,108,9,125,29,22,74,21,47" hai1="52,111,51,83,43,81,103,115,15,79,1,99,69" hai2="100,129,40,80,88,66,113,39,14,49,18,53,107" hai3="31,46,13,11,77,132,57,28,94,60,98,76,92"/><V12/><F113/><W102/><G132/><T0/><D74/><U35/><E1/><V19/><F39/><W97/><G46/><T5/><D108/><U96/><E35/><V26/><F107/><W118/><G118/><T2/><D125/><U33/><E33/><V34/><F100/><W122/><G122/><T135/><D135/><U130/><E69/><V48/><F66/><W127/><G127/><T89/><D89/><U75/><E111/><V95/><F129/><W110/><G110/><T106/><D106/><U109/><E109/><V117/><F117/><W101/><G77/><T36/><D59/><U62/><E130/><V90/><F34/><W116/><G116/><T55/><D55/><U67/><E43/><V7/><F26/><W70/><G76/><T114/><D114/><U63/><E81/><V71/><F71/><W112/><G70/><T131/><D131/><U73/><E73/><V128/><F7/><W68/><G68/><T85/><D85/><U24/><E24/><V133/><F40/><W87/><G87/><T126/><D126/><U56/><E115/><V134/><F95/><W42/><G42/><T78/><D32/><U58/><E103/><V124/><F124/><W86/><G86/><T50/><D36/><U23/><REACH who="1" step="1"/><E62/><REACH who="1" ten="251,58,603,78" step="2"/><V105/><F128/><W119/><G112/><T84/><D0/><U16/><AGARI ba="2,1" hai="15,16,23,51,52,56,58,63,67,75,79,83,96,99" machi="16" ten="30,12000,2" yaku="1,1,2,1,0,1,52,1,54,2,53,0" doraHai="8" doraHaiUra="38" who="1" fromWho="1" sc="251,-32,58,136,603,-62,78,-32" />
</Scene>
<Scene>
<INIT seed="3,0,0,0,5,94" ten="219,194,541,46" oya="3" hai0="98,119,47,108,88,120,73,11,127,51,69,16,62" hai1="126,87,91,8,106,135,34,97,53,133,33,17,32" hai2="124,100,1,117,50,90,116,15,64,89,10,38,56" hai3="103,111,115,80,123,60,9,134,24,81,5,19,105"/><W109/><G123/><T40/><D120/><U37/><E37/><V128/><F38/><W18/><G115/><T74/><D119/><U14/><E126/><V112/><F112/><W21/><G134/><N who="1" m="51210" /><E53/><V130/><F1/><W121/><G121/><T36/><D127/><U131/><E131/><N who="2" m="50219" /><F124/><W99/><G19/><T26/><D108/><N who="3" m="41545" /><G60/><T29/><D36/><U25/><E106/><V3/><F3/><AGARI ba="0,0" hai="3,5,9,18,21,24,80,81,99,103,105" m="41545" machi="3" ten="30,5800,0" yaku="14,1,10,1,52,1" doraHai="94" who="3" fromWho="2" sc="219,0,194,0,541,-58,46,58" />
</Scene>
<Scene>
<INIT seed="3,1,0,3,5,88" ten="219,194,483,104" oya="3" hai0="13,127,25,111,79,10,128,97,92,109,9,36,98" hai1="103,64,39,22,129,84,14,53,48,16,69,132,116" hai2="65,126,18,81,89,56,52,68,122,29,112,90,12" hai3="11,5,94,41,75,123,131,47,61,100,50,99,74"/><W27/><G131/><T59/><D36/><U32/><E32/><V76/><F112/><W83/><G123/><T35/><D128/><U85/><E39/><V38/><F38/><W130/><G130/><T71/><D71/><U91/><E116/><V8/><F122/><W42/><G42/><T60/><D127/><U31/><E129/><V43/><F43/><W110/><G110/><N who="0" m="41995" /><D79/><U118/><E118/><V121/><F121/><W17/><G61/><T54/><D97/><U28/><E103/><V0/><F68/><W7/><G83/><T44/><D44/><U23/><E132/><V58/><F0/><W73/><REACH who="3" step="1"/><G27/><REACH who="3" ten="219,194,483,94" step="2"/><T108/><D108/><U80/><E69/><V124/><F81/><W30/><G30/><N who="0" m="19919" /><D13/><AGARI ba="1,1" hai="5,7,11,13,17,41,47,50,73,74,75,94,99,100" machi="13" ten="40,3900,0" yaku="1,1,52,1,53,0" doraHai="88" doraHaiUra="119" who="3" fromWho="0" sc="219,-42,194,0,483,0,94,52" />
</Scene>
<Scene>
<INIT seed="3,2,0,2,2,27" ten="177,194,483,146" oya="3" hai0="72,1,88,123,110,9,96,64,15,69,39,74,6" hai1="134,12,85,102,11,46,107,105,129,73,130,114,133" hai2="45,91,84,68,43,94,117,112,31,65,61,54,29" hai3="86,78,38,51,75,127,52,44,57,95,125,19,80"/><W135/><G135/><N who="1" m="51722" /><E73/><V48/><F112/><W18/><G75/><T70/><D123/><U35/><E35/><V83/><F117/><W14/><G95/><T4/><D39/><U113/><E46/><V34/><F34/><W50/><G38/><T106/><D110/><U60/><E60/><V41/><REACH who="2" step="1"/><F83/><REACH who="2" ten="177,194,473,146" step="2"/><W98/><G127/><T119/><D119/><U109/><E109/><V32/><F32/><W58/><G125/><T89/><D70/><U47/><E113/><V8/><F8/><W25/><G80/><T59/><D69/><U28/><E114/><V108/><F108/><W67/><G67/><T40/><D9/><U82/><E11/><V42/><AGARI ba="2,1" hai="29,31,41,42,43,45,48,54,61,65,68,84,91,94" machi="42" ten="30,7900,0" yaku="1,1,0,1,52,2,53,0" doraHai="27" doraHaiUra="92" who="2" fromWho="2" sc="177,-22,194,-22,473,95,146,-41" />
</Scene>
<Scene>
<INIT seed="4,0,0,1,5,49" ten="155,172,568,105" oya="0" hai0="80,135,27,14,91,18,61,124,51,76,132,50,77" hai1="9,102,43,19,71,86,40,97,56,53,24,96,84" hai2="47,4,99,72,10,83,11,131,104,89,116,118,95" hai3="68,87,79,112,15,93,13,121,60,26,100,130,32"/><T1/><D1/><U31/><E71/><V28/><F131/><W0/><G0/><T67/><D124/><U75/><E75/><V119/><F28/><W45/><G130/><T64/><D27/><U98/><E102/><V125/><F125/><W85/><G45/><T38/><D38/><U82/><E31/><V128/><F128/><W109/><G26/><T122/><D122/><U73/><E73/><V62/><F62/><W134/><G32/><T36/><D36/><U3/><E3/><V111/><F111/><W94/><G13/><T5/><D5/><U58/><E58/><V8/><F104/><W20/><G15/><T120/><D120/><U44/><E44/><V126/><F126/><W78/><G68/><T21/><D91/><U17/><E9/><V90/><F47/><W12/><G12/><T57/><D67/><U16/><E24/><V7/><F90/><W39/><G39/><T48/><REACH who="0" step="1"/><D80/><REACH who="0" ten="145,172,568,105" step="2"/><U41/><E82/><V33/><F33/><W29/><G121/><T37/><D37/><U74/><E74/><V110/><F72/><W88/><G88/><T101/><D101/><U6/><E6/><V69/><F83/><W115/><G100/><T59/><D59/><U30/><E30/><V103/><F69/><W42/><G29/><T54/><D54/><U35/><E35/><V65/><F65/><W55/><G55/><T92/><D92/><U114/><E114/><V81/><F7/><W70/><G112/><T113/><D113/><U63/><AGARI ba="0,1" hai="16,17,19,40,41,43,53,56,63,84,86,96,97,98" machi="63" ten="40,12000,2" yaku="0,1,29,2,8,1,52,1,54,1" doraHai="49" who="1" fromWho="1" sc="145,-60,172,130,568,-30,105,-30" />
</Scene>
<Scene>
<INIT seed="5,0,0,5,1,32" ten="85,302,538,75" oya="1" hai0="5,99,31,14,129,101,38,57,106,73,85,110,1" hai1="68,75,109,59,44,77,4,58,27,128,17,107,90" hai2="108,97,121,78,92,81,65,96,51,54,33,134,111" hai3="35,87,2,55,6,52,88,120,40,47,135,67,130"/><U11/><E107/><V29/><F121/><W23/><G120/><T100/><D110/><U76/><E68/><V95/><F65/><W70/><G35/><T104/><D73/><U37/><E109/><V115/><F134/><W62/><G130/><T119/><D119/><U16/><E90/><V60/><F60/><W46/><G135/><T45/><D129/><U28/><E58/><V83/><F115/><W22/><G22/><T10/><D31/><U98/><E59/><V3/><F3/><W53/><G23/><T116/><D116/><U102/><E128/><V39/><F33/><W18/><G18/><T7/><D85/><U124/><E124/><V9/><F29/><W21/><G21/><T43/><D57/><U117/><E44/><V25/><F97/><W91/><G87/><T12/><REACH who="0" step="1"/><D7/><REACH who="0" ten="75,302,538,75" step="2"/><U41/><E75/><V63/><F111/><W86/><G86/><T94/><D94/><U93/><E117/><V84/><F95/><W132/><G132/><T123/><D123/><U82/><E28/><V89/><F92/><W50/><REACH who="3" step="1"/><G47/><REACH who="3" ten="75,302,538,65" step="2"/><T34/><D34/><U48/><E4/><V0/><F84/><W131/><G131/><T42/><D42/><U72/><E41/><V114/><F108/><W61/><G61/><T24/><D24/><U69/><E27/><V103/><F25/><W26/><G26/><T122/><D122/><U30/><E72/><V133/><F63/><W125/><G125/><T118/><D118/><U112/><E30/><V20/><F133/><W80/><G80/><T74/><D74/><U71/><E82/><V127/><F83/><RYUUKYOKU ba="0,2" sc="75,15,302,-15,538,-15,65,15" hai0="1,5,10,12,14,38,43,45,99,100,101,104,106" hai3="2,6,40,46,50,52,53,55,62,67,70,88,91" />
</Scene>
<Scene>
<INIT seed="6,1,2,5,0,41" ten="90,287,523,80" oya="2" hai0="63,51,33,90,98,117,120,29,135,112,67,77,71" hai1="113,125,19,102,14,57,107,106,114,82,122,103,75" hai2="93,3,124,83,96,36,100,11,74,42,130,52,127" hai3="37,18,61,65,129,70,131,101,73,132,26,94,25"/><V44/><F130/><N who="3" m="49675" /><G132/><T62/><D120/><U49/><E122/><V21/><F21/><W86/><G73/><T23/><D33/><U95/><E125/><V116/><F116/><W76/><G37/><T134/><D117/><U30/><E30/><V84/><F84/><W16/><G101/><T104/><D112/><N who="1" m="43115" /><E49/><V38/><F38/><W105/><G105/><N who="1" m="39946" /><E57/><V123/><F123/><W48/><G48/><T79/><D51/><U4/><E4/><V118/><F118/><W24/><G94/><N who="0" m="56663" /><D104/><U85/><E95/><V27/><F93/><W69/><G69/><T17/><D29/><U56/><E56/><V88/><F124/><W97/><G97/><T60/><D60/><U133/><E75/><V91/><F74/><W8/><G8/><T87/><D63/><U66/><E66/><V68/><F11/><W1/><G1/><T53/><D87/><U126/><E133/><N who="0" m="50697" /><D53/><U39/><E39/><V80/><F36/><W55/><G55/><T110/><D110/><U2/><E126/><V34/><F127/><W32/><G32/><T121/><D121/><U5/><E2/><V28/><F3/><W0/><G0/><T40/><D40/><U108/><E108/><V50/><F42/><W10/><G10/><T45/><D45/><U20/><E5/><V35/><F35/><W12/><G61/><T54/><D54/><U31/><E31/><V22/><F34/><W9/><G65/><T46/><D46/><U89/><AGARI ba="1,2" hai="14,19,20,82,85,89,102,103" m="39946,43115" machi="89" ten="30,1100,0" yaku="15,1" doraHai="41" who="1" fromWho="1" sc="90,-4,287,34,523,-6,80,-4" />
</Scene>
<Scene>
<INIT seed="7,0,0,3,0,90" ten="86,321,517,76" oya="3" hai0="9,133,11,92,3,51,99,81,6,48,113,1,33" hai1="46,83,34,107,27,28,86,98,123,115,24,20,100" hai2="132,17,106,104,97,4,39,45,118,65,49,54,91" hai3="131,0,73,37,10,74,125,120,119,105,67,124,96"/><W66/><G120/><T127/><D33/><U13/><E123/><V85/><F39/><W12/><G119/><T63/><D133/><U21/><E115/><V126/><F106/><W114/><G114/><T89/><D113/><U36/><E13/><V38/><F38/><W70/><G131/><T79/><D127/><N who="3" m="48713" /><G37/><T101/><D101/><U68/><E68/><V5/><F104/><W26/><G0/><T129/><D129/><U64/><E64/><N who="3" m="24618" /><G70/><T18/><D63/><U14/><E24/><V22/><F65/><W42/><G42/><T52/><D52/><U53/><E53/><V60/><F54/><W47/><G47/><T30/><D30/><U44/><E36/><V23/><F45/><W58/><G58/><T111/><D111/><U31/><E28/><V135/><F60/><W43/><G43/><T78/><D78/><U128/><E128/><V50/><F50/><W25/><G96/><T35/><D35/><U56/><E56/><V16/><F97/><W62/><G105/><T55/><D55/><U130/><E130/><V77/><F126/><W19/><G62/><T94/><D94/><U122/><E122/><V80/><F118/><W7/><G7/><T93/><D93/><U82/><E44/><V61/><F61/><W88/><G88/><T102/><D89/><U32/><E46/><V95/><F91/><W29/><G29/><T71/><D71/><U41/><E41/><V112/><F112/><W2/><G2/><T40/><D40/><U103/><E107/><V72/><F5/><W134/><G134/><T110/><D6/><U76/><E31/><RYUUKYOKU ba="0,0" sc="86,-10,321,-10,517,-10,76,30" hai3="10,12,19,25,26,73,74" />
</Scene>
<Scene>
<INIT seed="7,1,0,5,2,76" ten="76,311,507,106" oya="3" hai0="108,73,84,130,22,86,87,56,110,74,27,21,99" hai1="28,105,128,69,134,18,72,14,46,106,10,17,24" hai2="41,125,83,113,97,88,98,44,114,36,131,120,112" hai3="0,32,20,70,80,57,92,126,90,2,104,33,129"/><W52/><G70/><T9/><D130/><U127/><E69/><V13/><F125/><W71/><G71/><T55/><D99/><U135/><E72/><V68/><F131/><W39/><G104/><N who="1" m="40042" /><E128/><V47/><F120/><W35/><G39/><T109/><D9/><U82/><E82/><V62/><F47/><W133/><G133/><N who="1" m="50698" /><E46/><V15/><F98/><W59/><G80/><T85/><N who="0" m="21504" /><DORA hai="121" /><T67/><D67/><U107/><E107/><V61/><F83/><W95/><G129/><T91/><D91/><U93/><E93/><N who="2" m="56487" /><F68/><W77/><G95/><T53/><D53/><U54/><E54/><V89/><F89/><W96/><G52/><T49/><REACH who="0" step="1"/><D21/><REACH who="0" ten="66,311,507,106" step="2"/><U64/><E64/><V78/><F78/><W111/><G126/><T122/><D122/><U34/><E127/><V115/><F115/><W101/><G111/><T58/><D58/><U42/><E42/><V79/><F79/><W132/><G132/><T40/><D40/><U29/><E10/><V25/><F114/><W123/><G123/><T1/><D1/><N who="3" m="617" /><G90/><T60/><D60/><U8/><E8/><V100/><F113/><W11/><G77/><T3/><D3/><U7/><E34/><V5/><F112/><W26/><G11/><T4/><D4/><U119/><E7/><V81/><F81/><W38/><G38/><T50/><D50/><U102/><E119/><V94/><F36/><W116/><G116/><T51/><D51/><U45/><E102/><V124/><F100/><W31/><G35/><T103/><D103/><U19/><E45/><V23/><F124/><W6/><G6/><RYUUKYOKU ba="1,1" sc="66,15,311,-15,507,-15,106,15" hai0="22,27,49,55,56,73,74,108,109,110" hai3="20,26,31,32,33,57,59,92,96,101" />
</Scene>
<Scene>
<INIT seed="7,2,1,3,3,58" ten="81,296,492,121" oya="3" hai0="112,23,99,3,68,128,35,42,18,29,56,100,16" hai1="15,1,33,96,36,131,118,22,125,77,107,57,2" hai2="21,65,129,122,8,76,133,134,20,79,80,13,38" hai3="48,44,103,61,110,106,32,114,63,69,88,71,4"/><W111/><G32/><T127/><D68/><N who="3" m="26185" /><G4/><T75/><D75/><U28/><E36/><V124/><F124/><W117/><G103/><T73/><D73/><U31/><E77/><V43/><F21/><W37/><G106/><T50/><D3/><U27/><E125/><V53/><F20/><W11/><G11/><T115/><D127/><U26/><E131/><V101/><F101/><W81/><G81/><T70/><D70/><U82/><E82/><V104/><F104/><W91/><G37/><T25/><D128/><U41/><E41/><V12/><F79/><W9/><G9/><T14/><D18/><U30/><E31/><V120/><F80/><W116/><G91/><T62/><D50/><U97/><E107/><V54/><F76/><W135/><G88/><T93/><REACH who="0" step="1"/><D42/><REACH who="0" ten="71,296,492,121" step="2"/><U102/><E1/><V126/><F126/><W72/><G72/><T132/><D132/><U85/><E2/><V6/><F8/><W46/><G135/><T92/><D92/><U86/><E118/><N who="3" m="45674" /><G114/><T34/><D34/><U64/><E33/><V123/><F38/><W95/><G95/><T130/><D130/><U108/><E28/><V84/><F129/><W19/><G19/><T119/><D119/><U47/><E30/><V40/><F133/><W52/><G44/><T17/><D17/><U74/><E47/><V94/><F134/><W87/><G87/><T67/><AGARI ba="2,2" hai="14,16,23,25,29,35,56,62,67,93,99,100,112,115" machi="67" ten="30,8000,1" yaku="1,1,0,1,52,1,54,1,53,1" doraHai="58" doraHaiUra="90" who="0" fromWho="0" sc="71,106,296,-22,492,-22,121,-42" owari="177,-22.0,274,7.0,470,57.0,79,-42.0" />
</Scene>
</mjloggm>