<mjloggm ver="2.3"><GO type="169" lobby="0"/><UN n0="%E3%81%A8%E3%83%BC%E3%82%84%E3%82%93" n1="%E3%82%B3%E3%83%8F%E3%83%AB%E3%82%B9%E3%82%BF%E3%83%BC" n2="%41%53%41%50%49%4E" n3="%6B%65%72%6F%62%6F%75" dan="16,16,19,16" rate="2100.55,2143.99,2316.75,2101.32" sx="M,F,M,M"/><TAIKYOKU oya="0"/>

<Scene>
<INIT seed="0,0,0,2,0,14" ten="250,250,250,250" oya="0" hai0="102,15,62,25,87,39,43,79,105,82,125,1,93" hai1="96,76,68,35,52,92,83,107,72,53,19,99,124" hai2="133,45,64,12,44,71,90,6,104,77,126,40,95" hai3="37,89,123,48,69,81,122,7,115,13,29,46,117"/><T56/><D1/><U85/><E35/><V70/><F104/><W78/><G117/><T109/><D125/><U100/><E124/><V11/><F126/><W42/><G115/><T28/><D105/><U118/><E118/><V23/><F133/><W120/><G69/><T80/><D109/><U24/><E68/><V32/><F32/><W36/><G29/><T88/><D43/><U55/><E96/><V108/><F108/><W112/><G89/><T94/><D39/><U119/><E119/><V128/><F128/><W50/><G50/><T116/><D116/><U103/><E103/><V132/><F132/><W75/><REACH who="3" step="1"/><G112/><REACH who="3" ten="250,250,250,240" step="2"/><T54/><D102/><U97/><E100/><V111/><F90/><W59/><G59/><T84/><REACH who="0" step="1"/><D15/><REACH who="0" ten="240,250,250,240" step="2"/><U61/><E107/><V63/><F12/><W26/><G26/><T66/><D66/><U106/><E106/><V135/><F64/><W129/><G129/><T4/><D4/><U18/><E24/><V110/><F6/><W3/><G3/><T41/><D41/><U8/><E55/><V113/><F113/><W16/><G16/><T91/><D91/><U49/><E53/><V57/><F40/><W47/><G47/><T98/><D98/><U31/><E99/><V101/><F44/><W2/><G2/><T67/><D67/><U58/><E97/><V0/><F45/><W134/><G134/><T121/><D121/><U34/><E19/><V22/><F135/><W131/><G131/><T38/><D38/><U27/><E27/><V17/><F17/><W20/><G20/><AGARI ba="0,2" hai="20,25,28,54,56,62,79,80,82,84,87,88,93,94" machi="20" ten="30,12000,1" yaku="1,1,7,1,8,1,54,1,53,1" doraHai="14" doraHaiUra="21" who="0" fromWho="3" sc="240,140,250,0,250,0,240,-120" />
</Scene>
<Scene>
<INIT seed="0,1,0,2,5,11" ten="380,250,250,120" oya="0" hai0="123,125,26,71,54,86,88,70,4,15,91,5,16" hai1="81,1,27,109,47,95,110,68,90,59,63,33,34" hai2="69,38,73,108,107,37,77,23,39,12,58,84,93" hai3="98,62,25,43,97,46,61,133,104,126,31,52,40"/><T9/><D125/><U13/><E68/><V41/><F69/><W131/><G126/><T116/><D123/><U78/><E1/><V121/><F121/><W129/><G133/><T113/><D116/><U24/><E47/><V44/><F107/><W80/><G80/><T18/><D113/><U6/><E27/><V87/><F108/><N who="1" m="41577" /><E24/><V128/><F128/><N who="3" m="49227" /><G62/><T94/><D71/><U120/><E120/><V51/><F93/><W102/><G97/><T100/><D70/><U111/><E111/><V66/><F77/><W118/><G118/><T124/><D124/><U56/><E56/><V115/><F73/><W20/><G46/><T7/><D54/><U114/><E114/><V132/><F132/><W21/><G21/><N who="0" m="13623" /><D91/><U76/><E81/><V36/><F115/><W103/><G103/><AGARI ba="1,0" hai="4,5,7,9,15,16,86,88,94,100,103" m="13623" machi="103" ten="30,11600,0" yaku="8,1,52,1,54,2" doraHai="11" who="0" fromWho="3" sc="380,119,250,0,250,0,120,-119" />
</Scene>
<Scene>
<INIT seed="0,2,0,0,1,3" ten="499,250,250,1" oya="0" hai0="110,30,62,60,11,10,71,51,48,99,27,13,105" hai1="117,89,20,73,50,95,31,57,115,104,69,79,5" hai2="40,7,132,70,28,131,0,75,121,66,116,65,125" hai3="26,14,68,23,37,86,8,17,81,42,61,96,19"/><T46/><D110/><U36/><E69/><V135/><F121/><W114/><G114/><T108/><D108/><U97/><E36/><V59/><F75/><W34/><G34/><T45/><D105/><U82/><E117/><V24/><F70/><W32/><G32/><T88/><D71/><U76/><E76/><V134/><F116/><W2/><G2/><T72/><D72/><U35/><E35/><N who="2" m="20871" /><F131/><W6/><G96/><T44/><D11/><U4/><E115/><V53/><F125/><W16/><G37/><T120/><D120/><U109/><E109/><V55/><F40/><W93/><G42/><T102/><D102/><U119/><E119/><V39/><F39/><W21/><G68/><T9/><D9/><U54/><REACH who="1" step="1"/><E104/><REACH who="1" ten="499,240,250,1" step="2"/><V100/><F100/><W18/><G93/><N who="0" m="56743" /><D30/><U123/><E123/><V56/><F0/><W33/><G33/><T49/><D27/><AGARI ba="2,1" hai="4,5,20,27,31,50,54,57,73,79,82,89,95,97" machi="27" ten="40,8000,1" yaku="1,1,52,2,53,1" doraHai="3" doraHaiUra="90" who="1" fromWho="0" sc="499,-86,240,96,250,0,1,0" />
</Scene>
<Scene>
<INIT seed="1,0,0,1,5,40" ten="413,336,250,1" oya="1" hai0="31,55,18,98,115,23,68,0,48,7,97,43,13" hai1="36,102,72,123,129,135,14,78,126,67,25,19,104" hai2="38,95,100,51,80,121,113,22,130,60,77,52,20" hai3="108,85,103,50,93,59,86,70,87,82,124,91,29"/><U10/><E123/><V35/><F121/><W5/><G70/><T46/><D115/><U133/><E67/><V66/><F35/><W12/><G29/><T122/><D68/><U24/><E126/><V42/><F113/><W105/><G124/><T61/><D31/><U39/><E129/><V117/><F117/><W65/><G108/><T90/><D122/><U64/><E64/><V116/><F116/><W33/><G33/><T101/><D7/><U26/><E78/><V107/><F107/><W16/><G5/><T2/><D90/><U56/><E56/><V53/><F130/><W41/><G105/><T4/><D4/><U134/><E72/><V125/><F125/><W88/><G103/><T62/><D97/><AGARI ba="0,0" hai="10,14,19,24,25,26,36,39,97,102,104,133,134,135" machi="97" ten="50,2400,0" yaku="20,1" doraHai="40" who="1" fromWho="0" sc="413,-24,336,24,250,0,1,0" />
</Scene>
<Scene>
<INIT seed="1,1,0,4,0,75" ten="389,360,250,1" oya="1" hai0="49,65,125,23,42,52,38,1,54,26,129,57,22" hai1="107,112,105,32,69,86,14,96,68,102,3,93,24" hai2="35,134,133,37,87,76,100,122,5,58,81,63,103" hai3="126,84,79,39,7,40,130,109,59,70,25,8,71"/><U119/><E3/><V55/><F35/><W118/><G59/><T44/><D1/><U0/><E0/><V80/><F5/><W29/><G118/><T123/><D123/><U34/><E119/><V89/><F37/><W33/><G130/><T20/><D129/><U6/><E112/><V27/><F122/><W2/><G126/><T61/><D125/><U85/><E85/><V41/><F41/><W135/><G135/><T82/><D82/><U66/><E34/><V115/><F115/><W60/><G109/><T104/><D104/><U108/><E108/><V132/><REACH who="2" step="1"/><F27/><REACH who="2" ten="389,360,240,1" step="2"/><W12/><G12/><T62/><D26/><U127/><E127/><V120/><F120/><W28/><G28/><T74/><D38/><U53/><E24/><V117/><F117/><W101/><G60/><T72/><REACH who="0" step="1"/><D42/><REACH who="0" ten="379,360,240,1" step="2"/><U13/><E32/><V128/><F128/><W110/><G40/><T97/><D97/><U43/><E43/><V73/><AGARI ba="1,2" hai="55,58,63,73,76,80,81,87,89,100,103,132,133,134" machi="73" ten="30,12000,2" yaku="1,1,0,1,20,1,52,1,53,2" doraHai="75" doraHaiUra="99" who="2" fromWho="2" sc="379,-31,360,-61,240,143,1,-31" owari="348,15.0,299,-10.0,383,48.0,-30,-53.0" />
</Scene>
</mjloggm>