<mjloggm ver="2.3"><GO type="169" lobby="0"/><UN n0="%41%53%41%50%49%4E" n1="%56%65%6E%75%73%53%61%79" n2="%E6%9D%B1%E5%8D%97" n3="%E3%83%9F%E3%83%A9%E3%82%AF%E3%83%AB%E3%81%8A%E3%81%98%E3%81%95%E3%82%93" dan="18,17,17,17" rate="2258.86,2147.50,2179.24,2172.68" sx="M,M,M,M"/><TAIKYOKU oya="0"/>

<Scene>
<INIT seed="0,0,0,0,2,25" ten="250,250,250,250" oya="0" hai0="13,68,97,102,17,1,86,52,56,16,3,59,26" hai1="44,124,67,121,71,99,80,113,10,4,129,103,62" hai2="122,70,50,88,42,108,84,112,53,55,125,19,85" hai3="128,107,77,79,106,101,41,118,105,28,117,51,91"/><T130/><D68/><U35/><E121/><V96/><F122/><W135/><G128/><T36/><D36/><U18/><E129/><V38/><F70/><W8/><G135/><T40/><D130/><U75/><E113/><V60/><F112/><W119/><G101/><T89/><D40/><U15/><E35/><V46/><F125/><W21/><G8/><T30/><D59/><U73/><E124/><V64/><F19/><W114/><G114/><T2/><D13/><U32/><E32/><V72/><F72/><W0/><G0/><T34/><D86/><U109/><E109/><V94/><F108/><W90/><G41/><T131/><D89/><U39/><E80/><V104/><F104/><W93/><G51/><T133/><D133/><U33/><E33/><V126/><F126/><W5/><G5/><T66/><D66/><U14/><E44/><V120/><F120/><W58/><G58/><T76/><D76/><U69/><E39/><V115/><F115/><W92/><G21/><T78/><D78/><N who="3" m="29705" /><G28/><T54/><D131/><U48/><E48/><V63/><F38/><W49/><G49/><T74/><D74/><U81/><E71/><V6/><F6/><W110/><G110/><T132/><D132/><U61/><E61/><N who="2" m="23627" /><F64/><W43/><G43/><T20/><D56/><U11/><REACH who="1" step="1"/><E81/><REACH who="1" ten="250,240,250,250" step="2"/><V82/><F82/><W12/><G12/><T37/><D37/><U31/><E31/><V123/><F123/><W127/><G127/><T27/><REACH who="0" step="1"/><D17/><REACH who="0" ten="240,240,250,250" step="2"/><U116/><E116/><V7/><F7/><W24/><G24/><T95/><AGARI ba="0,2" hai="1,2,3,16,20,26,27,30,34,52,54,95,97,102" machi="95" ten="30,18000,2" yaku="1,1,2,1,0,1,52,1,54,2,53,0" doraHai="25" doraHaiUra="9" who="0" fromWho="0" sc="240,200,240,-60,250,-60,250,-60" />
</Scene>
<Scene>
<INIT seed="0,1,0,2,2,89" ten="440,180,190,190" oya="0" hai0="3,128,15,82,130,51,93,75,103,112,79,123,118" hai1="81,135,42,68,6,69,32,33,87,74,60,111,22" hai2="83,17,98,27,47,26,11,9,114,117,67,46,37" hai3="96,97,18,126,125,38,105,31,116,104,92,107,56"/><T131/><D3/><U59/><E74/><V88/><F114/><W127/><G38/><T80/><D112/><U43/><E6/><V72/><F117/><W44/><G116/><T0/><D0/><U21/><E135/><V66/><F72/><W122/><G122/><T58/><D118/><U64/><E111/><V49/><F37/><W61/><G31/><T109/><D123/><U71/><E22/><V99/><F83/><W55/><G44/><T57/><D109/><U95/><E21/><V45/><F49/><W35/><G35/><T34/><D34/><U29/><E33/><V24/><F17/><W121/><G121/><T129/><D129/><U41/><E29/><V100/><F88/><N who="3" m="55303" /><G18/><T70/><D70/><U5/><E5/><V65/><REACH who="2" step="1"/><F98/><AGARI ba="1,0" hai="55,56,61,97,98,104,105,107,125,126,127" m="55303" machi="98" ten="40,5200,0" yaku="18,1,52,1,54,1" doraHai="89" who="3" fromWho="2" sc="440,0,180,0,190,-55,190,55" />
</Scene>
<Scene>
<INIT seed="1,0,0,4,5,122" ten="440,180,135,245" oya="1" hai0="124,56,9,53,54,87,46,35,50,0,16,112,106" hai1="22,135,4,98,11,30,96,33,65,90,19,10,59" hai2="13,66,25,75,93,42,91,71,31,48,116,38,60" hai3="79,27,5,41,61,20,63,95,55,117,127,62,17"/><U119/><E119/><V68/><F75/><W134/><G117/><T49/><D112/><U97/><E135/><V51/><F71/><W94/><G134/><T111/><D124/><U1/><E11/><V69/><F69/><W84/><G127/><T110/><D35/><U74/><E74/><V86/><F116/><W99/><G41/><T39/><D106/><U18/><E33/><V109/><F38/><W32/><G32/><T78/><D39/><U3/><E3/><V45/><F51/><W115/><G115/><T47/><D56/><U8/><E8/><V126/><F126/><W57/><G5/><T102/><D102/><U12/><E19/><V28/><F13/><W113/><G113/><T6/><D16/><U36/><E36/><V15/><F15/><W105/><G105/><T92/><D92/><N who="3" m="35369" /><G99/><T123/><D123/><U129/><E129/><V44/><F44/><W77/><G84/><T85/><D85/><U81/><E30/><V108/><REACH who="2" step="1"/><F25/><REACH who="2" ten="440,180,125,245" step="2"/><W100/><G100/><T76/><D87/><N who="1" m="50543" /><E1/><V125/><F125/><W34/><G34/><T73/><D73/><U107/><E107/><V114/><F114/><W43/><G43/><T88/><D0/><U128/><E128/><V80/><F80/><W7/><G7/><T26/><D6/><U120/><E120/><V103/><F103/><W37/><G37/><T52/><D26/><N who="1" m="14679" /><E98/><V29/><AGARI ba="0,1" hai="28,29,31,42,45,48,60,66,68,86,91,93,108,109" machi="29" ten="30,12000,2" yaku="1,1,0,1,52,2,53,2" doraHai="122" doraHaiUra="121" who="2" fromWho="2" sc="440,-30,180,-60,125,130,245,-30" />
</Scene>
<Scene>
<INIT seed="2,0,0,1,2,119" ten="410,120,255,215" oya="2" hai0="91,0,73,129,31,27,60,29,70,97,130,9,41" hai1="37,35,55,118,125,15,50,33,99,100,104,51,23" hai2="65,124,89,6,10,17,116,40,12,106,24,77,54" hai3="64,57,74,4,16,98,72,53,86,66,45,44,134"/><V92/><F116/><W79/><G134/><T113/><D113/><U68/><E37/><V132/><F106/><W32/><G32/><T42/><D73/><U135/><E68/><V82/><F132/><W133/><G133/><T114/><D114/><U14/><E118/><V25/><F65/><W7/><G98/><T95/><D29/><U22/><E135/><V83/><F40/><W80/><G16/><T122/><D122/><U58/><E125/><V107/><F107/><W96/><G96/><T52/><D9/><U127/><E127/><V13/><F54/><W76/><G86/><T59/><D0/><U88/><E51/><V49/><F49/><W131/><G53/><T3/><D3/><U47/><E47/><V123/><F123/><W75/><G72/><T36/><D70/><U78/><E78/><V87/><F124/><W85/><G85/><T126/><D126/><U105/><E105/><V34/><F34/><W90/><G57/><T28/><D28/><U84/><E15/><V121/><F121/><W18/><G18/><T38/><D41/><U5/><E23/><V103/><F103/><W39/><G90/><T101/><D101/><U109/><E109/><V102/><F102/><W115/><G115/><T63/><D63/><U108/><E108/><V30/><F30/><W69/><G69/><T81/><D42/><U112/><E112/><V8/><F82/><W26/><G80/><T71/><D81/><N who="1" m="49167" /><E22/><V111/><REACH who="2" step="1"/><F111/><REACH who="2" ten="410,120,245,215" step="2"/><W93/><G39/><N who="0" m="14891" /><D71/><U19/><E5/><V117/><F117/><W120/><G120/><T67/><D67/><U1/><E35/><AGARI ba="0,1" hai="27,31,35,52,59,60,91,95,97,129,130" m="14891" machi="35" ten="30,2000,0" yaku="6,1,54,1" doraHai="119" who="0" fromWho="1" sc="410,30,120,-20,245,0,215,0" />
</Scene>
<Scene>
<INIT seed="3,0,0,2,2,23" ten="440,100,245,215" oya="3" hai0="7,55,131,41,25,83,47,106,34,4,133,75,78" hai1="52,13,73,49,6,114,15,51,62,65,53,88,45" hai2="96,56,99,38,10,8,117,85,107,119,74,18,97" hai3="103,76,128,102,81,3,30,113,84,105,77,89,93"/><W118/><G3/><T42/><D106/><U108/><E114/><V123/><F74/><N who="3" m="43159" /><G30/><T37/><D131/><U80/><E108/><V109/><F109/><W112/><G118/><T72/><D133/><U135/><E135/><V50/><F38/><W70/><G70/><T59/><D72/><U68/><E6/><V82/><F123/><W36/><G36/><T132/><D42/><U90/><E90/><V31/><F31/><W17/><G17/><T32/><D132/><U91/><E91/><V19/><F107/><W1/><G1/><T116/><D116/><U0/><E0/><V124/><F124/><W94/><G128/><T12/><D12/><U44/><REACH who="1" step="1"/><E73/><REACH who="1" ten="440,90,245,215" step="2"/><V121/><F119/><W21/><G113/><T57/><D4/><U115/><E115/><V27/><F117/><W22/><G112/><T33/><D7/><U71/><E71/><V54/><F121/><W28/><G77/><T129/><D129/><U134/><E134/><V58/><F85/><AGARI ba="0,1" hai="13,15,44,45,49,51,52,53,62,65,68,80,85,88" machi="85" ten="40,8000,1" yaku="1,1,9,1,54,2,53,0" doraHai="23" doraHaiUra="2" who="1" fromWho="2" sc="440,0,90,90,245,-80,215,0" />
</Scene>
<Scene>
<INIT seed="4,0,0,1,4,46" ten="440,180,165,215" oya="0" hai0="115,132,106,105,125,135,98,96,112,100,66,25,102" hai1="77,32,39,41,70,61,57,34,89,128,50,88,87" hai2="14,49,110,85,56,58,8,18,52,51,7,120,117" hai3="111,79,10,83,92,101,67,109,28,123,80,86,74"/><T76/><D66/><N who="1" m="41295" /><E77/><V44/><F110/><W108/><G28/><T78/><REACH who="0" step="1"/><D25/><REACH who="0" ten="430,180,165,215" step="2"/><U37/><E128/><V81/><F120/><W114/><G123/><T5/><D5/><U90/><E34/><V2/><F117/><W91/><G67/><T118/><D118/><U43/><E32/><V95/><F7/><W53/><G111/><T65/><D65/><U36/><E36/><V71/><F71/><W113/><G109/><T54/><D54/><N who="1" m="31959" /><E39/><V133/><F133/><W45/><G108/><T33/><D33/><U126/><E43/><V26/><F26/><W127/><G53/><T23/><D23/><U119/><E119/><V13/><F13/><W103/><G114/><T35/><D35/><U99/><E126/><AGARI ba="0,1" hai="76,78,96,98,100,102,105,106,112,115,125,126,132,135" machi="126" ten="25,24000,3" yaku="1,1,22,2,34,3,53,2" doraHai="46" doraHaiUra="93" who="0" fromWho="1" sc="430,250,180,-240,165,0,215,0" owari="680,77.0,-60,-56.0,165,-23.0,215,2.0" />
</Scene>
</mjloggm>