<mjloggm ver="2.3"><GO type="169" lobby="0"/><UN n0="%E6%82%A0%E9%9B%85" n1="%41%53%41%50%49%4E" n2="%56%65%6E%75%73%53%61%79" n3="%E3%81%82%E3%82%93%E3%81%96%E3%82%93" dan="16,19,17,17" rate="2038.35,2325.75,2202.38,2167.12" sx="M,M,M,M"/><TAIKYOKU oya="0"/>

<Scene>
<INIT seed="0,0,0,1,1,129" ten="250,250,250,250" oya="0" hai0="74,6,105,43,100,75,117,30,53,81,14,128,119" hai1="18,86,93,12,31,2,45,41,118,121,34,123,20" hai2="67,62,63,90,60,49,72,114,110,27,46,9,103" hai3="17,16,25,66,116,68,32,102,5,24,127,88,131"/><T28/><D43/><U44/><E118/><V132/><F72/><W79/><G116/><T10/><D128/><U51/><E2/><V120/><F114/><W39/><G39/><T61/><D74/><U57/><E34/><V115/><F120/><W7/><G102/><T104/><D30/><U101/><E31/><V70/><F110/><W8/><G131/><T96/><D104/><U15/><E15/><V52/><F132/><W19/><G66/><T37/><D37/><U113/><E113/><V108/><F108/><W77/><G68/><T92/><D105/><U64/><E64/><V29/><F103/><W21/><G127/><T97/><D96/><U78/><E57/><V133/><F133/><W69/><G69/><T85/><D75/><U82/><REACH who="1" step="1"/><E45/><REACH who="1" ten="250,240,250,250" step="2"/><V95/><F115/><W91/><G32/><T3/><D28/><U111/><E111/><V23/><REACH who="2" step="1"/><F9/><REACH who="2" ten="250,240,240,250" step="2"/><W107/><G8/><T4/><D119/><U38/><E38/><V125/><F125/><W106/><G17/><T1/><D117/><U11/><E11/><V126/><F126/><W22/><AGARI ba="0,2" hai="5,7,16,19,21,22,24,25,77,79,88,91,106,107" machi="22" ten="25,8000,1" yaku="0,1,22,2,54,2" doraHai="129" who="3" fromWho="3" sc="250,-40,240,-20,240,-20,250,100" />
</Scene>
<Scene>
<INIT seed="1,0,0,4,5,36" ten="210,220,220,350" oya="1" hai0="4,76,119,104,120,59,35,58,61,94,43,77,114" hai1="8,13,90,92,68,49,117,9,69,75,66,20,2" hai2="79,57,55,30,89,46,56,50,110,6,71,29,108" hai3="78,45,105,101,106,26,17,74,112,129,64,33,34"/><U47/><E117/><V118/><F71/><W96/><G112/><T48/><D104/><U63/><E75/><V91/><F79/><W115/><G115/><T5/><D119/><U51/><E69/><V97/><F6/><W0/><G0/><T135/><D114/><U85/><E2/><V116/><F97/><W62/><G129/><T67/><D35/><U12/><E51/><V80/><F80/><W126/><G126/><T15/><D120/><U81/><E81/><V38/><F38/><W65/><G65/><T41/><D135/><U25/><E9/><V70/><F70/><W10/><G106/><T98/><D5/><U54/><REACH who="1" step="1"/><E8/><REACH who="1" ten="210,210,220,350" step="2"/><V87/><F118/><W133/><G10/><N who="0" m="4551" /><D77/><U14/><E14/><V52/><F116/><W24/><G74/><T103/><D76/><U125/><E125/><V95/><F56/><W123/><G78/><T32/><D32/><U73/><E73/><V132/><F132/><W31/><G34/><T122/><D122/><U7/><E7/><V3/><F3/><W16/><G133/><T86/><D58/><U83/><E83/><V84/><F57/><W28/><G123/><T88/><D48/><U102/><E102/><V100/><F100/><W44/><G33/><T21/><D21/><U18/><AGARI ba="0,1" hai="12,13,18,20,25,47,49,54,63,66,68,85,90,92" machi="18" ten="20,3900,0" yaku="1,1,0,1,7,1,53,0" doraHai="36" doraHaiUra="121" who="1" fromWho="1" sc="210,-13,210,49,220,-13,350,-13" />
</Scene>
<Scene>
<INIT seed="1,1,0,5,5,54" ten="197,259,207,337" oya="1" hai0="47,52,51,27,109,59,14,113,49,105,115,17,25" hai1="48,75,37,33,53,0,83,124,68,73,98,128,1" hai2="26,106,114,81,87,117,36,28,102,108,125,135,7" hai3="76,126,71,58,11,18,131,57,60,101,56,104,118"/><U31/><E37/><V111/><F36/><W70/><G76/><T86/><D105/><U116/><E116/><V119/><F7/><W95/><G104/><T34/><D109/><N who="2" m="42058" /><F114/><W85/><G118/><N who="2" m="45065" /><F28/><W127/><G131/><T38/><D38/><U121/><E128/><V64/><F64/><W90/><G101/><T61/><D51/><U21/><E33/><V41/><F41/><W72/><G72/><T66/><D34/><U22/><E31/><V2/><F2/><W112/><G112/><T62/><D115/><U123/><E53/><V110/><F26/><W103/><G103/><T91/><D62/><U67/><E67/><V24/><F24/><W78/><G78/><T89/><D113/><U15/><E48/><V88/><F110/><W97/><G60/><T32/><D89/><U55/><E55/><V65/><F65/><W42/><G42/><T12/><D12/><U20/><E15/><V82/><F135/><W45/><G70/><T35/><D35/><U134/><E68/><V23/><F23/><W107/><G71/><T122/><D122/><U93/><E21/><V29/><F29/><W79/><G11/><N who="0" m="6367" /><D32/><U99/><E134/><V129/><F129/><W132/><G132/><T3/><D3/><U130/><E130/><V44/><F44/><W46/><G46/><T39/><D39/><U80/><REACH who="1" step="1"/><E93/><AGARI ba="1,0" hai="25,27,47,49,52,59,61,66,86,91,93" m="6367" machi="93" ten="30,3900,0" yaku="8,1,52,1,54,1" doraHai="54" who="0" fromWho="1" sc="197,42,259,-42,207,0,337,0" />
</Scene>
<Scene>
<INIT seed="2,0,0,2,0,97" ten="239,217,207,337" oya="2" hai0="30,122,47,80,130,2,57,43,33,111,79,48,4" hai1="88,115,77,110,127,117,19,55,98,81,24,46,21" hai2="36,134,12,105,87,42,45,53,70,71,85,73,1" hai3="16,64,32,13,109,100,6,68,14,58,5,76,54"/><V112/><F1/><W31/><G76/><T66/><D122/><U18/><E115/><V106/><F112/><W102/><G109/><T56/><D111/><U83/><E117/><V40/><F73/><W89/><G32/><T95/><D130/><U0/><E110/><V38/><F134/><W101/><G68/><T84/><D33/><U49/><E127/><V74/><F74/><W11/><G64/><T20/><D66/><U29/><E0/><V39/><F12/><W52/><G31/><T26/><D2/><U120/><E120/><V37/><F53/><N who="3" m="20587" /><G58/><T118/><D118/><U99/><E99/><V129/><F129/><W82/><G14/><T113/><D113/><U131/><E131/><V23/><F23/><W103/><G103/><T9/><D57/><U104/><E104/><N who="2" m="40043" /><F45/><W119/><G119/><T34/><D56/><U121/><E121/><V10/><F10/><W124/><G124/><T51/><D34/><U78/><E78/><V123/><N who="2" m="9216" /><DORA hai="17" /><V61/><F61/><W3/><G3/><T27/><D9/><U116/><E116/><V50/><F123/><W15/><G15/><T126/><D126/><U92/><REACH who="1" step="1"/><E81/><REACH who="1" ten="239,207,207,337" step="2"/><V107/><F107/><W44/><G44/><T22/><D47/><U7/><E7/><V63/><F63/><W128/><G128/><T91/><D4/><U8/><E8/><V65/><F65/><W35/><G35/><T75/><D79/><U60/><E60/><V69/><F42/><W86/><AGARI ba="0,1" hai="5,6,11,13,16,82,86,89,100,101,102" m="20587" machi="86" ten="30,12000,2" yaku="8,1,52,3,54,2" doraHai="97,17" who="3" fromWho="3" sc="239,-30,207,-30,207,-60,337,130" />
</Scene>
<Scene>
<INIT seed="3,0,0,1,3,86" ten="209,177,147,467" oya="3" hai0="7,24,130,123,116,104,18,36,46,61,44,31,35" hai1="34,42,122,30,127,95,112,98,80,22,102,89,57" hai2="8,0,39,111,134,79,65,23,56,11,108,5,118" hai3="58,70,124,27,15,41,90,107,119,125,71,38,109"/><W110/><G107/><T66/><D123/><U9/><E122/><V75/><F118/><W96/><G119/><T121/><D116/><U20/><E112/><V47/><F134/><W84/><G96/><T28/><D121/><U132/><E132/><V43/><F11/><W68/><G15/><T29/><D104/><U45/><E127/><N who="3" m="48714" /><G58/><T62/><D62/><U67/><E34/><V77/><F23/><W83/><G27/><T93/><D7/><U133/><E30/><V78/><F65/><W85/><G85/><T113/><D113/><U73/><E133/><V101/><F101/><W99/><G99/><T117/><D117/><U52/><E67/><V14/><F56/><W48/><G48/><T12/><D29/><U6/><E73/><V16/><REACH who="2" step="1"/><F75/><REACH who="2" ten="209,177,137,467" step="2"/><W2/><G2/><T64/><D64/><U25/><E102/><V100/><F100/><W72/><G72/><T55/><D66/><U3/><E57/><V49/><F49/><W1/><G1/><T33/><D33/><U114/><E3/><V135/><F135/><W128/><G128/><T91/><D130/><U53/><E114/><V40/><F40/><W17/><G41/><T81/><D35/><U97/><E42/><V19/><F19/><W82/><G17/><T37/><D28/><U76/><E22/><V92/><F92/><N who="3" m="54343" /><G38/><T120/><D36/><U69/><E20/><V115/><F115/><W103/><G103/><T10/><D37/><U13/><E9/><V129/><F129/><W59/><G59/><T87/><D31/><U63/><E6/><V105/><F105/><W4/><G4/><RYUUKYOKU ba="0,1" sc="209,-15,177,-15,137,15,467,15" hai2="0,5,8,14,16,39,43,47,77,78,79,108,111" hai3="68,70,71,82,83,109,110" />
</Scene>
<Scene>
<INIT seed="3,1,1,5,1,122" ten="194,162,152,482" oya="3" hai0="88,5,96,117,10,34,22,57,97,0,92,74,50" hai1="6,35,87,21,48,1,75,33,82,123,20,55,84" hai2="105,91,65,109,62,73,80,52,93,4,18,104,44" hai3="106,39,116,99,133,68,15,107,40,103,26,28,121"/><W128/><G116/><T89/><D117/><U24/><E123/><V43/><F4/><W45/><G121/><T64/><D74/><U7/><E75/><V59/><F109/><W29/><G29/><T53/><D34/><U131/><E131/><V13/><F65/><W79/><G133/><T9/><D64/><U134/><E134/><V12/><F12/><W54/><G79/><T67/><D67/><U129/><E129/><V110/><F110/><W56/><G68/><T69/><D69/><U86/><E82/><V85/><F80/><W94/><G15/><T58/><D22/><U31/><E21/><V112/><F112/><W8/><G8/><T114/><D114/><U83/><E83/><V130/><F73/><W17/><G17/><T61/><D10/><U19/><E1/><V11/><REACH who="2" step="1"/><F130/><REACH who="2" ten="194,162,142,482" step="2"/><W3/><G128/><T132/><D132/><U36/><E6/><V2/><F2/><W66/><G66/><T100/><D96/><U14/><E7/><V30/><F30/><W41/><G3/><T124/><D0/><U60/><E14/><V38/><AGARI ba="1,2" hai="11,13,18,38,43,44,52,59,62,85,91,93,104,105" machi="38" ten="20,5200,0" yaku="1,1,0,1,7,1,54,1,53,0" doraHai="122" doraHaiUra="127" who="2" fromWho="2" sc="194,-14,162,-14,142,75,482,-27" />
</Scene>
<Scene>
<INIT seed="4,0,0,1,2,104" ten="180,148,217,455" oya="0" hai0="51,83,95,57,75,76,62,23,56,43,115,117,91" hai1="106,100,58,34,22,108,38,112,127,96,85,24,109" hai2="105,119,8,123,67,37,124,70,118,130,93,1,59" hai3="30,13,52,50,65,42,19,133,14,73,10,134,29"/><T111/><D117/><N who="2" m="44554" /><F105/><W31/><G73/><T11/><D115/><U7/><E38/><V89/><F37/><W126/><G126/><T21/><D111/><U113/><E34/><V64/><F124/><W129/><G65/><T77/><D77/><U16/><E127/><V125/><F125/><W20/><G129/><T135/><D135/><N who="3" m="51721" /><G42/><T90/><D90/><U74/><E74/><V71/><F123/><W41/><G41/><T114/><D114/><N who="1" m="44139" /><E7/><N who="2" m="1135" /><F130/><W28/><G28/><T47/><D11/><U27/><E85/><N who="2" m="52399" /><F59/><N who="3" m="33175" /><G14/><T107/><D56/><U72/><E72/><V110/><F110/><N who="1" m="42601" /><E58/><V97/><F97/><W128/><G128/><T101/><D107/><U55/><E55/><V12/><F12/><AGARI ba="0,0" hai="12,16,22,24,27,96,100,106" m="42601,44139" machi="12" ten="30,3900,0" yaku="15,1,11,1,54,1" doraHai="104" who="1" fromWho="2" sc="180,0,148,39,217,-39,455,0" />
</Scene>
<Scene>
<INIT seed="5,0,0,2,0,44" ten="180,187,178,455" oya="1" hai0="125,28,1,74,14,79,59,98,119,10,24,35,96" hai1="2,91,9,13,110,6,102,42,108,0,117,86,36" hai2="62,43,101,126,33,8,94,104,77,129,115,83,114" hai3="34,15,118,81,5,73,29,40,84,3,61,103,26"/><U16/><E117/><V30/><F129/><W67/><G15/><T90/><D119/><U37/><E102/><V7/><F126/><W66/><G66/><T51/><D125/><U12/><E12/><V99/><F43/><W112/><G112/><N who="2" m="43049" /><F33/><W113/><G84/><T18/><D74/><U45/><E37/><V120/><F30/><W63/><G63/><T87/><D79/><U50/><E36/><V25/><F25/><W72/><G81/><T23/><D59/><U130/><E130/><V122/><F62/><W121/><G61/><T27/><D51/><U89/><E0/><N who="2" m="103" /><F94/><W48/><G26/><T71/><D71/><U92/><REACH who="1" step="1"/><E91/><REACH who="1" ten="180,177,178,455" step="2"/><V53/><F53/><W133/><G103/><T76/><D76/><U22/><AGARI ba="0,1" hai="2,6,9,13,16,22,42,45,50,86,89,92,108,110" machi="22" ten="30,12000,1" yaku="1,1,2,1,0,1,52,1,54,1,53,0" doraHai="44" doraHaiUra="128" who="1" fromWho="1" sc="180,-40,177,130,178,-40,455,-40" />
</Scene>
<Scene>
<INIT seed="5,1,0,0,2,47" ten="140,307,138,415" oya="1" hai0="60,74,46,135,126,73,29,77,19,99,44,5,65" hai1="9,10,41,96,76,13,26,48,18,7,17,28,100" hai2="59,16,21,69,107,85,31,116,125,70,102,112,83" hai3="68,109,88,24,134,57,104,81,123,1,106,117,30"/><U124/><E124/><V54/><F116/><W12/><G68/><T72/><D126/><U51/><E76/><V22/><F112/><W61/><G1/><T3/><D29/><U118/><E118/><V94/><F107/><W67/><G117/><T87/><D135/><U27/><E41/><V108/><F108/><W36/><G36/><T101/><D3/><U58/><E58/><V40/><F40/><W119/><G109/><T92/><D5/><U42/><E42/><V8/><F125/><W95/><G123/><T53/><D53/><U45/><E45/><V82/><F82/><W71/><G134/><T49/><D19/><U127/><E127/><V75/><F75/><W110/><G110/><T20/><D20/><U105/><E27/><V11/><F70/><W97/><G119/><T32/><D32/><U66/><E66/><V111/><F69/><W52/><G12/><T15/><D15/><U23/><E17/><V55/><F55/><W93/><G93/><T129/><D74/><U120/><E120/><V34/><F34/><W35/><G81/><T89/><D77/><U78/><E78/><N who="2" m="46327" /><F111/><W56/><G71/><T131/><D73/><U128/><E128/><V79/><F79/><W132/><G132/><T64/><D72/><U4/><E18/><V38/><F38/><W86/><G86/><T130/><D64/><U121/><E121/><V25/><F16/><W37/><G37/><T63/><D65/><U2/><AGARI ba="1,0" hai="2,4,7,9,10,13,23,26,28,48,51,96,100,105" machi="2" ten="20,7800,0" yaku="0,1,7,1,52,2" doraHai="47" who="1" fromWho="1" sc="140,-27,307,81,138,-27,415,-27" />
</Scene>
<Scene>
<INIT seed="5,2,0,4,4,39" ten="113,388,111,388" oya="1" hai0="91,79,13,12,30,119,37,115,19,112,96,51,45" hai1="73,16,63,70,71,21,69,93,29,80,109,38,3" hai2="10,127,17,101,55,27,97,121,102,107,125,94,64" hai3="120,15,35,33,47,118,0,8,32,31,133,2,20"/><U46/><E3/><N who="3" m="1066" /><G47/><T59/><D30/><U87/><E109/><V28/><F121/><W82/><G82/><T36/><D79/><U88/><E29/><V74/><F74/><W72/><G72/><T7/><D7/><U111/><E111/><V66/><F55/><W48/><G48/><T83/><D12/><U14/><E73/><V113/><F113/><N who="0" m="43594" /><D59/><U50/><E38/><V52/><F52/><W108/><G120/><T100/><D91/><U53/><REACH who="1" step="1"/><E80/><REACH who="1" ten="113,378,111,388" step="2"/><V129/><F28/><W123/><G123/><T58/><D83/><U104/><E104/><V18/><F107/><W122/><G122/><T67/><D37/><U34/><E34/><V81/><F81/><W4/><G108/><T60/><D36/><U54/><E54/><V24/><F94/><W130/><G118/><T25/><D119/><U131/><E131/><V86/><F129/><W61/><G130/><T26/><D51/><U22/><E22/><V92/><F92/><W89/><G61/><AGARI ba="2,1" hai="14,16,21,46,50,53,61,63,69,70,71,87,88,93" machi="61" ten="40,7700,0" yaku="1,1,54,2,53,0" doraHai="39" doraHaiUra="117" who="1" fromWho="3" sc="113,0,378,93,111,0,388,-83" />
</Scene>
<Scene>
<INIT seed="5,3,0,1,5,21" ten="113,471,111,305" oya="1" hai0="18,127,123,26,86,92,132,8,53,9,117,75,114" hai1="80,109,5,112,51,30,63,3,29,69,34,118,52" hai2="64,111,39,98,120,95,31,35,61,32,85,7,59" hai3="22,44,116,126,103,110,73,50,0,84,46,113,24"/><U1/><E118/><V33/><F120/><W2/><G73/><T57/><D75/><U88/><E112/><V47/><F111/><W13/><G116/><T56/><D114/><U102/><E109/><V19/><F7/><W66/><G113/><T10/><D117/><U89/><E102/><V99/><F19/><W71/><G110/><T58/><D132/><U48/><E5/><V38/><F31/><W28/><G126/><T122/><D127/><U100/><E100/><V40/><REACH who="2" step="1"/><F39/><REACH who="2" ten="113,471,101,305" step="2"/><W20/><G28/><T67/><D122/><U105/><E30/><V135/><F135/><W101/><G2/><T87/><D123/><U43/><E29/><V130/><F130/><W41/><G0/><T74/><D67/><U27/><E3/><V14/><F14/><W11/><G13/><T6/><D6/><U119/><E1/><V94/><F94/><W79/><G11/><T16/><D74/><U128/><E128/><V65/><F65/><W129/><G66/><T49/><D92/><U108/><E108/><V125/><F125/><W60/><G129/><T121/><D121/><U131/><E131/><V25/><F25/><W55/><G24/><T83/><D18/><U36/><E27/><V78/><F78/><W76/><G76/><N who="0" m="46439" /><D87/><U54/><E119/><V68/><F68/><W45/><G71/><T77/><D77/><U72/><E69/><V81/><F81/><W37/><G84/><T104/><D104/><U134/><E80/><V106/><F106/><W70/><G70/><T97/><D97/><U4/><E105/><V12/><F12/><W62/><G79/><RYUUKYOKU ba="3,1" sc="113,15,471,-15,101,15,305,-15" hai0="8,9,10,16,26,49,53,56,57,58" hai2="32,33,35,38,40,47,59,61,64,85,95,98,99" />
</Scene>
<Scene>
<INIT seed="6,4,1,2,4,3" ten="128,456,116,290" oya="2" hai0="50,9,77,106,60,54,102,85,100,51,45,6,81" hai1="66,116,39,121,84,47,76,103,65,108,19,113,52" hai2="7,0,124,53,98,41,131,16,80,118,97,49,130" hai3="69,95,61,96,133,94,29,8,119,92,68,62,35"/><V44/><F118/><W127/><G119/><T111/><D111/><U109/><E116/><V74/><F124/><W56/><G127/><T88/><D106/><U120/><E113/><V20/><F74/><W72/><G72/><T5/><D60/><U82/><E103/><N who="0" m="39465" /><D9/><U59/><E19/><V48/><F80/><W91/><G133/><T105/><D105/><U75/><E75/><V40/><F40/><W46/><G29/><T36/><D36/><U126/><E126/><V42/><F42/><W135/><G56/><N who="0" m="32855" /><D77/><U110/><E47/><V18/><F18/><W26/><G26/><T83/><D83/><U115/><E39/><V24/><F0/><W28/><G91/><T129/><D129/><N who="2" m="49162" /><F7/><W14/><G69/><T125/><D125/><U71/><E71/><V34/><F34/><W27/><G68/><T10/><D10/><U25/><E115/><V117/><F117/><W122/><G122/><T23/><D23/><U70/><E70/><V93/><F93/><W17/><G94/><T87/><D85/><U79/><E79/><V114/><F114/><W73/><G92/><T32/><D32/><U1/><E1/><V11/><F11/><W90/><G73/><T43/><AGARI ba="4,1" hai="5,6,43,45,51,81,87,88" m="32855,39465" machi="43" ten="30,7900,0" yaku="8,1,52,2,54,1" doraHai="3" who="0" fromWho="0" sc="128,101,456,-24,116,-43,290,-24" />
</Scene>
<Scene>
<INIT seed="7,0,0,2,1,22" ten="229,432,73,266" oya="3" hai0="131,115,107,8,86,67,68,108,78,96,13,70,2" hai1="27,23,121,15,76,91,87,12,118,20,109,30,32" hai2="61,47,49,126,38,58,105,103,39,119,73,6,95" hai3="89,79,92,114,50,63,93,71,34,111,94,74,102"/><W82/><G114/><T129/><D108/><U116/><E109/><V31/><F73/><W104/><G34/><T84/><D2/><U28/><E121/><V4/><F105/><W128/><G111/><T72/><D72/><U17/><E76/><V81/><F81/><W120/><G120/><T132/><D78/><U24/><E15/><V127/><F119/><N who="1" m="45609" /><E91/><V51/><F95/><N who="3" m="36427" /><G50/><T0/><D0/><U46/><E46/><V88/><F103/><W5/><G5/><T26/><D115/><U65/><E65/><V57/><F61/><W36/><G63/><T43/><D43/><U42/><E42/><V56/><F31/><W98/><G36/><T69/><D67/><U106/><E87/><V110/><F110/><W53/><G53/><T55/><D55/><U35/><E106/><V54/><F54/><W130/><G71/><T113/><D113/><U77/><E77/><V101/><F101/><W9/><G9/><AGARI ba="0,0" hai="9,12,17,20,23,24,27,28,30,32,35" m="45609" machi="9" ten="30,8000,1" yaku="12,1,34,2,52,2" doraHai="22" who="1" fromWho="3" sc="229,0,432,80,73,0,266,-80" owari="229,3.0,512,61.0,73,-43.0,186,-21.0" />
</Scene>
</mjloggm>