<mjloggm ver="2.3"><GO type="169" lobby="0"/><UN n0="%41%53%41%50%49%4E" n1="%E3%81%B5%E3%81%8B%E3%81%BF" n2="%E2%99%AA%E3%83%A2%E3%83%8E%E3%82%AF%E3%83%AD" n3="%E8%99%8E%E7%8D%85%E3%81%8F%E3%82%93" dan="18,17,18,16" rate="2231.19,2147.99,2210.92,2072.58" sx="M,F,F,M"/><TAIKYOKU oya="0"/>

<Scene>
<INIT seed="0,0,0,5,1,6" ten="250,250,250,250" oya="0" hai0="106,67,87,2,32,115,132,36,119,103,42,86,56" hai1="14,40,13,34,8,127,109,44,52,29,113,11,48" hai2="49,97,112,28,90,84,58,122,33,53,64,9,99" hai3="47,76,35,10,55,21,100,117,93,30,22,12,50"/><T107/><D115/><U37/><E109/><V43/><F122/><W134/><G117/><T131/><D119/><U24/><E113/><V88/><F112/><W41/><G134/><T108/><D32/><U120/><E120/><V102/><F43/><W125/><G125/><T95/><D2/><U80/><E127/><V20/><F33/><W128/><G128/><T135/><D56/><U82/><E14/><V46/><F102/><W70/><G70/><T91/><D67/><U77/><E13/><V18/><F28/><W83/><G35/><T16/><D42/><U5/><E5/><V69/><F69/><W79/><G30/><T1/><D36/><U116/><E116/><V23/><F9/><W123/><G123/><T98/><D1/><U66/><E66/><V118/><F118/><W65/><G65/><T45/><D45/><U54/><E82/><V92/><F90/><W15/><G15/><T27/><D131/><U51/><E37/><V110/><F110/><W105/><G105/><N who="0" m="39947" /><D103/><U81/><E81/><V75/><F75/><W74/><G79/><T104/><D104/><U133/><E133/><N who="0" m="51273" /><D108/><U4/><E40/><V25/><REACH who="2" step="1"/><F23/><AGARI ba="0,0" hai="16,23,27,86,87,91,95,98" m="51273,39947" machi="23" ten="30,2900,0" yaku="20,1,54,1" doraHai="6" who="0" fromWho="2" sc="250,29,250,0,250,-29,250,0" />
</Scene>
<Scene>
<INIT seed="0,1,0,4,3,24" ten="279,250,221,250" oya="0" hai0="28,32,127,94,86,132,106,97,25,9,42,98,71" hai1="60,16,7,10,39,14,113,46,102,89,37,35,110" hai2="78,65,109,43,40,27,6,125,80,2,54,74,51" hai3="56,126,115,18,104,69,81,134,90,76,120,117,118"/><T55/><D71/><U67/><E110/><V63/><F109/><W26/><G56/><T87/><D132/><U48/><E113/><V19/><F125/><W49/><G49/><T68/><D127/><U72/><E72/><V131/><F131/><W73/><G18/><T108/><D108/><U128/><E35/><V62/><F6/><W135/><G26/><T105/><D42/><U20/><E102/><V129/><F2/><W123/><G69/><T133/><D133/><N who="3" m="50697" /><G104/><T11/><D68/><U119/><E89/><V8/><F129/><W61/><G61/><T58/><D105/><U57/><E128/><V0/><F0/><W33/><G33/><T85/><D106/><U29/><E119/><N who="3" m="45578" /><G126/><T1/><D94/><U59/><E59/><V4/><F4/><W99/><G115/><T107/><D107/><U13/><REACH who="1" step="1"/><E29/><REACH who="1" ten="279,240,221,250" step="2"/><V88/><F74/><W91/><G90/><T38/><D32/><U111/><E111/><V66/><F88/><W31/><G31/><T83/><D28/><U92/><E92/><AGARI ba="1,1" hai="73,76,81,91,92,99,120,123" m="45578,50697" machi="92" ten="40,5200,0" yaku="20,1,34,2" doraHai="24" who="3" fromWho="1" sc="279,0,240,-55,221,0,250,65" />
</Scene>
<Scene>
<INIT seed="1,0,0,4,1,78" ten="279,185,221,315" oya="1" hai0="71,34,70,25,74,64,124,89,37,120,18,46,119" hai1="96,122,97,128,115,40,72,99,13,100,8,28,63" hai2="15,127,51,2,53,73,65,82,129,60,35,112,45" hai3="38,10,107,39,33,44,84,76,109,56,21,20,80"/><U57/><E115/><V106/><F2/><W101/><G33/><T62/><D119/><U95/><E122/><V50/><F106/><W69/><G69/><T79/><D124/><U23/><E72/><V55/><F35/><W49/><G109/><T135/><D135/><U14/><E40/><V88/><F129/><W133/><G133/><T83/><D120/><U17/><E128/><V3/><F3/><W103/><G56/><T125/><D125/><U1/><E1/><V102/><F102/><N who="3" m="38923" /><G39/><T47/><D70/><U61/><E61/><V42/><F127/><W90/><G38/><T85/><D37/><U19/><REACH who="1" step="1"/><E28/><REACH who="1" ten="279,175,221,315" step="2"/><V52/><F112/><W48/><G107/><T110/><D110/><U41/><E41/><V43/><F43/><W131/><G131/><T113/><D113/><U77/><E77/><V24/><F42/><W68/><G76/><T30/><REACH who="0" step="1"/><D18/><REACH who="0" ten="269,175,221,315" step="2"/><U66/><AGARI ba="0,2" hai="8,13,14,17,19,23,57,63,66,95,96,97,99,100" machi="66" ten="20,7800,0" yaku="1,1,0,1,7,1,8,1,53,0" doraHai="78" doraHaiUra="108" who="1" fromWho="1" sc="269,-26,175,98,221,-26,315,-26" />
</Scene>
<Scene>
<INIT seed="1,1,0,2,3,135" ten="243,273,195,289" oya="1" hai0="76,127,132,84,104,39,123,13,69,112,50,18,80" hai1="97,126,125,65,122,19,86,52,8,81,67,7,64" hai2="29,16,26,27,68,20,131,98,101,33,58,107,103" hai3="4,89,24,128,60,75,116,118,48,71,133,32,130"/><U110/><E122/><V87/><F68/><W62/><G75/><T42/><D132/><U92/><E19/><V115/><F131/><N who="3" m="50219" /><G133/><T21/><D112/><U106/><E106/><V0/><F115/><W43/><G4/><T3/><D104/><U73/><E73/><V95/><F0/><W113/><G113/><T121/><D69/><U66/><E66/><V36/><F36/><W120/><G120/><N who="0" m="46155" /><D3/><U38/><E38/><V12/><F87/><W56/><G89/><T83/><D39/><U102/><E110/><V40/><F40/><W111/><G24/><T99/><D99/><U14/><REACH who="1" step="1"/><E52/><REACH who="1" ten="243,263,195,289" step="2"/><V109/><F109/><W59/><G111/><T46/><D18/><U51/><E51/><V96/><F58/><N who="3" m="22059" /><G71/><T31/><D50/><U100/><E100/><V9/><REACH who="2" step="1"/><F27/><REACH who="2" ten="243,263,185,289" step="2"/><W79/><G116/><T37/><D37/><U17/><E17/><V134/><F134/><W1/><G118/><T93/><D42/><U5/><E5/><V25/><F25/><W74/><G43/><T88/><D46/><U105/><E105/><V70/><F70/><W54/><G74/><T47/><D47/><U124/><E124/><V2/><F2/><W85/><G1/><T6/><D127/><U72/><E72/><V28/><F28/><W44/><G44/><T78/><D31/><U91/><AGARI ba="1,2" hai="7,8,14,64,65,67,81,86,91,92,97,102,125,126" machi="91" ten="30,11700,0" yaku="1,1,0,1,52,2,53,0" doraHai="135" doraHaiUra="117" who="1" fromWho="1" sc="243,-40,263,140,185,-40,289,-40" />
</Scene>
<Scene>
<INIT seed="1,2,0,0,5,17" ten="203,403,145,249" oya="1" hai0="14,48,39,29,32,111,83,97,33,87,42,21,31" hai1="62,15,99,93,113,28,37,131,107,45,76,104,20" hai2="66,49,24,108,127,7,100,60,117,124,46,30,121" hai3="115,64,78,74,72,51,2,6,44,40,69,102,126"/><U10/><E113/><V36/><F117/><W119/><G115/><T34/><D39/><U95/><E76/><V84/><F121/><W8/><G119/><T47/><D111/><U82/><E82/><V26/><F108/><W70/><G126/><N who="2" m="48169" /><F36/><W134/><G134/><T114/><D97/><U101/><E131/><V89/><F7/><W11/><G102/><T23/><D114/><U68/><E107/><V75/><F75/><W9/><G64/><T43/><D43/><U12/><E37/><V81/><F30/><W58/><G58/><T0/><D0/><U105/><E45/><V3/><F3/><W27/><G27/><T109/><D109/><U106/><E10/><V129/><F100/><W25/><G25/><T16/><REACH who="0" step="1"/><D23/><REACH who="0" ten="193,403,145,249" step="2"/><U19/><E99/><V122/><F129/><W18/><G2/><T77/><AGARI ba="2,1" hai="14,16,21,29,31,32,33,34,42,47,48,77,83,87" machi="77" ten="30,8000,1" yaku="1,1,2,1,0,1,52,1,54,1,53,0" doraHai="17" doraHaiUra="94" who="0" fromWho="0" sc="193,96,403,-42,145,-22,249,-22" />
</Scene>
<Scene>
<INIT seed="2,0,0,1,5,25" ten="289,361,123,227" oya="2" hai0="7,75,90,79,91,38,108,123,132,126,17,76,110" hai1="73,13,40,23,67,14,61,48,119,11,28,82,63" hai2="16,95,98,36,130,45,52,18,133,58,115,15,92" hai3="77,44,54,50,81,21,68,4,33,127,85,128,22"/><V42/><F115/><W60/><G127/><T2/><D38/><U97/><E119/><V26/><F130/><W94/><G128/><T135/><D17/><N who="1" m="10679" /><E73/><V121/><F121/><W66/><G4/><T74/><D7/><N who="1" m="3327" /><E67/><V129/><F129/><W8/><G8/><T65/><D65/><U117/><E117/><V47/><F133/><N who="0" m="51274" /><D2/><U124/><E124/><V57/><F26/><W71/><G71/><T27/><D27/><U39/><E39/><V43/><F58/><W88/><REACH who="3" step="1"/><G33/><REACH who="3" ten="289,361,123,217" step="2"/><T9/><D9/><U99/><E63/><N who="2" m="36263" /><F36/><W29/><G29/><T34/><D34/><U114/><E28/><V72/><F72/><AGARI ba="0,1" hai="21,22,44,50,54,60,66,68,72,77,81,85,88,94" machi="72" ten="30,7700,0" yaku="1,1,7,1,54,1,53,1" doraHai="25" doraHaiUra="87" who="3" fromWho="2" sc="289,0,361,0,123,-77,217,87" />
</Scene>
<Scene>
<INIT seed="3,0,0,5,0,97" ten="289,361,46,304" oya="3" hai0="22,64,85,120,60,114,119,131,51,46,59,48,27" hai1="12,29,135,54,67,10,6,5,133,103,83,61,116" hai2="65,123,66,81,43,44,18,79,122,94,91,26,121" hai3="15,78,106,87,28,107,13,111,33,115,95,9,1"/><W113/><G1/><T117/><D114/><U0/><E116/><V19/><F65/><W118/><G118/><T3/><D120/><U38/><E38/><V56/><F56/><W11/><G111/><T132/><D3/><U70/><E29/><V77/><F66/><W109/><G109/><T16/><D131/><U89/><E54/><V58/><F58/><W62/><G62/><T45/><D132/><N who="1" m="50763" /><E0/><V63/><F63/><W88/><G78/><N who="2" m="29705" /><F81/><W31/><G87/><T42/><REACH who="0" step="1"/><D85/><REACH who="0" ten="279,361,46,304" step="2"/><N who="1" m="50367" /><E5/><V74/><F74/><W4/><G113/><T52/><AGARI ba="0,1" hai="16,22,27,42,45,46,48,51,52,59,60,64,117,119" machi="52" ten="20,8000,1" yaku="1,1,0,1,7,1,54,2,53,0" doraHai="97" doraHaiUra="124" who="0" fromWho="0" sc="279,90,361,-20,46,-20,304,-40" />
</Scene>
<Scene>
<INIT seed="4,0,0,2,2,117" ten="369,341,26,264" oya="0" hai0="88,113,100,22,95,4,9,46,62,110,2,40,79" hai1="24,128,120,96,49,104,123,66,92,34,44,64,116" hai2="39,57,109,50,45,122,31,19,54,131,33,105,71" hai3="98,17,10,25,82,42,73,125,1,6,47,58,28"/><T114/><D110/><U106/><E116/><V129/><F109/><W118/><G118/><T18/><D100/><U112/><E128/><N who="2" m="49227" /><F105/><W127/><G17/><T80/><D62/><U134/><E134/><V29/><F33/><W53/><G98/><T48/><D80/><U107/><E112/><V5/><F5/><W26/><G82/><T121/><D79/><U43/><E34/><V78/><F71/><W81/><G81/><T41/><D121/><U89/><REACH who="1" step="1"/><E24/><REACH who="1" ten="369,331,26,264" step="2"/><V91/><F78/><W38/><G26/><T63/><D113/><U74/><E74/><V13/><F122/><AGARI ba="0,1" hai="43,44,49,64,66,89,92,96,104,106,107,120,122,123" machi="122" ten="50,8000,1" yaku="1,1,52,3,53,0" doraHai="117" doraHaiUra="77" who="1" fromWho="2" sc="369,0,331,90,26,-80,264,0" owari="369,17.0,421,52.0,-54,-55.0,264,-14.0" />
</Scene>
</mjloggm>