<mjloggm ver="2.3"><GO type="169"/><UN n0="%E3%83%96%E3%83%83%E3%83%91%E7%A5%9E" n1="%E3%83%90%E3%83%B3%E3%83%96%E3%83%BC%E3%83%A1%E3%83%A2%E3%83%AA%E3%83%BC" n2="%41%53%41%50%49%4E" n3="%E3%82%AA%E3%82%BA%E3%82%B0%E3%83%AB%E3%83%BC%E3%83%97" dan="17,16,18,16" rate="2130,2018,2223,2073" sx="M,F,M,M"/><TAIKYOKU oya="0"/>

<Scene>
<INIT seed="0,0,0,3,2,4" ten="250,250,250,250" oya="0" hai0="63,43,90,121,100,6,105,74,33,101,58,85,3" hai1="84,27,51,72,28,68,25,77,29,118,12,128,22" hai2="76,96,19,122,110,17,109,83,89,103,36,126,73" hai3="48,115,9,30,26,11,53,117,71,65,116,39,7"/><T135/><D121/><U123/><E118/><V54/><F122/><W91/><G39/><T44/><D33/><U120/><E123/><V64/><F36/><W98/><G115/><T37/><D74/><U108/><E108/><N who="2" m="41579" /><F126/><W60/><G7/><T111/><D111/><U70/><E120/><V69/><F89/><W133/><G133/><T57/><D135/><U62/><E72/><V61/><F54/><W47/><G98/><T14/><D3/><U46/><E128/><V24/><F24/><W42/><G91/><T112/><D112/><U52/><E12/><V67/><F64/><W132/><G132/><T23/><D105/><AGARI ba="0,0" hai="17,19,61,67,69,73,76,83,96,103,105" m="41579" machi="105" ten="30,1000,0" yaku="14,1" doraHai="4" who="2" fromWho="0" sc="250,-10,250,0,250,10,250,0" />
</Scene>
<Scene>
<INIT seed="1,0,0,5,2,127" ten="240,250,260,250" oya="1" hai0="56,112,88,77,6,114,41,84,36,74,29,80,43" hai1="45,22,98,128,25,81,68,13,135,109,37,124,119" hai2="94,121,26,87,71,101,73,9,65,99,54,70,18" hai3="59,64,102,35,1,115,118,32,42,3,97,38,40"/><U47/><E124/><V93/><F121/><W85/><G118/><T90/><D29/><U129/><E119/><V133/><F73/><W44/><G115/><T50/><D36/><U86/><E135/><V125/><F125/><W33/><G42/><T117/><D117/><U2/><E2/><V49/><F133/><W78/><G64/><T104/><D104/><U58/><E68/><V123/><F123/><W126/><G59/><T31/><D31/><U52/><E109/><V48/><F65/><W8/><G8/><T103/><D103/><U39/><E98/><V72/><F72/><W15/><G15/><T11/><D90/><N who="1" m="51535" /><E13/><V105/><F49/><W96/><G126/><T60/><D43/><U110/><E110/><V57/><F9/><W76/><G85/><T4/><D50/><N who="1" m="30999" /><E39/><V83/><F70/><W46/><G46/><T23/><D41/><U61/><E61/><V5/><F71/><W14/><G14/><T75/><D74/><U12/><E12/><V130/><F5/><W0/><REACH who="3" step="1"/><G102/><REACH who="3" ten="240,250,260,240" step="2"/><T7/><D11/><U67/><E67/><V24/><F101/><W20/><G20/><T91/><D23/><U51/><E45/><V134/><F134/><W95/><G95/><T120/><D120/><U131/><E37/><V34/><F94/><W108/><G108/><T79/><D114/><U63/><E47/><V28/><F93/><W113/><G113/><T16/><D112/><U132/><E132/><V27/><F57/><W82/><G82/><T92/><D56/><U66/><E66/><V69/><F83/><W19/><G19/><T55/><D16/><RYUUKYOKU ba="0,1" sc="240,-10,250,-10,260,-10,240,30" hai3="0,1,3,32,33,35,38,40,44,76,78,96,97" />
</Scene>
<Scene>
<INIT seed="2,1,1,2,2,94" ten="230,240,250,270" oya="2" hai0="61,131,109,60,59,65,90,73,77,135,27,86,127" hai1="63,121,5,96,103,128,50,84,1,53,11,13,52" hai2="81,67,97,114,80,34,89,82,62,54,95,78,46" hai3="102,106,79,110,118,122,88,38,21,93,28,129,40"/><V92/><F114/><W124/><G122/><T68/><D109/><U112/><E121/><V119/><F119/><W12/><G118/><T45/><D127/><U113/><E128/><V101/><F34/><W105/><G124/><T19/><D131/><U91/><E63/><V104/><F54/><W111/><G129/><T49/><D135/><U23/><E53/><V10/><F46/><N who="3" m="23831" /><G79/><T2/><D2/><U4/><E4/><V120/><F120/><W107/><G12/><T8/><D73/><U58/><E23/><V100/><F10/><W116/><G21/><T72/><D72/><U48/><E48/><V22/><F22/><W31/><G102/><T71/><D77/><U30/><E30/><V41/><F41/><W87/><G116/><T99/><D61/><U33/><E33/><V3/><F3/><W132/><G132/><T9/><D68/><U17/><E5/><V74/><F104/><N who="3" m="26627" /><W20/><DORA hai="108" /><G20/><T15/><D71/><U70/><E70/><V85/><REACH who="2" step="1"/><F100/><REACH who="2" ten="230,240,240,270" step="2"/><W47/><G111/><T32/><D8/><U42/><E1/><V130/><F130/><W98/><G110/><T0/><D9/><U44/><E42/><V117/><F117/><W75/><G47/><T43/><D45/><U83/><E44/><V39/><F39/><W126/><G126/><T69/><D43/><U76/><E112/><V115/><F115/><W6/><G6/><T134/><D32/><U123/><E113/><V64/><F64/><W37/><G37/><T7/><D65/><U55/><E123/><V16/><F16/><W35/><G35/><T26/><D19/><RYUUKYOKU ba="1,2" sc="230,-10,240,-10,240,30,270,-10" hai2="62,67,74,78,80,81,82,85,89,92,95,97,101" />
</Scene>
<Scene>
<INIT seed="2,2,2,0,0,12" ten="220,230,270,260" oya="2" hai0="88,63,119,44,21,96,107,37,90,84,78,97,33" hai1="77,45,36,93,73,121,19,31,59,71,132,100,106" hai2="65,130,133,101,25,80,26,56,41,124,53,8,30" hai3="123,87,134,128,122,18,113,76,62,3,95,5,110"/><V81/><F130/><W129/><G113/><T15/><D33/><U82/><E132/><V118/><F118/><W67/><G134/><T98/><D119/><U7/><E121/><V114/><F133/><W64/><G3/><T47/><D107/><U13/><E71/><V115/><F124/><W68/><G5/><T0/><D0/><U116/><E116/><V46/><F65/><W72/><G67/><T131/><D131/><N who="3" m="50249" /><G72/><T99/><N who="0" m="24576" /><DORA hai="79" /><T135/><D135/><U29/><E106/><V112/><F8/><W17/><G110/><T4/><D63/><U120/><E120/><N who="3" m="46122" /><G95/><T66/><D66/><U91/><E100/><V52/><F101/><W83/><AGARI ba="2,2" hai="17,18,62,64,68,76,83,87" m="46122,50249" machi="83" ten="40,8000,1" yaku="19,1,52,3" doraHai="12,79" who="3" fromWho="3" sc="220,-22,230,-22,270,-42,260,106" />
</Scene>
<Scene>
<INIT seed="3,0,0,5,2,106" ten="198,208,228,366" oya="3" hai0="29,76,91,124,46,85,1,15,12,120,44,7,79" hai1="109,36,59,40,65,16,112,67,11,30,77,95,87" hai2="82,28,130,74,37,42,118,17,90,35,66,25,97" hai3="20,47,114,100,22,31,39,104,34,96,63,119,92"/><W18/><G119/><T26/><D120/><U107/><E112/><V52/><F118/><W8/><G114/><T111/><D111/><U81/><E107/><V57/><F130/><W129/><G34/><T14/><D124/><U125/><E125/><V110/><F110/><W23/><G129/><T123/><D123/><U113/><E113/><V41/><F37/><W98/><G31/><T71/><D71/><U115/><E115/><V50/><F66/><W103/><G8/><T93/><D7/><U9/><E109/><V80/><F17/><W27/><REACH who="3" step="1"/><G63/><REACH who="3" ten="198,208,228,356" step="2"/><T88/><D29/><U75/><E11/><V135/><F28/><W99/><G99/><T4/><D4/><U55/><E9/><V48/><F97/><W101/><G101/><T19/><D1/><U53/><E30/><V134/><F35/><W6/><G6/><T60/><D60/><U89/><E36/><V127/><F127/><W133/><G133/><T128/><D128/><U131/><E131/><V56/><F134/><W49/><G49/><T5/><D5/><U69/><E16/><V58/><F50/><W116/><G116/><T84/><D19/><U33/><E33/><V126/><F126/><W132/><G132/><T0/><D0/><U78/><E69/><V64/><F48/><W121/><G121/><T2/><D2/><U72/><E89/><V102/><F90/><W108/><G108/><T83/><D26/><U94/><E78/><AGARI ba="0,1" hai="12,14,15,44,46,76,78,79,83,84,85,88,91,93" machi="78" ten="40,2600,0" yaku="8,1,54,1" doraHai="106" who="0" fromWho="1" sc="198,36,208,-26,228,0,356,0" />
</Scene>
<Scene>
<INIT seed="4,0,0,1,1,97" ten="234,182,228,356" oya="0" hai0="86,63,17,4,133,58,69,90,112,89,43,72,21" hai1="68,10,22,95,125,127,7,51,38,104,65,28,41" hai2="27,60,79,74,64,101,124,37,54,42,40,85,103" hai3="29,116,111,3,56,75,108,61,122,100,129,115,6"/><T77/><D69/><U9/><E104/><V5/><F74/><W13/><G75/><T93/><D112/><U94/><E38/><V48/><F124/><N who="1" m="47689" /><E65/><V130/><F130/><W81/><G116/><T123/><D123/><U1/><E68/><N who="2" m="41991" /><F27/><W24/><G115/><T26/><D133/><U78/><E78/><V62/><F62/><W105/><G3/><T120/><D120/><U47/><E10/><V49/><F49/><W135/><G129/><T117/><D117/><U59/><E59/><N who="2" m="33223" /><F42/><W121/><G135/><T109/><D109/><U107/><E107/><V80/><F5/><W67/><G121/><T15/><D43/><U92/><E22/><V132/><F132/><W83/><G122/><T76/><D72/><U99/><E28/><V36/><F36/><W88/><G83/><T20/><D90/><AGARI ba="0,0" hai="1,7,9,41,47,51,90,92,94,95,99" m="47689" machi="90" ten="30,1000,0" yaku="18,1" doraHai="97" who="1" fromWho="0" sc="234,-10,182,10,228,0,356,0" />
</Scene>
<Scene>
<INIT seed="5,0,0,1,4,95" ten="224,192,228,356" oya="1" hai0="96,86,41,92,134,68,53,98,93,66,100,63,123" hai1="117,19,57,103,113,84,11,36,101,73,74,128,69" hai2="126,8,105,0,85,130,44,129,33,83,16,39,132" hai3="49,23,106,133,131,13,72,14,122,90,31,10,60"/><U35/><E117/><V18/><F33/><W119/><G122/><T25/><D123/><U55/><E69/><V110/><F110/><W78/><G119/><T114/><D114/><U102/><E113/><V12/><F0/><W21/><G106/><T91/><D134/><U6/><E35/><V47/><F132/><W48/><G133/><T109/><D109/><U120/><E120/><V52/><F126/><W4/><G131/><N who="2" m="50185" /><F105/><W56/><G72/><T15/><D41/><U125/><E125/><V76/><F39/><W37/><G78/><T115/><D115/><U46/><E128/><V67/><F67/><W75/><G75/><T89/><D25/><U24/><E84/><V62/><F18/><W64/><G37/><T22/><D53/><U108/><E108/><V127/><F127/><W30/><G90/><T34/><D34/><U61/><E36/><V32/><F32/><W9/><G31/><T20/><REACH who="0" step="1"/><D15/><REACH who="0" ten="214,192,228,356" step="2"/><U88/><E74/><V121/><F121/><W5/><G30/><T58/><D58/><AGARI ba="0,1" hai="8,12,16,44,47,52,58,62,76,83,85" m="50185" machi="58" ten="30,3900,0" yaku="19,1,54,2" doraHai="95" who="2" fromWho="0" sc="214,-39,192,0,228,49,356,0" />
</Scene>
<Scene>
<INIT seed="6,0,0,1,4,120" ten="175,192,277,356" oya="2" hai0="45,74,46,93,100,113,122,126,105,90,81,97,89" hai1="57,132,47,101,129,30,111,123,104,2,41,114,1" hai2="128,118,127,134,34,98,72,59,60,11,62,19,86" hai3="94,35,27,102,58,92,110,20,51,76,68,3,18"/><V12/><F118/><W14/><G68/><T37/><D122/><U106/><E123/><V16/><F72/><W15/><G3/><T5/><D113/><U40/><E114/><V78/><F34/><W25/><G76/><T83/><D126/><U49/><E129/><V88/><F128/><W48/><G35/><T44/><D37/><U84/><E132/><V133/><F127/><W0/><G0/><T108/><D5/><U91/><E111/><V65/><F98/><W55/><G110/><T28/><D108/><U79/><E79/><V29/><F78/><W4/><G51/><T119/><D119/><U73/><E73/><V63/><F29/><W96/><G94/><T31/><D74/><U112/><E112/><V38/><F38/><W7/><G15/><T116/><D116/><U75/><E75/><V85/><F85/><W6/><AGARI ba="0,0" hai="4,6,7,14,18,20,25,27,48,55,58,92,96,102" machi="6" ten="30,2000,0" yaku="0,1,8,1" doraHai="120" who="3" fromWho="3" sc="175,-5,192,-5,277,-10,356,20" />
</Scene>
<Scene>
<INIT seed="7,0,0,3,1,112" ten="170,187,267,376" oya="3" hai0="123,46,1,109,13,68,52,122,28,35,51,73,103" hai1="120,60,0,133,94,128,116,53,38,121,74,62,43" hai2="77,6,11,72,111,40,129,70,75,18,57,101,114" hai3="36,84,71,17,110,25,58,19,69,26,88,79,89"/><W39/><G79/><T78/><D109/><U21/><E0/><V8/><F111/><W107/><G110/><T85/><D1/><U99/><E74/><V29/><F70/><W83/><G107/><T2/><D2/><U33/><E33/><V4/><F29/><W82/><G58/><T31/><D68/><U50/><E133/><V7/><F101/><W44/><G84/><T3/><D3/><U42/><E128/><V117/><F117/><W22/><G22/><T47/><D73/><U132/><E132/><V87/><F40/><W64/><G44/><T48/><D103/><U10/><E116/><V20/><F57/><W92/><G92/><T80/><D35/><U14/><E21/><V134/><F114/><W102/><G102/><T56/><D123/><U12/><E120/><V130/><F134/><W81/><G81/><T126/><D122/><U91/><E121/><V63/><F63/><N who="1" m="24105" /><E38/><V100/><F100/><W105/><G105/><T98/><D126/><U59/><E14/><V37/><F37/><W16/><G17/><AGARI ba="0,0" hai="10,12,17,42,43,50,53,59,91,94,99" m="24105" machi="17" ten="30,1000,0" yaku="8,1" doraHai="112" who="1" fromWho="3" sc="170,0,187,10,267,0,376,-10" owari="170,-33.0,197,-20.0,267,7.0,366,46.0" />
</Scene>
</mjloggm>