<mjloggm ver="2.3"><GO type="169" lobby="0"/><UN n0="%E3%81%9D%E3%81%AE%E4%B8%80%E6%96%B9%E3%81%AA%E3%81%84%E3%82%8F%EF%BD%9E" n1="%41%53%41%50%49%4E" n2="%53%45%4C%45%43%54%2A" n3="%E3%83%99%E3%82%BF%E3%82%AA%E3%83%AA%E3%83%BC%E3%83%81%EF%BC%81" dan="16,19,17,16" rate="2043.10,2268.51,2149.90,2104.00" sx="M,M,M,M"/><TAIKYOKU oya="0"/>

<Scene>
<INIT seed="0,0,0,0,1,70" ten="250,250,250,250" oya="0" hai0="23,120,82,101,53,3,22,59,76,5,47,92,29" hai1="119,127,44,96,54,13,61,105,32,11,103,35,38" hai2="66,89,135,12,125,117,91,62,33,58,124,36,107" hai3="111,80,88,75,93,90,122,134,112,110,41,77,87"/><T104/><D104/><U19/><E119/><V7/><F33/><W130/><G41/><T73/><D47/><U4/><E127/><N who="2" m="48715" /><F107/><W16/><G16/><T2/><D29/><U28/><E28/><V15/><F135/><W99/><G134/><T83/><D120/><U49/><E38/><V8/><F117/><W25/><G25/><T57/><D5/><U1/><REACH who="1" step="1"/><E61/><REACH who="1" ten="250,240,250,250" step="2"/><V24/><F36/><W17/><G122/><T97/><D83/><U108/><E108/><N who="3" m="41514" /><G112/><T98/><D82/><U27/><E27/><V37/><F37/><W71/><G71/><T116/><D116/><U18/><E18/><V132/><F132/><W69/><G17/><T63/><D63/><U74/><E74/><V10/><F24/><W39/><G39/><T43/><D73/><U50/><E50/><V0/><F0/><W115/><G115/><T109/><D3/><U133/><E133/><V85/><F15/><W128/><G69/><T55/><D2/><U9/><AGARI ba="0,1" hai="1,4,9,11,13,19,32,35,44,49,54,96,103,105" machi="9" ten="20,8000,1" yaku="1,1,0,1,7,1,53,2" doraHai="70" doraHaiUra="30" who="1" fromWho="1" sc="250,-40,240,90,250,-20,250,-20" />
</Scene>
<Scene>
<INIT seed="1,0,0,5,2,46" ten="210,330,230,230" oya="1" hai0="106,26,10,130,125,97,44,59,51,22,29,43,114" hai1="117,53,39,42,123,54,49,80,34,128,88,50,83" hai2="134,70,52,109,36,40,4,68,91,90,69,66,104" hai3="27,79,89,124,48,135,105,35,23,5,98,120,122"/><U121/><E34/><V108/><F104/><W25/><G135/><T24/><D114/><U115/><E115/><V13/><F134/><W131/><G124/><T19/><D130/><U8/><E128/><V72/><F72/><W73/><G131/><T57/><D125/><U1/><E117/><V7/><F66/><W75/><G5/><N who="2" m="2121" /><F13/><W38/><G38/><T93/><D106/><U110/><E39/><V77/><F77/><W41/><G35/><T56/><D10/><U0/><E42/><V2/><F2/><W47/><G27/><T84/><D84/><U21/><E21/><V37/><F40/><W96/><G96/><T12/><REACH who="0" step="1"/><D29/><REACH who="0" ten="200,330,230,230" step="2"/><U16/><E8/><V113/><F113/><W71/><G75/><T86/><D86/><U107/><E107/><V17/><F109/><W31/><G105/><T11/><D11/><U92/><E110/><V111/><F111/><W15/><G73/><T101/><AGARI ba="0,1" hai="12,19,22,24,26,43,44,51,56,57,59,93,97,101" machi="101" ten="30,8000,1" yaku="1,1,0,1,8,1,52,1,53,1" doraHai="46" doraHaiUra="18" who="0" fromWho="0" sc="200,90,330,-40,230,-20,230,-20" />
</Scene>
<Scene>
<INIT seed="2,0,0,5,5,19" ten="290,290,210,210" oya="2" hai0="121,69,41,70,101,109,24,52,53,126,7,77,30" hai1="90,4,13,50,94,33,40,48,82,35,112,135,99" hai2="88,20,18,29,44,12,64,115,97,75,17,103,21" hai3="23,83,34,61,14,123,67,130,84,91,45,92,25"/><V111/><F75/><W113/><G123/><T117/><D121/><U95/><E112/><V73/><F73/><W47/><G130/><T96/><D109/><U89/><E135/><V59/><F115/><W54/><G113/><T107/><D126/><U68/><E68/><V28/><F111/><W81/><G34/><T105/><D105/><U46/><E82/><V132/><F132/><W11/><G81/><T87/><D41/><U49/><E4/><V15/><F44/><W127/><G127/><T62/><D7/><U72/><E72/><V119/><F119/><W65/><G92/><T79/><D117/><U114/><E114/><V106/><F88/><W85/><G85/><T60/><D70/><U38/><REACH who="1" step="1"/><E13/><REACH who="1" ten="290,280,210,210" step="2"/><V39/><F39/><W8/><G14/><T31/><D69/><U129/><E129/><V3/><REACH who="2" step="1"/><F3/><REACH who="2" ten="290,280,200,210" step="2"/><W16/><G83/><T80/><D80/><U37/><E37/><V26/><F26/><W5/><G25/><T42/><D24/><U2/><E2/><V56/><F56/><W51/><G45/><T102/><D77/><U118/><E118/><V128/><F128/><W10/><G5/><T22/><D79/><U0/><E0/><V116/><F116/><W71/><G71/><T32/><D102/><U66/><E66/><V122/><F122/><W63/><G65/><T124/><D101/><U78/><E78/><V120/><F120/><W9/><G67/><T74/><D74/><U110/><E110/><V134/><F134/><W131/><G131/><T108/><D108/><U55/><E55/><V125/><F125/><W93/><G47/><RYUUKYOKU ba="0,2" sc="290,-15,280,15,200,15,210,-15" hai1="33,35,38,40,46,48,49,50,89,90,94,95,99" hai2="12,15,17,18,20,21,28,29,59,64,97,103,106" />
</Scene>
<Scene>
<INIT seed="2,1,2,4,2,92" ten="275,295,215,195" oya="2" hai0="114,21,15,2,83,7,78,25,45,91,95,28,39" hai1="68,4,11,26,59,116,124,106,36,119,31,27,123" hai2="89,47,94,66,93,48,122,76,24,71,40,132,99" hai3="35,19,62,104,111,80,130,1,103,57,115,52,129"/><V18/><F122/><W10/><G35/><T113/><D15/><U100/><E68/><V12/><F132/><W3/><G111/><T125/><D125/><U86/><E36/><V51/><F76/><W77/><G115/><T112/><D7/><U32/><E124/><V105/><F105/><W110/><G110/><T9/><D9/><U55/><E123/><V88/><F24/><W108/><G108/><T58/><D2/><U30/><E86/><V42/><F66/><W56/><G19/><T98/><D58/><U63/><E100/><V67/><F67/><N who="3" m="39367" /><G10/><T65/><D65/><U74/><E74/><V60/><F60/><N who="3" m="35879" /><G103/><T22/><D22/><U16/><E106/><V49/><F71/><W84/><G104/><T101/><D101/><U13/><REACH who="1" step="1"/><E4/><REACH who="1" ten="275,285,215,195" step="2"/><V50/><F42/><W131/><AGARI ba="1,3" hai="1,3,77,80,84,129,130,131" m="35879,39367" machi="131" ten="30,2000,0" yaku="19,1,54,1" doraHai="92" who="3" fromWho="3" sc="275,-6,285,-6,215,-11,195,53" />
</Scene>
<Scene>
<INIT seed="3,0,0,5,0,8" ten="269,279,204,248" oya="3" hai0="85,127,28,107,130,111,58,103,88,101,73,90,68" hai1="70,74,108,104,84,95,43,42,100,59,112,83,47" hai2="32,21,92,72,124,11,61,78,113,109,128,40,60" hai3="37,80,89,35,25,29,55,48,87,13,114,131,57"/><W7/><G114/><T15/><D68/><U120/><E112/><V135/><F40/><W65/><G37/><T5/><D73/><U133/><E120/><V106/><F21/><W2/><G131/><T44/><D107/><U45/><E70/><V31/><F92/><W3/><REACH who="3" step="1"/><G65/><REACH who="3" ten="269,279,204,238" step="2"/><T81/><D130/><U119/><E119/><V116/><F128/><W49/><G49/><T51/><D51/><U9/><E133/><V97/><F113/><W24/><G24/><T4/><D127/><U93/><E42/><V27/><F27/><W52/><G52/><T86/><D111/><U10/><E43/><V115/><F124/><W20/><G20/><T64/><D64/><U102/><E108/><V129/><F135/><W110/><G110/><T123/><D123/><U66/><E66/><V23/><F23/><W63/><G63/><T36/><D36/><U30/><E100/><V99/><F61/><W33/><G33/><T41/><D103/><U56/><E102/><V67/><F60/><W96/><G96/><T14/><D101/><U118/><E118/><V50/><F97/><W126/><G126/><T46/><D41/><U1/><E104/><V19/><F106/><W53/><G53/><T34/><D34/><U75/><E75/><V16/><F72/><W6/><G6/><T39/><D5/><U17/><E74/><V77/><F129/><W132/><G132/><T22/><D4/><U71/><E84/><V82/><F109/><W94/><G94/><T12/><D86/><U69/><E93/><V54/><F115/><W91/><G91/><N who="0" m="34859" /><D85/><U98/><E98/><RYUUKYOKU ba="0,1" sc="269,-10,279,-10,204,-10,238,30" hai3="2,3,7,13,25,29,35,48,55,57,80,87,89" />
</Scene>
<Scene>
<INIT seed="3,1,1,2,3,46" ten="259,269,194,268" oya="3" hai0="62,8,68,106,13,66,120,89,70,56,108,91,95" hai1="105,0,132,79,116,75,125,130,94,102,121,1,76" hai2="114,18,88,69,65,67,85,134,30,81,4,92,35" hai3="77,39,78,133,83,61,22,20,129,86,10,98,43"/><W44/><G133/><T59/><D120/><U48/><E121/><V42/><F114/><W127/><G129/><T100/><D108/><U27/><E105/><V52/><F134/><W101/><G127/><T24/><D24/><U14/><E132/><V74/><F4/><W63/><G78/><T80/><D70/><U117/><E130/><V15/><F42/><W57/><G10/><T40/><D40/><U126/><E14/><V28/><F35/><W12/><G12/><T72/><D13/><U3/><E27/><V34/><F34/><W99/><G63/><T19/><D19/><U55/><E94/><V118/><F118/><N who="1" m="45673" /><E102/><V23/><F69/><W109/><G109/><T45/><D95/><U29/><E29/><N who="2" m="11371" /><F74/><W41/><G41/><T37/><D72/><U82/><E79/><N who="2" m="46271" /><F52/><W25/><G25/><T97/><D100/><U124/><E3/><V71/><F71/><W84/><G84/><AGARI ba="1,1" hai="15,18,23,65,67,84,88,92" m="46271,11371" machi="84" ten="30,2000,0" yaku="8,1,54,1" doraHai="46" who="2" fromWho="3" sc="259,0,269,0,194,33,268,-23" />
</Scene>
<Scene>
<INIT seed="4,0,0,1,2,81" ten="259,269,227,245" oya="0" hai0="121,12,28,13,42,111,122,112,64,85,90,43,117" hai1="91,8,39,78,17,75,47,100,51,114,21,98,50" hai2="115,96,0,104,79,87,14,76,73,72,36,27,44" hai3="15,7,86,4,95,88,2,116,49,125,94,10,63"/><T40/><D117/><U45/><E114/><V26/><F0/><W3/><G116/><T80/><D112/><U29/><E29/><V109/><F115/><W34/><G34/><T135/><D135/><U20/><E8/><V32/><F109/><W127/><G63/><T132/><D132/><U102/><E39/><V123/><F123/><W84/><G49/><T25/><D111/><U101/><E78/><V1/><F1/><W56/><G56/><T131/><D64/><U31/><E75/><V41/><F14/><W71/><G71/><T52/><D131/><U89/><E31/><V119/><F119/><W69/><G69/><T128/><D128/><U55/><E98/><V66/><F66/><W11/><G15/><N who="0" m="5707" /><D122/><U57/><E57/><V5/><F5/><W113/><G113/><T61/><D121/><U83/><E17/><V92/><F104/><W60/><G60/><T65/><D65/><U68/><E68/><V48/><F36/><W23/><G23/><N who="1" m="8778" /><E83/><N who="2" m="47615" /><F73/><W108/><G108/><T70/><D70/><U58/><E58/><V99/><F32/><W18/><G18/><T118/><D118/><U22/><N who="1" m="8786" /><U103/><N who="1" m="25600" /><DORA hai="59" /><DORA hai="33" /><U82/><E82/><V9/><F9/><W77/><G77/><T16/><D28/><U120/><E120/><V6/><F6/><W129/><G129/><T110/><D110/><U54/><AGARI ba="0,0" hai="45,47,50,51,54,55,89,91" m="25600,8786" machi="54" ten="50,1600,0" yaku="8,1" doraHai="81,59,33" who="1" fromWho="1" sc="259,-8,269,16,227,-4,245,-4" />
</Scene>
<Scene>
<INIT seed="5,0,0,1,5,110" ten="251,285,223,241" oya="1" hai0="13,78,29,34,102,82,83,103,66,107,106,133,90" hai1="84,93,76,59,74,65,42,70,55,56,87,52,135" hai2="118,61,122,132,100,51,39,98,54,121,123,127,12" hai3="16,105,4,41,130,9,89,97,63,116,18,24,109"/><U44/><E135/><V15/><F118/><W57/><G109/><T134/><D13/><U38/><E74/><V124/><F39/><W32/><G116/><T21/><D21/><U49/><E76/><V8/><F61/><W114/><G41/><T22/><D22/><U5/><E5/><V112/><F132/><N who="0" m="50794" /><D66/><U7/><E7/><V40/><F40/><W47/><G47/><T43/><D29/><U19/><E93/><V73/><F73/><W10/><G32/><T2/><D2/><U20/><E65/><V27/><F27/><W91/><G130/><T46/><D46/><U120/><E120/><V62/><F62/><W80/><G4/><T126/><D34/><U117/><E70/><V88/><F88/><W53/><G24/><T31/><D31/><U129/><E129/><V25/><F25/><W113/><G105/><N who="0" m="39947" /><D43/><U64/><E64/><V28/><F28/><W72/><G9/><T81/><D126/><N who="2" m="48170" /><F8/><W108/><G108/><T96/><D78/><U30/><E30/><V125/><F125/><W36/><G36/><T23/><D23/><U0/><E117/><V71/><F71/><W37/><G37/><T85/><D96/><U68/><E68/><V3/><F3/><W95/><G10/><T77/><D83/><U99/><E99/><V1/><F1/><W60/><G60/><T33/><D33/><U128/><E0/><V92/><F15/><W75/><G75/><AGARI ba="0,0" hai="75,77,81,82,85,90,102,103" m="39947,50794" machi="75" ten="30,3900,0" yaku="20,1,34,2" doraHai="110" who="0" fromWho="3" sc="251,39,285,0,223,0,241,-39" />
</Scene>
<Scene>
<INIT seed="6,0,0,4,0,49" ten="290,285,223,202" oya="2" hai0="132,70,133,73,7,81,60,15,59,17,94,20,0" hai1="131,19,13,27,69,68,106,61,21,31,32,25,9" hai2="118,114,82,54,39,85,2,8,126,66,67,109,125" hai3="83,11,40,112,48,135,103,38,46,89,14,35,26"/><V124/><F118/><W120/><G120/><T86/><D70/><U30/><E106/><V34/><F34/><W127/><G135/><N who="0" m="51787" /><D73/><U76/><E131/><V110/><F39/><W56/><G127/><T71/><D71/><U78/><REACH who="1" step="1"/><E69/><REACH who="1" ten="290,275,223,202" step="2"/><V57/><F110/><W41/><G112/><T4/><D7/><U111/><E111/><V6/><F109/><W90/><G83/><T129/><D4/><U99/><E99/><V122/><F114/><W50/><G38/><T43/><D129/><U84/><E84/><V23/><F122/><W51/><G46/><T36/><D36/><U33/><E33/><V104/><F104/><W47/><G47/><T62/><D94/><U28/><E28/><V119/><F119/><W107/><G107/><T121/><D121/><U22/><E22/><V53/><F23/><W37/><G35/><T98/><D98/><U74/><E74/><V65/><REACH who="2" step="1"/><F57/><REACH who="2" ten="290,275,213,202" step="2"/><W117/><G56/><T108/><D59/><U16/><E16/><V115/><F115/><W128/><G37/><T64/><D20/><U97/><E97/><V79/><AGARI ba="0,2" hai="2,6,8,53,54,65,66,67,79,82,85,124,125,126" machi="79" ten="40,12000,1" yaku="1,1,0,1,18,1,52,2,53,0" doraHai="49" doraHaiUra="24" who="2" fromWho="2" sc="290,-40,275,-40,213,140,202,-40" />
</Scene>
<Scene>
<INIT seed="6,1,0,1,5,23" ten="250,235,353,162" oya="2" hai0="65,84,129,93,29,0,104,45,130,115,35,87,121" hai1="27,90,82,132,99,31,133,30,49,67,50,24,75" hai2="3,68,54,105,71,114,128,32,116,9,122,81,59" hai3="102,58,56,51,89,77,61,117,57,40,80,20,124"/><V16/><F116/><W4/><G124/><T11/><D104/><U60/><E75/><V33/><F122/><W66/><G117/><T26/><D121/><U126/><E126/><V100/><F114/><W25/><G102/><T113/><D65/><U98/><E82/><V96/><F128/><N who="0" m="49258" /><D45/><U12/><E12/><V6/><F81/><W72/><G4/><N who="0" m="1415" /><D93/><U7/><E7/><V83/><F83/><W97/><G97/><T42/><D42/><U94/><E98/><V14/><F71/><W43/><G89/><T69/><D69/><U112/><E112/><AGARI ba="1,0" hai="26,29,35,84,87,112,113,115" m="1415,49258" machi="112" ten="30,3900,0" yaku="15,1,19,1,52,1" doraHai="23" who="0" fromWho="1" sc="250,42,235,-42,353,0,162,0" />
</Scene>
<Scene>
<INIT seed="7,0,0,5,0,41" ten="292,193,353,162" oya="3" hai0="62,31,38,61,65,98,85,56,30,23,124,24,25" hai1="74,49,70,125,94,91,67,79,3,127,110,126,8" hai2="50,95,129,93,120,87,92,76,36,103,12,32,4" hai3="2,19,18,28,9,29,89,71,116,84,68,20,90"/><W47/><G116/><T102/><D124/><U134/><E110/><V109/><F109/><W75/><G75/><T51/><D38/><U104/><E104/><V58/><F32/><W122/><G122/><T81/><D51/><U37/><E37/><V21/><F36/><W35/><G71/><T131/><D131/><U97/><E134/><V14/><F129/><W132/><G68/><T27/><D62/><N who="1" m="40311" /><E49/><V77/><F120/><W100/><G35/><T108/><D108/><U17/><E17/><N who="2" m="10407" /><F103/><W78/><G2/><T48/><D48/><U5/><E79/><N who="2" m="30283" /><F4/><W128/><G132/><T119/><D119/><U43/><E43/><V113/><F113/><W57/><G100/><T53/><D53/><U15/><E74/><V66/><F14/><AGARI ba="0,0" hai="3,5,8,14,15,91,94,97,125,126,127" m="40311" machi="14" ten="30,1000,0" yaku="18,1" doraHai="41" who="1" fromWho="2" sc="292,0,193,10,353,-10,162,0" owari="292,9.0,203,-20.0,343,45.0,162,-34.0" />
</Scene>
</mjloggm>