<mjloggm ver="2.3"><GO type="169"/><UN n0="%E7%81%BC%E7%9C%BC%E3%81%AE%E3%82%B7%E3%83%A3%E3%83%8A%E3%82%BF%E3%83%B3" n1="%41%53%41%50%49%4E" n2="%67%6F%6F%64%62%79%65" n3="%57%65%64%67%65" dan="16,18,16,16" rate="2080,2178,2082,2056" sx="F,M,F,M"/><TAIKYOKU oya="0"/>

<Scene>
<INIT seed="0,0,0,2,5,29" ten="250,250,250,250" oya="0" hai0="34,70,123,48,51,1,86,74,72,49,5,133,92" hai1="42,17,59,128,45,112,9,96,11,60,38,122,56" hai2="110,58,21,99,117,103,0,109,33,113,65,119,83" hai3="15,97,36,39,121,35,12,126,19,14,100,41,91"/><T88/><D123/><U57/><E122/><V31/><F0/><W68/><G68/><T23/><D133/><U44/><E128/><V63/><F83/><W75/><G75/><T16/><D70/><U124/><E112/><V61/><F63/><W47/><G121/><T50/><D34/><U73/><E73/><V107/><F21/><W82/><G35/><T2/><N who="0" m="12288" /><DORA hai="40" /><T22/><D22/><U6/><E124/><V135/><F113/><W84/><G39/><T76/><D5/><U62/><E44/><V130/><F130/><W115/><G115/><T37/><D37/><U94/><E17/><V8/><F8/><W24/><G24/><T98/><D72/><U125/><E125/><V129/><F129/><W118/><G118/><N who="2" m="45065" /><F135/><W43/><G43/><T108/><D108/><U78/><E78/><V26/><AGARI ba="0,0" hai="26,31,33,58,61,65,99,103,107,109,110" m="45065" machi="26" ten="30,2000,0" yaku="12,1,52,1" doraHai="29,40" who="2" fromWho="2" sc="250,-10,250,-5,250,20,250,-5" />
</Scene>
<Scene>
<INIT seed="1,0,0,4,2,117" ten="240,245,270,245" oya="1" hai0="74,63,98,120,14,59,81,96,62,45,85,112,83" hai1="6,4,16,132,133,12,91,114,37,18,84,125,55" hai2="25,126,35,43,123,134,67,23,50,10,78,41,58" hai3="3,122,131,119,100,80,19,105,109,76,110,51,24"/><U88/><E114/><V111/><F123/><W128/><G3/><T69/><D112/><U48/><E37/><V77/><F35/><W5/><G5/><T15/><D69/><U130/><E130/><N who="3" m="49706" /><G51/><T26/><D74/><U11/><E125/><V61/><F134/><N who="1" m="51817" /><E18/><V49/><F126/><W57/><G57/><T20/><D45/><N who="1" m="28047" /><E91/><V34/><F34/><W27/><G119/><T28/><D120/><U22/><E22/><V66/><F10/><W93/><G19/><T103/><D83/><AGARI ba="0,0" hai="4,6,11,12,16,83,84,88" m="28047,51817" machi="83" ten="30,11600,0" yaku="25,1,20,1,54,2" doraHai="117" who="1" fromWho="0" sc="240,-116,245,116,270,0,245,0" />
</Scene>
<Scene>
<INIT seed="1,1,0,3,0,89" ten="124,361,270,245" oya="1" hai0="70,87,10,29,134,115,28,36,107,100,42,126,75" hai1="133,54,80,64,57,2,9,22,79,30,125,23,33" hai2="65,35,43,47,69,3,18,11,50,95,31,15,114" hai3="85,8,105,45,112,58,132,108,88,4,39,71,94"/><U0/><E133/><V96/><F114/><W16/><G105/><T37/><D75/><U73/><E125/><V82/><F3/><W62/><G112/><T24/><D70/><U61/><E33/><V38/><F35/><W128/><G128/><T34/><D115/><U131/><E131/><V12/><F31/><W124/><G124/><T49/><D126/><U116/><E116/><V81/><F38/><W76/><G71/><T51/><D134/><U25/><E9/><N who="2" m="6511" /><F65/><W60/><G132/><T129/><D129/><U19/><REACH who="1" step="1"/><E64/><REACH who="1" ten="124,351,270,245" step="2"/><V5/><F69/><W59/><G8/><T91/><D34/><U53/><E53/><V72/><F72/><W78/><G108/><T26/><D10/><U67/><E67/><V123/><F123/><W86/><G4/><T83/><D42/><U74/><E74/><V102/><AGARI ba="1,1" hai="5,11,12,43,47,50,81,82,95,96,102" m="6511" machi="102" ten="30,2000,0" yaku="8,1,52,1" doraHai="89" who="2" fromWho="2" sc="124,-6,351,-11,270,33,245,-6" />
</Scene>
<Scene>
<INIT seed="2,0,0,1,5,35" ten="118,340,303,239" oya="2" hai0="59,12,1,67,4,34,120,68,14,13,91,122,64" hai1="103,39,60,40,21,130,133,114,32,50,45,9,85" hai2="76,81,15,95,73,113,7,83,56,117,70,28,46" hai3="36,3,69,78,19,44,66,126,2,118,42,105,17"/><V97/><F117/><W37/><G105/><T84/><D68/><U11/><E114/><V29/><F113/><W132/><G118/><T75/><D75/><U125/><E32/><V54/><F70/><W24/><G78/><T99/><D34/><U128/><E133/><V10/><F46/><W6/><G6/><T134/><D99/><U98/><E125/><V109/><F83/><W33/><G37/><T112/><D112/><U23/><E60/><V92/><F95/><W52/><G132/><T110/><D134/><U27/><E85/><V100/><REACH who="2" step="1"/><F109/><REACH who="2" ten="118,340,293,239" step="2"/><W74/><G69/><T38/><D110/><U77/><E45/><V5/><F5/><W72/><G44/><T90/><D4/><U116/><E116/><V102/><F102/><W47/><G47/><T22/><D120/><U124/><E103/><V131/><F131/><W49/><G42/><T26/><D122/><U96/><E40/><V55/><F55/><W41/><G52/><T25/><D38/><U62/><E39/><V108/><F108/><W31/><G41/><T135/><D135/><U88/><E128/><V94/><F94/><W89/><G36/><T121/><D121/><U111/><E130/><V57/><F57/><W16/><G66/><T53/><D64/><U86/><E111/><V101/><F101/><W18/><G126/><T123/><D67/><U61/><E124/><V80/><F80/><W104/><G104/><T8/><D123/><U87/><E77/><V20/><F20/><W82/><N who="3" m="4608" /><DORA hai="106" /><W63/><G82/><T0/><D22/><U30/><E21/><V51/><AGARI ba="0,1" hai="7,10,15,28,29,51,54,56,73,76,81,92,97,100" machi="51" ten="20,18000,2" yaku="1,1,5,1,0,1,7,1,52,1,53,1" doraHai="35,106" doraHaiUra="79,43" who="2" fromWho="2" sc="118,-60,340,-60,293,190,239,-60" />
</Scene>
<Scene>
<INIT seed="2,1,0,2,3,46" ten="58,280,483,179" oya="2" hai0="69,42,104,78,12,0,22,43,37,79,126,29,92" hai1="17,34,53,122,129,116,59,10,135,8,131,124,84" hai2="39,87,75,55,120,117,100,94,47,98,49,52,61" hai3="45,77,91,41,9,85,6,3,82,26,95,76,83"/><V40/><F120/><W97/><G26/><T64/><D104/><U38/><E116/><V23/><F75/><W16/><G16/><T125/><D0/><U80/><E122/><V50/><F117/><W73/><G77/><T67/><D92/><U93/><E38/><V35/><F35/><W1/><G83/><T130/><D130/><N who="1" m="49675" /><E34/><V96/><F98/><W28/><G28/><T109/><D29/><U89/><E135/><V66/><F87/><W13/><REACH who="3" step="1"/><G73/><REACH who="3" ten="58,280,483,169" step="2"/><T133/><D133/><U58/><E17/><V30/><F30/><W119/><G119/><T65/><D22/><U7/><E80/><V121/><F23/><W4/><G4/><T36/><D12/><U14/><E7/><V18/><F18/><W21/><G21/><T31/><D31/><U62/><E14/><V44/><F121/><W51/><AGARI ba="1,1" hai="1,3,6,9,13,41,45,51,76,82,85,91,95,97" machi="51" ten="20,12000,2" yaku="1,1,0,1,7,1,25,2,52,1,53,0" doraHai="46" doraHaiUra="15" who="3" fromWho="3" sc="58,-31,280,-31,483,-61,169,133" />
</Scene>
<Scene>
<INIT seed="3,0,0,5,2,31" ten="27,249,422,302" oya="3" hai0="123,70,5,43,32,131,81,80,102,79,84,9,87" hai1="8,19,58,91,52,104,78,12,20,16,67,132,18" hai2="108,23,39,120,29,22,109,135,0,38,27,48,90" hai3="2,119,101,86,17,34,117,26,73,25,103,56,83"/><W65/><G2/><T46/><D123/><U40/><E104/><V98/><F120/><W105/><G73/><T51/><D131/><U6/><E132/><V62/><F0/><W53/><G105/><T50/><D70/><U71/><E71/><V1/><F1/><W124/><G124/><T57/><D102/><U60/><E40/><V127/><F127/><W41/><G41/><T133/><D133/><U30/><E78/><V37/><F135/><W55/><G17/><T63/><D51/><U15/><E30/><V54/><F62/><W59/><G86/><T89/><D32/><U10/><E67/><V61/><F61/><W72/><G72/><T42/><D42/><U45/><E45/><V33/><F90/><W110/><G83/><T115/><D115/><U35/><E35/><V74/><F98/><W107/><G107/><T116/><D116/><U75/><E75/><V128/><F128/><W4/><G65/><T82/><D82/><U125/><E125/><V111/><REACH who="2" step="1"/><F74/><REACH who="2" ten="27,249,412,302" step="2"/><W100/><G117/><T130/><D130/><U95/><E10/><V69/><F69/><W47/><G119/><T94/><D81/><U49/><E60/><V13/><F13/><W114/><G114/><T88/><D63/><U129/><E129/><V85/><F85/><AGARI ba="0,1" hai="6,8,12,15,16,18,19,20,49,52,58,85,91,95" machi="85" ten="30,12000,2" yaku="7,1,25,2,8,1,54,2" doraHai="31" who="1" fromWho="2" sc="27,0,249,130,412,-120,302,0" />
</Scene>
<Scene>
<INIT seed="4,0,0,2,1,17" ten="27,379,292,302" oya="0" hai0="14,2,133,31,101,111,34,79,1,128,19,114,127" hai1="55,5,64,23,63,106,20,102,11,62,51,129,75" hai2="74,52,94,69,42,39,125,57,7,28,98,120,135" hai3="81,103,47,115,77,88,123,70,113,18,119,118,89"/><T83/><D114/><N who="3" m="43529" /><G70/><T56/><D111/><U15/><E75/><V21/><F120/><W122/><G47/><T97/><D133/><U53/><E129/><V86/><F135/><W45/><G45/><T37/><D37/><U80/><E106/><V109/><F42/><W40/><G40/><T105/><D128/><U99/><E80/><V33/><F39/><W91/><G103/><T3/><D127/><U73/><E73/><V27/><F109/><W25/><G25/><T8/><D56/><N who="1" m="36967" /><E62/><V32/><F74/><N who="3" m="43191" /><G18/><T121/><D121/><AGARI ba="0,0" hai="88,89,91,118,119,121,122,123" m="43191,43529" machi="121" ten="40,8000,1" yaku="13,1,15,1,34,2,54,1" doraHai="17" who="3" fromWho="0" sc="27,-80,379,0,292,0,302,80" owari="-53,-55.0,379,18.0,292,-11.0,382,48.0" />
</Scene>
</mjloggm>