<mjloggm ver="2.3"><GO type="169" lobby="0"/><UN n0="%E3%81%A9%E3%82%80%E3%81%93" n1="%E3%81%B4%E3%81%AE" n2="%41%53%41%50%49%4E" n3="%68%65%61%72%74%73%40" dan="17,16,19,16" rate="2109.37,2072.45,2238.03,2093.66" sx="F,M,M,M"/><TAIKYOKU oya="0"/>

<Scene>
<INIT seed="0,0,0,1,4,103" ten="250,250,250,250" oya="0" hai0="47,34,85,3,126,86,58,90,46,57,38,97,52" hai1="135,4,127,74,39,43,87,116,95,121,104,8,66" hai2="93,73,129,98,72,63,53,71,114,36,92,83,10" hai3="99,113,89,131,79,24,81,29,48,33,14,112,40"/><T61/><D3/><U107/><E74/><V133/><F114/><W26/><G131/><T64/><D34/><U101/><E121/><V23/><F36/><W78/><G78/><T62/><D126/><U94/><E116/><V59/><F129/><W109/><G109/><T13/><D38/><U75/><E75/><V80/><F133/><W45/><G14/><T5/><D97/><U115/><E66/><V35/><F35/><W77/><G77/><T6/><D86/><U105/><E39/><V22/><F71/><W110/><G110/><T102/><D102/><U100/><E43/><V54/><F98/><W50/><G24/><T82/><D13/><U60/><E60/><V124/><F63/><W19/><G19/><T65/><D65/><U37/><E37/><V76/><F76/><W70/><G70/><T125/><D125/><U9/><E127/><V1/><F124/><W12/><G12/><T132/><D132/><U128/><E135/><V21/><F21/><W69/><G69/><T120/><D120/><U28/><E128/><V41/><F59/><W7/><G48/><T32/><D32/><U117/><E117/><V17/><F41/><W27/><G112/><T0/><D0/><U122/><E122/><V49/><F49/><W88/><G113/><T18/><D18/><U55/><E4/><AGARI ba="0,0" hai="4,5,6,46,47,52,57,58,61,62,64,82,85,90" machi="4" ten="40,3900,0" yaku="8,1,54,1" doraHai="103" who="0" fromWho="1" sc="250,39,250,-39,250,0,250,0" />
</Scene>
<Scene>
<INIT seed="0,1,0,2,2,22" ten="289,211,250,250" oya="0" hai0="40,1,17,87,117,92,128,81,47,98,41,26,45" hai1="129,84,79,14,20,82,71,55,103,122,9,28,124" hai2="72,37,48,12,116,69,120,121,114,63,100,110,80" hai3="43,99,111,127,4,30,73,104,67,66,0,113,88"/><T133/><D117/><U135/><E71/><V23/><F37/><W11/><G113/><T130/><D1/><U38/><E122/><V31/><F114/><W33/><G73/><T13/><D133/><U5/><E38/><V10/><F116/><W3/><G3/><T7/><D7/><U6/><E135/><V39/><F39/><W24/><G127/><T91/><D47/><U74/><E124/><V123/><F110/><W54/><G111/><T58/><D58/><U8/><E129/><N who="0" m="49769" /><D45/><U2/><E103/><V16/><F100/><W125/><G125/><T61/><D61/><U126/><E126/><V94/><F94/><W25/><G43/><T97/><D97/><U112/><E112/><V93/><F93/><W86/><G54/><T90/><D26/><U83/><E55/><V131/><F131/><W70/><G70/><T134/><D134/><U36/><E36/><V19/><F31/><W118/><G118/><T29/><D29/><U27/><REACH who="1" step="1"/><E83/><REACH who="1" ten="289,201,250,250" step="2"/><V65/><F80/><W52/><G52/><T68/><D68/><U34/><E34/><V57/><F69/><W95/><G66/><T101/><D101/><U64/><E64/><V46/><F121/><W18/><G67/><T102/><D102/><U119/><E119/><V77/><F123/><W59/><G33/><T51/><D51/><U60/><E60/><V53/><F120/><W56/><G59/><T44/><D44/><U78/><E78/><V15/><F77/><W76/><G56/><T106/><D106/><U35/><E35/><V50/><F50/><W49/><G104/><T42/><D42/><RYUUKYOKU ba="1,1" sc="289,10,201,10,250,10,250,-30" hai0="13,17,40,41,81,87,90,91,92,98" hai1="2,5,6,8,9,14,20,27,28,74,79,82,84" hai2="10,12,15,16,19,23,46,48,53,57,63,65,72" />
</Scene>
<Scene>
<INIT seed="0,2,1,3,4,39" ten="299,211,260,220" oya="0" hai0="41,13,11,15,80,129,0,62,119,79,22,72,56" hai1="1,130,12,27,111,90,33,131,122,96,99,65,16" hai2="104,109,118,95,126,64,128,82,60,77,107,10,125" hai3="32,38,63,5,106,36,81,87,35,50,14,73,113"/><T58/><D119/><U17/><E122/><V59/><F118/><W7/><G73/><T88/><D129/><N who="1" m="49163" /><E111/><V18/><F128/><W85/><G106/><T21/><D0/><U42/><E1/><V110/><F95/><W132/><G113/><T26/><D15/><U52/><E65/><V84/><F18/><W2/><G2/><T46/><D88/><U47/><E52/><N who="2" m="33895" /><F10/><W45/><G14/><T97/><D97/><N who="1" m="37451" /><E12/><V20/><F20/><W61/><G81/><T89/><D89/><U30/><E90/><V93/><F93/><W123/><G123/><T68/><D68/><U44/><E44/><V71/><F64/><W76/><G45/><T70/><D70/><U67/><E67/><V75/><F71/><W134/><G76/><T43/><D46/><U116/><E116/><V100/><F107/><W55/><G55/><T4/><D22/><U135/><E135/><V57/><F104/><W115/><G115/><T9/><D9/><U94/><E94/><V19/><F77/><W23/><G23/><T49/><D58/><U120/><E120/><V117/><F57/><W86/><G134/><T31/><REACH who="0" step="1"/><D62/><REACH who="0" ten="289,211,260,220" step="2"/><U37/><AGARI ba="2,2" hai="16,17,27,30,33,37,42,47" m="37451,49163" machi="37" ten="30,4000,0" yaku="19,1,52,1,54,1" doraHai="39" who="1" fromWho="1" sc="289,-22,211,66,260,-12,220,-12" />
</Scene>
<Scene>
<INIT seed="1,0,0,5,1,12" ten="267,277,248,208" oya="1" hai0="46,61,59,122,26,53,72,74,106,107,25,91,36" hai1="5,24,103,55,32,86,125,90,123,63,132,69,96" hai2="110,62,108,17,43,124,42,15,92,77,98,129,40" hai3="97,6,75,3,56,117,4,113,57,20,30,18,71"/><U94/><E123/><V76/><F129/><W120/><G120/><T73/><D122/><U45/><E132/><V102/><F62/><W41/><G71/><T95/><D36/><U28/><E125/><V22/><REACH who="2" step="1"/><F124/><REACH who="2" ten="267,277,238,208" step="2"/><W14/><G117/><T128/><D128/><U66/><E5/><V135/><F135/><W118/><G4/><T52/><D107/><U7/><E7/><V33/><F33/><W104/><G6/><T39/><D106/><U78/><E78/><AGARI ba="0,1" hai="15,17,22,40,42,43,76,77,78,92,98,102,108,110" machi="78" ten="40,2600,0" yaku="1,1,52,1,53,0" doraHai="12" doraHaiUra="131" who="2" fromWho="1" sc="267,0,277,-26,238,36,208,0" />
</Scene>
<Scene>
<INIT seed="2,0,0,2,0,128" ten="267,251,274,208" oya="2" hai0="125,93,56,129,108,60,67,66,83,64,94,30,72" hai1="110,23,134,34,49,57,100,96,112,37,84,104,7" hai2="98,105,53,88,2,115,63,65,117,6,97,33,48" hai3="8,101,78,113,68,114,15,5,35,81,52,51,54"/><V25/><F115/><N who="3" m="44043" /><G68/><T109/><D129/><U107/><E112/><V39/><F39/><W0/><G35/><T99/><D125/><U43/><E34/><V89/><F117/><W132/><G132/><T122/><D122/><U36/><E107/><V70/><F6/><W95/><G0/><T120/><D120/><U71/><E71/><V10/><F10/><W77/><G77/><N who="0" m="44455" /><D30/><U133/><E110/><N who="0" m="42601" /><D99/><U123/><E123/><V1/><F2/><W82/><G51/><T26/><D26/><U59/><E7/><V76/><F1/><W16/><G5/><T46/><D46/><N who="1" m="25823" /><E84/><V116/><F76/><W38/><G38/><T47/><D47/><U131/><E131/><V111/><F116/><W124/><G124/><T50/><D50/><U3/><E3/><V90/><F105/><W130/><G130/><T4/><D4/><U73/><E73/><V58/><REACH who="2" step="1"/><F111/><REACH who="2" ten="267,251,264,208" step="2"/><W12/><G12/><T17/><D17/><U62/><E37/><V118/><F118/><W22/><G8/><T42/><D42/><U9/><E36/><V24/><F24/><W74/><G78/><T80/><D80/><U32/><E9/><V106/><F106/><W75/><G82/><T69/><D69/><U87/><E104/><V85/><F85/><W31/><G81/><T13/><D13/><U41/><E87/><V11/><F11/><W20/><G75/><T135/><D135/><U91/><E134/><V103/><F103/><W19/><G74/><T61/><D61/><U44/><E133/><V119/><F119/><W18/><G101/><T45/><D45/><U21/><E100/><RYUUKYOKU ba="0,1" sc="267,15,251,-15,264,15,208,-15" hai0="56,60,64,66,67,93,94" hai2="25,33,48,53,58,63,65,70,88,89,90,97,98" />
</Scene>
<Scene>
<INIT seed="2,1,1,2,2,122" ten="282,236,279,193" oya="2" hai0="128,56,91,59,85,19,12,99,74,82,52,42,114" hai1="66,9,64,89,60,133,0,69,67,105,121,32,110" hai2="5,92,38,18,96,113,24,83,6,132,72,39,41" hai3="10,65,98,123,71,68,111,119,27,53,50,4,97"/><V62/><F113/><W37/><G37/><T127/><D114/><U23/><E105/><V22/><F132/><W2/><G123/><T93/><D128/><U40/><E32/><V51/><F39/><W117/><G27/><T130/><D130/><U75/><E133/><V49/><F38/><W61/><G71/><T126/><D42/><U87/><E75/><V81/><F72/><W112/><G112/><T80/><D74/><U73/><E73/><V76/><F76/><W20/><G20/><N who="0" m="11367" /><D59/><U31/><E121/><V25/><F25/><W47/><REACH who="3" step="1"/><G111/><REACH who="3" ten="282,236,279,183" step="2"/><T58/><D127/><U88/><E110/><V70/><F70/><W95/><G95/><N who="0" m="54767" /><D126/><U77/><E69/><V13/><F24/><W134/><G134/><T44/><D93/><U14/><E23/><V78/><F92/><W135/><G135/><T79/><D82/><U16/><E9/><V124/><F83/><W115/><G115/><T34/><D80/><U30/><E77/><V54/><F124/><W45/><G45/><T55/><D79/><U90/><E31/><V21/><F21/><W63/><G63/><T36/><D34/><U116/><E30/><V43/><F81/><W120/><G120/><T28/><D28/><U100/><E60/><V33/><F78/><W26/><G26/><T11/><D11/><U106/><E106/><V15/><F33/><W7/><G7/><T102/><D36/><U104/><E104/><V118/><F5/><W8/><G8/><T48/><D44/><U57/><E57/><N who="0" m="22121" /><D48/><U107/><E107/><V1/><F51/><W129/><G129/><T3/><D3/><RYUUKYOKU ba="1,2" sc="282,15,236,-15,279,-15,183,15" hai0="52,55,99,102" hai3="2,4,10,47,50,53,61,65,68,97,98,117,119" />
</Scene>
<Scene>
<INIT seed="3,2,2,4,5,113" ten="297,221,264,198" oya="3" hai0="63,42,95,50,82,2,25,123,19,29,16,6,14" hai1="79,126,34,18,81,70,68,91,46,17,73,76,52" hai2="22,106,120,40,1,90,51,30,89,60,65,115,94" hai3="0,4,67,83,27,109,105,111,10,43,45,80,21"/><W104/><G67/><T100/><D123/><U47/><E34/><V110/><F115/><W96/><G83/><T37/><D37/><U61/><E126/><V86/><F106/><W39/><G80/><T99/><D2/><U59/><E79/><V75/><F75/><W125/><G125/><T48/><D82/><U12/><E18/><N who="0" m="6697" /><D63/><U97/><E70/><V135/><F110/><N who="3" m="41995" /><G96/><T108/><D42/><U15/><E68/><V134/><F40/><W98/><G98/><T85/><D108/><U55/><E55/><V57/><F65/><W64/><G64/><T7/><D85/><U117/><E117/><V24/><F86/><W107/><G104/><T54/><D14/><U8/><REACH who="1" step="1"/><E15/><REACH who="1" ten="297,211,264,198" step="2"/><V35/><F35/><W13/><G13/><T9/><D54/><U121/><E121/><V102/><F120/><W77/><G77/><T20/><D9/><U132/><E132/><V66/><F134/><W53/><G53/><T11/><D11/><U119/><E119/><V88/><F135/><W23/><G23/><T118/><D118/><U49/><E49/><AGARI ba="2,3" hai="6,7,20,25,29,48,49,50,95,99,100" m="6697" machi="49" ten="30,2000,0" yaku="8,1,54,1" doraHai="113" who="0" fromWho="1" sc="297,56,211,-26,264,0,198,0" />
</Scene>
<Scene>
<INIT seed="4,0,0,0,3,23" ten="353,185,264,198" oya="0" hai0="90,99,5,98,2,41,128,81,118,17,48,18,16" hai1="94,49,28,109,70,93,108,42,50,55,72,54,125" hai2="65,15,131,36,101,115,84,27,96,111,123,75,25" hai3="114,9,86,59,57,11,82,77,30,1,133,116,29"/><T51/><D118/><U126/><E72/><V132/><F111/><N who="1" m="42569" /><E28/><V119/><F75/><W37/><G116/><T74/><D128/><U89/><E89/><V52/><F119/><W91/><G114/><T113/><D113/><U110/><E93/><N who="2" m="58511" /><F36/><W71/><G133/><T12/><D2/><U127/><E94/><V107/><F123/><W26/><G71/><T87/><D74/><U97/><E97/><N who="0" m="36873" /><D41/><U120/><N who="1" m="42577" /><U46/><DORA hai="39" /><E120/><V56/><F65/><W67/><G37/><T60/><D60/><U73/><E73/><V61/><F132/><W64/><G30/><T24/><D24/><N who="2" m="9290" /><F131/><W117/><G64/><T85/><D85/><U40/><E70/><V79/><F107/><W7/><G67/><T88/><D90/><U33/><E33/><V124/><F115/><W112/><G112/><T58/><D58/><AGARI ba="0,0" hai="40,42,46,49,50,54,55,58,125,126,127" m="42577" machi="58" ten="50,8000,1" yaku="18,1,34,2,52,2" doraHai="23,39" who="1" fromWho="0" sc="353,-80,185,80,264,0,198,0" />
</Scene>
<Scene>
<INIT seed="5,0,0,0,1,96" ten="273,265,264,198" oya="1" hai0="135,82,63,108,67,130,60,2,52,32,28,114,85" hai1="5,66,94,31,109,30,36,122,90,24,23,75,53" hai2="105,119,56,20,111,128,38,126,99,47,61,64,91" hai3="50,14,81,51,92,120,16,103,40,21,133,18,71"/><U84/><E122/><V131/><F111/><W79/><G71/><T49/><D108/><U134/><E109/><V55/><F119/><W10/><G120/><T73/><D73/><U62/><E134/><V110/><F110/><W102/><G133/><T121/><D135/><U15/><E75/><V29/><F126/><W65/><G65/><T125/><D121/><U44/><E5/><V33/><F33/><W48/><G40/><T3/><D125/><U22/><E36/><V8/><F29/><W4/><G92/><T6/><D130/><U129/><E129/><V41/><F20/><W39/><G39/><T1/><D114/><U9/><E9/><V113/><F113/><W25/><REACH who="3" step="1"/><G4/><REACH who="3" ten="273,265,264,188" step="2"/><T7/><D67/><U100/><E66/><V127/><F41/><W115/><G115/><T124/><D124/><U0/><E94/><V13/><F38/><W70/><G70/><T98/><D7/><U93/><E53/><V43/><F43/><W17/><G17/><T74/><D6/><U69/><E93/><V101/><F127/><W77/><G77/><T37/><D37/><U59/><E69/><V19/><F128/><W45/><G45/><T123/><D52/><U68/><E44/><V58/><F47/><W27/><G27/><T11/><D123/><U83/><E68/><V54/><F131/><W35/><G35/><T12/><D32/><U132/><E132/><V42/><F42/><W46/><G46/><T88/><D1/><U95/><E0/><V34/><F34/><W107/><G107/><T78/><D2/><U26/><E24/><V118/><F64/><RYUUKYOKU ba="0,1" sc="273,-10,265,-10,264,-10,188,30" hai3="10,14,16,18,21,25,48,50,51,79,81,102,103" />
</Scene>
<Scene>
<INIT seed="6,1,1,4,1,1" ten="263,255,254,218" oya="2" hai0="43,42,55,103,109,133,44,92,22,69,54,85,124" hai1="87,39,15,134,70,23,122,132,57,49,34,130,62" hai2="19,84,20,5,32,18,75,116,95,125,26,73,50" hai3="129,51,7,135,101,123,48,115,6,16,45,128,47"/><V27/><F116/><W107/><G123/><T86/><D69/><U126/><E34/><V105/><F105/><W38/><G107/><T83/><D109/><U67/><E122/><V114/><F114/><W94/><G115/><T63/><D133/><N who="1" m="51307" /><E39/><V117/><F117/><W35/><G35/><T113/><D113/><U65/><E87/><V29/><F125/><W41/><G135/><T12/><D124/><U72/><E72/><V64/><F64/><W110/><G110/><T99/><D86/><U28/><E126/><V112/><F112/><W4/><G16/><N who="0" m="10503" /><D44/><U93/><E130/><N who="3" m="50282" /><G45/><T46/><D46/><U8/><E93/><V52/><F18/><W98/><AGARI ba="1,1" hai="4,6,7,38,41,47,48,51,94,98,101" m="50282" machi="98" ten="40,8000,1" yaku="19,1,52,3" doraHai="1" who="3" fromWho="3" sc="263,-21,255,-21,254,-41,218,93" />
</Scene>
<Scene>
<INIT seed="7,0,0,2,4,130" ten="242,234,213,311" oya="3" hai0="64,90,0,94,41,96,68,131,2,85,116,1,63" hai1="125,111,86,38,24,58,12,91,23,97,13,73,47" hai2="123,52,95,20,77,100,66,102,39,117,80,67,62" hai3="48,42,7,34,129,60,135,84,124,43,65,83,127"/><W54/><G129/><T107/><D131/><U21/><E73/><V9/><F117/><W57/><G135/><T82/><D116/><U27/><E111/><V119/><F119/><W37/><G34/><T56/><D41/><U101/><E125/><N who="3" m="48202" /><G7/><T28/><D28/><N who="1" m="17423" /><E38/><V26/><F39/><W72/><G72/><T35/><D35/><U44/><E58/><N who="2" m="35143" /><F123/><W6/><G6/><T114/><D114/><U106/><E106/><V99/><F9/><W92/><G92/><T69/><REACH who="0" step="1"/><D107/><REACH who="0" ten="232,234,213,311" step="2"/><U33/><E33/><V133/><F133/><W22/><G37/><T10/><D10/><U98/><E44/><V120/><F120/><W121/><G121/><T79/><AGARI ba="0,1" hai="0,1,2,56,63,64,68,69,79,82,85,90,94,96" machi="79" ten="30,4000,0" yaku="1,1,0,1,53,1" doraHai="130" doraHaiUra="75" who="0" fromWho="0" sc="232,50,234,-10,213,-10,311,-20" />
</Scene>
<Scene>
<INIT seed="8,0,0,0,0,109" ten="282,224,203,291" oya="0" hai0="40,32,7,78,55,49,0,107,37,81,34,58,121" hai1="79,100,92,115,135,90,53,94,14,3,18,126,54" hai2="125,84,114,27,5,118,132,51,6,101,74,10,57" hai3="123,50,69,106,75,23,67,129,82,128,119,45,110"/><T28/><D121/><U47/><E3/><V68/><F74/><W65/><G110/><T30/><D107/><U26/><E79/><V130/><F68/><W41/><G119/><T61/><D61/><U44/><E26/><V127/><F118/><W63/><G106/><T98/><D98/><U103/><E135/><V4/><F132/><W99/><G123/><T52/><D55/><U16/><E14/><V62/><F130/><N who="3" m="50283" /><G99/><T33/><D0/><U19/><E19/><V31/><F114/><W95/><G95/><T43/><D7/><U56/><E90/><V42/><F101/><W77/><G65/><T108/><D108/><U39/><E56/><V20/><F10/><W38/><G23/><T111/><D111/><U134/><E39/><AGARI ba="0,0" hai="38,39,41,45,50,63,67,69,75,77,82" m="50283" machi="39" ten="30,1000,0" yaku="19,1" doraHai="109" who="3" fromWho="1" sc="282,0,224,-10,203,0,291,10" owari="282,8.0,214,-19.0,203,-30.0,301,41.0" />
</Scene>
</mjloggm>