<mjloggm ver="2.3"><GO type="169" lobby="0"/><UN n0="%41%53%41%50%49%4E" n1="%6D%61%63%6A%72" n2="%E3%81%B4%E3%81%AE" n3="%E3%83%97%E3%83%AD%E3%82%B8%E3%83%A3%E3%83%B3%E6%B0%8F" dan="19,16,16,16" rate="2292.36,2073.12,2115.10,2116.03" sx="M,F,M,M"/><TAIKYOKU oya="0"/>

<Scene>
<INIT seed="0,0,0,4,3,50" ten="250,250,250,250" oya="0" hai0="48,120,7,16,121,32,22,111,54,45,40,102,72" hai1="37,114,8,6,64,109,14,85,94,24,9,56,82" hai2="67,70,99,133,81,52,93,118,119,21,43,49,2" hai3="132,59,115,131,77,39,105,123,129,84,47,127,10"/><T78/><D32/><U135/><E109/><V107/><F107/><W90/><G10/><T130/><D111/><U68/><E135/><V19/><F2/><W38/><G39/><T112/><D112/><U46/><E114/><V61/><F133/><W79/><G105/><T126/><D130/><N who="3" m="49673" /><G132/><T12/><D126/><U42/><E68/><V113/><F43/><N who="3" m="23031" /><G127/><T98/><D7/><U83/><E24/><N who="2" m="14399" /><F81/><W55/><G123/><T117/><D117/><N who="2" m="44554" /><F113/><W18/><G18/><T30/><D30/><U65/><E94/><V33/><F33/><W125/><G125/><T91/><D40/><U62/><E9/><V124/><F124/><W100/><G100/><T86/><D102/><U5/><E83/><V3/><F3/><W88/><G115/><T27/><D120/><U69/><E5/><V97/><F93/><N who="3" m="54407" /><G90/><T34/><D121/><U134/><E134/><V80/><F80/><W60/><AGARI ba="0,0" hai="55,59,60,77,79" m="54407,23031,49673" machi="60" ten="30,4000,0" yaku="19,1,52,1,54,1" doraHai="50" who="3" fromWho="3" sc="250,-20,250,-10,250,-10,250,40" />
</Scene>
<Scene>
<INIT seed="1,0,0,0,3,98" ten="230,240,240,290" oya="1" hai0="41,12,132,133,48,61,29,79,31,63,128,39,65" hai1="91,109,44,73,50,38,87,11,76,101,75,96,56" hai2="58,129,45,131,71,115,10,85,24,118,30,36,19" hai3="78,97,37,66,67,90,82,70,94,6,59,42,110"/><U100/><E109/><V130/><F71/><W117/><G110/><T108/><D108/><U88/><E38/><V81/><F118/><W84/><G117/><T0/><D0/><U69/><E69/><V119/><F119/><W62/><G70/><T113/><D113/><U21/><E73/><V104/><F104/><W134/><G134/><T111/><D111/><U27/><E75/><V28/><F115/><W33/><G33/><T57/><D39/><U127/><E127/><V25/><F58/><W60/><G37/><T55/><D41/><N who="1" m="24847" /><E11/><V32/><F19/><W121/><G121/><T106/><D106/><U47/><E47/><V120/><F10/><W89/><G42/><T13/><D128/><U2/><E2/><V8/><F8/><W105/><G105/><T64/><D57/><U77/><E56/><V4/><F4/><W72/><G6/><T93/><D132/><U3/><E91/><N who="2" m="51631" /><F120/><W114/><G114/><T5/><D133/><U34/><E34/><N who="2" m="20743" /><F36/><W74/><G62/><T80/><D63/><U35/><E35/><V103/><F45/><W7/><G7/><T20/><D61/><U92/><E3/><V18/><F18/><W122/><G122/><T126/><D5/><U40/><E40/><V51/><F51/><W17/><G17/><T49/><D49/><U1/><E1/><V86/><F86/><N who="3" m="48471" /><G67/><T9/><D65/><U16/><E87/><V23/><F32/><W54/><G66/><T53/><D64/><U107/><E107/><V123/><F123/><W22/><G22/><T124/><D20/><U102/><AGARI ba="0,0" hai="16,21,27,76,77,88,92,96,100,101,102" m="24847" machi="102" ten="30,18000,2" yaku="8,1,52,3,54,2" doraHai="98" who="1" fromWho="1" sc="230,-60,240,180,240,-60,290,-60" />
</Scene>
<Scene>
<INIT seed="1,1,0,4,4,89" ten="170,420,180,230" oya="1" hai0="7,122,76,2,39,82,22,14,55,86,71,12,38" hai1="109,40,63,78,73,94,135,132,70,24,32,84,91" hai2="66,129,42,65,30,44,54,107,134,128,112,37,33" hai3="4,93,90,60,27,20,48,16,97,87,41,52,13"/><U117/><E117/><V26/><F112/><W75/><G75/><T0/><D71/><U116/><E116/><V21/><F134/><N who="1" m="51241" /><E109/><V80/><F107/><W77/><G60/><T103/><D122/><U10/><E40/><V23/><F54/><W50/><G41/><T104/><D55/><U35/><E10/><V15/><F80/><N who="3" m="47503" /><G48/><T64/><D64/><N who="2" m="24682" /><F15/><W74/><G74/><T59/><D14/><U115/><E115/><V3/><F3/><W1/><G1/><T28/><D12/><U111/><E111/><V113/><F113/><W118/><G118/><T17/><D0/><U120/><E120/><V47/><F47/><N who="3" m="27743" /><G13/><T5/><D2/><U88/><E70/><V19/><F42/><W6/><AGARI ba="1,0" hai="4,6,16,20,27,90,93,97" m="27743,47503" machi="6" ten="30,7900,0" yaku="8,1,52,1,54,2" doraHai="89" who="3" fromWho="3" sc="170,-21,420,-40,180,-21,230,82" />
</Scene>
<Scene>
<INIT seed="2,0,0,0,3,4" ten="149,380,159,312" oya="2" hai0="20,110,135,39,51,17,81,65,46,12,36,62,128" hai1="80,85,97,57,109,38,30,24,101,104,67,99,73" hai2="53,95,103,69,41,121,112,26,37,32,102,10,28" hai3="3,122,115,129,116,47,133,88,1,78,56,82,15"/><V29/><F121/><W77/><G122/><T127/><D110/><U114/><E38/><V92/><F112/><W83/><G116/><T107/><D107/><U89/><E109/><V64/><F53/><W111/><G111/><T66/><D128/><U19/><E114/><V84/><F69/><W7/><G115/><T108/><D108/><U124/><E124/><V68/><F68/><W119/><G119/><T86/><D127/><U126/><E126/><V52/><F52/><W43/><G129/><T71/><D65/><U106/><E73/><V130/><F64/><W5/><G133/><T123/><D135/><U105/><E19/><V91/><F130/><W14/><G56/><T98/><D98/><U120/><E97/><V0/><F29/><W75/><G88/><T70/><D70/><U31/><E120/><V11/><F0/><W131/><G131/><T100/><D100/><U125/><E125/><V59/><F59/><W18/><G18/><T76/><REACH who="0" step="1"/><D123/><REACH who="0" ten="139,380,159,312" step="2"/><U118/><E118/><V2/><F103/><W54/><G1/><T58/><D58/><U55/><E67/><V79/><F2/><W63/><G3/><T42/><AGARI ba="0,1" hai="12,17,20,36,39,42,46,51,62,66,71,76,81,86" machi="42" ten="20,2700,0" yaku="1,1,0,1,7,1,53,0" doraHai="4" doraHaiUra="94" who="0" fromWho="0" sc="139,37,380,-7,159,-13,312,-7" />
</Scene>
<Scene>
<INIT seed="3,0,0,4,1,35" ten="176,373,146,305" oya="3" hai0="120,28,42,9,13,49,45,10,12,1,60,125,21" hai1="121,5,116,36,69,61,87,111,135,55,47,57,117" hai2="113,122,77,59,128,44,72,119,75,2,0,133,129" hai3="34,37,52,132,100,79,14,30,33,90,130,70,107"/><W95/><G70/><T98/><D120/><U127/><E111/><V4/><F113/><W123/><G123/><T97/><D125/><U50/><E121/><V96/><F122/><W16/><G37/><T38/><D38/><U7/><E127/><V26/><F119/><N who="1" m="45641" /><E135/><V48/><F133/><W29/><G132/><T15/><D60/><U106/><E106/><V67/><F4/><W18/><G79/><T108/><D108/><U19/><E69/><V124/><F124/><W53/><G130/><N who="2" m="50281" /><F96/><N who="0" m="36970" /><D1/><N who="2" m="618" /><F77/><W126/><G126/><T23/><D28/><N who="3" m="10857" /><G107/><T91/><D91/><U109/><E36/><V102/><F102/><W103/><G33/><T88/><D88/><U94/><E109/><V134/><F134/><W74/><G34/><T105/><D105/><U104/><E104/><V39/><F39/><W84/><G74/><N who="2" m="28201" /><F26/><W46/><G18/><T114/><D114/><U73/><E19/><V22/><F22/><AGARI ba="0,0" hai="9,10,12,13,15,21,22,23,42,45,49" m="36970" machi="22" ten="30,1000,0" yaku="8,1" doraHai="35" who="0" fromWho="2" sc="176,10,373,0,146,-10,305,0" />
</Scene>
<Scene>
<INIT seed="4,0,0,1,0,122" ten="186,373,136,305" oya="0" hai0="68,63,111,4,52,95,128,78,13,10,109,93,56" hai1="124,88,61,29,32,15,80,84,99,82,16,86,19" hai2="116,0,94,87,60,25,11,26,101,64,107,70,28" hai3="62,125,18,47,126,72,17,45,55,6,74,33,110"/><T42/><D128/><U73/><E124/><N who="3" m="47722" /><G33/><T21/><D68/><U46/><E73/><N who="3" m="28266" /><G6/><T23/><D78/><U20/><E32/><V113/><F113/><W37/><G110/><N who="0" m="41995" /><D42/><U121/><E121/><V44/><F70/><W106/><G106/><T12/><D12/><U112/><E112/><V130/><F25/><W135/><G135/><T39/><D39/><U31/><E99/><V24/><F0/><W76/><G76/><T43/><D43/><U49/><E19/><N who="3" m="7178" /><G37/><T51/><D51/><U131/><E61/><V115/><F60/><W53/><G62/><T100/><D100/><U114/><E131/><V35/><F101/><W67/><G67/><T92/><AGARI ba="0,0" hai="4,10,13,21,23,52,56,63,92,93,95" m="41995" machi="92" ten="30,12000,1" yaku="10,1,52,3,54,1" doraHai="122" who="0" fromWho="0" sc="186,120,373,-40,136,-40,305,-40" />
</Scene>
<Scene>
<INIT seed="4,1,0,0,1,58" ten="306,333,96,265" oya="0" hai0="22,82,53,74,65,16,76,125,61,40,54,77,46" hai1="0,38,33,2,51,30,106,50,105,13,45,52,100" hai2="10,18,34,71,42,26,24,97,111,11,37,109,123" hai3="80,44,59,15,128,127,94,39,5,21,14,62,114"/><T3/><D3/><U25/><E38/><V63/><F123/><W60/><G114/><T99/><D77/><U132/><E132/><V83/><F83/><W31/><G127/><T113/><D99/><U35/><E35/><V103/><F42/><W73/><G73/><T55/><D113/><U119/><E119/><V9/><F37/><W107/><G107/><T27/><D125/><U130/><E130/><V72/><F72/><W48/><G39/><T41/><REACH who="0" step="1"/><D46/><REACH who="0" ten="296,333,96,265" step="2"/><U101/><E2/><V122/><F97/><W79/><G44/><T69/><AGARI ba="1,1" hai="16,22,27,40,41,53,54,55,61,65,69,74,76,82" machi="69" ten="30,12000,1" yaku="1,1,2,1,0,1,52,1,54,1,53,0" doraHai="58" doraHaiUra="129" who="0" fromWho="0" sc="296,133,333,-41,96,-41,265,-41" />
</Scene>
<Scene>
<INIT seed="4,2,0,3,1,107" ten="429,292,55,224" oya="0" hai0="113,54,120,128,112,31,92,29,61,12,96,35,9" hai1="48,22,46,40,5,47,72,76,123,93,106,64,77" hai2="100,25,44,1,95,85,114,98,132,102,75,55,83" hai3="131,49,2,125,121,52,0,99,39,119,67,18,15"/><T24/><D120/><U70/><E106/><V109/><F1/><W90/><G119/><T43/><D128/><U56/><E123/><V74/><F25/><W36/><G121/><T62/><D43/><U82/><E70/><V78/><F44/><W34/><G34/><T16/><D31/><U13/><E76/><V122/><F55/><W26/><G131/><T4/><D4/><U126/><E126/><V58/><F58/><W51/><G125/><T45/><D45/><U108/><E108/><V57/><F57/><W84/><G99/><T6/><D6/><U86/><E46/><V91/><F122/><W73/><G73/><N who="2" m="27657" /><F109/><W117/><G117/><T129/><D129/><U88/><E22/><V118/><F118/><W42/><G67/><T50/><D50/><U87/><E13/><V133/><F114/><N who="0" m="44138" /><D54/><U41/><E5/><V66/><F66/><W130/><G52/><T97/><D97/><U134/><E41/><V53/><F53/><W33/><G42/><T127/><D127/><U37/><E37/><V110/><F110/><W103/><G39/><T79/><D79/><U28/><E28/><V105/><F102/><AGARI ba="2,0" hai="9,12,16,24,29,35,61,62,92,96,102" m="44138" machi="102" ten="30,2900,0" yaku="15,1,54,1" doraHai="107" who="0" fromWho="2" sc="429,35,292,0,55,-35,224,0" />
</Scene>
<Scene>
<INIT seed="4,3,0,0,2,31" ten="464,292,20,224" oya="0" hai0="48,24,75,101,4,109,93,50,25,52,43,106,10" hai1="64,89,69,76,128,18,20,26,16,127,133,0,12" hai2="99,123,28,51,41,3,117,40,67,21,14,42,95" hai3="60,68,129,91,81,70,53,19,37,120,39,105,59"/><T56/><D75/><U34/><E0/><V66/><F117/><W73/><G105/><T87/><D106/><U115/><E127/><V23/><F3/><W58/><G91/><T77/><D109/><U63/><E133/><V61/><F123/><W44/><G81/><T88/><D77/><U6/><E128/><V55/><F28/><W92/><G92/><T54/><D43/><U124/><E124/><V121/><F121/><W80/><G80/><T112/><D101/><U38/><E38/><N who="3" m="14346" /><G19/><T79/><D79/><U74/><E6/><V1/><F1/><W22/><G22/><N who="2" m="8201" /><F61/><N who="3" m="36047" /><G73/><T15/><D112/><U85/><E115/><V126/><F14/><W90/><G90/><T13/><D13/><U35/><E76/><V103/><F126/><W94/><G94/><T134/><D134/><U27/><E74/><V107/><F107/><W102/><G102/><T65/><D65/><U100/><E100/><V131/><F131/><W82/><G82/><T113/><D113/><U9/><E26/><V7/><F7/><W47/><G129/><T119/><D119/><U110/><E110/><V62/><F62/><W114/><G114/><T36/><D36/><U78/><E78/><V5/><F5/><W30/><G30/><T71/><D71/><N who="3" m="27177" /><G120/><T45/><AGARI ba="3,0" hai="4,10,15,24,25,45,48,50,52,54,56,87,88,93" machi="45" ten="20,12000,1" yaku="0,1,7,1,8,1,54,2" doraHai="31" who="0" fromWho="0" sc="464,129,292,-43,20,-43,224,-43" owari="593,69.0,249,5.0,-23,-52.0,181,-22.0" />
</Scene>
</mjloggm>