<mjloggm ver="2.3"><GO type="169" lobby="0"/><UN n0="%62%6C%75%65%2D%67" n1="%E9%B7%B9%E6%AD%A3%E3%81%AE%E5%80%85%EF%BC%9D%E5%AF%8C%E7%8C%AB" n2="%41%53%41%50%49%4E" n3="%4D%61%72%6C%69%6E" dan="16,16,19,17" rate="2020.18,2031.22,2305.15,2159.11" sx="M,M,M,M"/><TAIKYOKU oya="0"/>

<Scene>
<INIT seed="0,0,0,1,3,69" ten="250,250,250,250" oya="0" hai0="82,71,3,5,66,78,74,61,60,25,63,65,92" hai1="86,115,85,64,120,73,79,17,75,35,101,14,62" hai2="111,12,56,88,47,113,90,72,34,68,31,58,133" hai3="94,51,93,81,100,2,48,16,104,127,43,109,36"/><T19/><D92/><U98/><E120/><V134/><F113/><W87/><G2/><T106/><D106/><U110/><E35/><V129/><F68/><W67/><G104/><T6/><D3/><U107/><E115/><V124/><F72/><W135/><G109/><T39/><D39/><U97/><E97/><V54/><F111/><W21/><G127/><T0/><D0/><U95/><E107/><V55/><F124/><W9/><G9/><T13/><D25/><U80/><E85/><V49/><F129/><W46/><G67/><T89/><D89/><U15/><E110/><V91/><F12/><W70/><G70/><T121/><D121/><U7/><E15/><V41/><F56/><W131/><G135/><T76/><D76/><U83/><E83/><V77/><F77/><W99/><G94/><T119/><D119/><U24/><E24/><V132/><F58/><W123/><G131/><T28/><D28/><U53/><E53/><N who="2" m="19979" /><F31/><W96/><G99/><T122/><D122/><U40/><E7/><N who="0" m="2569" /><D71/><U102/><E40/><V52/><N who="2" m="19987" /><V50/><DORA hai="59" /><F50/><N who="3" m="26975" /><G123/><T116/><D116/><U27/><E27/><V10/><F10/><W45/><G36/><T57/><D66/><U117/><E117/><V32/><AGARI ba="0,0" hai="32,34,41,47,49,88,90,91,132,133,134" m="19987" machi="32" ten="50,6400,0" yaku="20,1,54,2" doraHai="69,59" who="2" fromWho="2" sc="250,-32,250,-16,250,64,250,-16" />
</Scene>
<Scene>
<INIT seed="1,0,0,4,3,109" ten="218,234,314,234" oya="1" hai0="86,133,15,0,97,63,78,79,65,115,42,10,8" hai1="33,52,6,123,22,41,117,121,56,3,11,19,94" hai2="90,72,48,13,112,46,21,104,40,24,44,29,2" hai3="122,25,28,54,107,102,132,55,134,92,96,113,39"/><U84/><E33/><V30/><F2/><W129/><G122/><T7/><D115/><U116/><E41/><V71/><F72/><W16/><G39/><T75/><D75/><U62/><E123/><V81/><F104/><W76/><G129/><T80/><D133/><N who="3" m="51305" /><G76/><T35/><D35/><U26/><REACH who="1" step="1"/><E121/><REACH who="1" ten="218,224,314,234" step="2"/><V17/><F40/><W37/><G37/><T64/><D42/><U95/><E95/><V73/><F81/><W105/><G105/><T125/><D80/><U61/><E61/><V4/><F112/><W108/><G113/><T36/><D63/><U120/><E120/><V49/><F49/><W124/><G108/><T45/><D36/><U66/><E66/><V50/><F48/><W128/><G128/><T59/><D65/><U114/><E114/><V58/><F50/><W127/><G107/><T38/><D64/><U103/><E103/><V12/><F71/><W57/><G54/><T82/><D38/><U110/><E110/><V74/><F46/><W20/><G28/><T32/><D32/><U131/><E131/><V77/><F44/><W101/><G101/><T34/><D45/><U111/><E111/><V98/><F30/><W53/><G55/><T106/><D106/><U91/><AGARI ba="0,1" hai="3,6,11,19,22,26,52,56,62,84,91,94,116,117" machi="91" ten="30,11700,0" yaku="1,1,0,1,54,1,53,1" doraHai="109" doraHaiUra="88" who="1" fromWho="1" sc="218,-39,224,127,314,-39,234,-39" />
</Scene>
<Scene>
<INIT seed="1,1,0,0,2,62" ten="179,351,275,195" oya="1" hai0="36,80,97,92,116,117,78,54,26,44,93,81,43" hai1="75,99,87,70,30,108,67,105,76,71,20,107,3" hai2="90,59,130,127,128,14,9,18,77,118,56,60,72" hai3="100,31,34,15,64,23,135,50,103,85,0,10,125"/><U69/><E75/><V134/><F118/><W52/><G125/><T5/><D5/><U66/><E3/><V73/><F127/><W51/><G135/><T19/><D54/><U86/><E108/><V17/><F134/><W37/><G37/><T114/><D114/><U61/><E76/><V82/><F73/><W11/><G34/><T112/><D112/><U13/><E30/><V38/><F38/><W115/><G115/><T49/><D36/><U6/><E61/><V133/><F133/><W7/><G51/><T88/><D93/><U42/><E42/><V113/><F113/><W25/><G85/><T111/><D111/><U41/><E41/><V79/><F79/><W91/><G91/><T68/><D68/><U110/><E110/><V120/><F120/><W102/><G64/><T98/><D98/><U124/><E124/><V33/><F33/><W95/><G95/><T16/><D81/><U119/><E119/><V83/><F18/><W8/><REACH who="3" step="1"/><G0/><REACH who="3" ten="179,351,275,185" step="2"/><T2/><D2/><U58/><E87/><N who="2" m="50559" /><F60/><W46/><AGARI ba="1,1" hai="7,8,10,11,15,23,25,31,46,50,52,100,102,103" machi="46" ten="30,8000,1" yaku="1,1,0,1,8,1,54,1,53,1" doraHai="62" doraHaiUra="24" who="3" fromWho="3" sc="179,-21,351,-41,275,-21,185,93" />
</Scene>
<Scene>
<INIT seed="2,0,0,0,5,62" ten="158,310,254,278" oya="2" hai0="42,11,51,134,90,60,96,44,124,33,7,135,38" hai1="0,9,36,1,82,128,43,39,123,26,86,102,71" hai2="75,41,101,34,40,76,63,28,87,133,85,79,19" hai3="49,100,80,18,119,23,2,6,15,72,111,5,8"/><V97/><F133/><N who="0" m="50698" /><D33/><U58/><E71/><V93/><F34/><W57/><G119/><T114/><D114/><U54/><E128/><V20/><F28/><W91/><G111/><T21/><D124/><U78/><E123/><V81/><F63/><W27/><G100/><T67/><D21/><U16/><E102/><V104/><F76/><W108/><G108/><T98/><D38/><U110/><E110/><V70/><F70/><W61/><G49/><T129/><D90/><U68/><E68/><V45/><F104/><W116/><G116/><T32/><D32/><U17/><E43/><V3/><F3/><W64/><G72/><T126/><D126/><U53/><E53/><V106/><F106/><W13/><REACH who="3" step="1"/><G6/><REACH who="3" ten="158,310,254,268" step="2"/><T55/><D129/><U65/><E39/><V10/><F75/><W95/><G95/><T89/><D42/><U37/><E37/><V115/><F41/><W66/><G66/><T120/><D120/><U105/><E65/><V122/><F122/><W113/><G113/><T52/><D55/><U127/><E36/><V118/><F115/><W99/><G99/><T83/><D67/><U59/><E105/><V131/><F118/><W103/><G103/><T125/><D125/><U56/><E127/><V69/><F131/><W107/><G107/><T12/><D60/><U31/><E54/><V88/><F101/><W48/><G48/><T77/><D89/><U47/><E47/><V29/><F45/><W14/><G14/><T130/><D130/><U109/><E109/><V117/><F40/><W94/><G94/><T112/><D112/><U46/><E46/><RYUUKYOKU ba="0,1" sc="158,15,310,-15,254,-15,268,15" hai0="7,11,12,44,51,52,77,83,96,98" hai3="2,5,8,13,15,18,23,27,57,61,64,80,91" />
</Scene>
<Scene>
<INIT seed="3,1,1,2,2,70" ten="173,295,239,283" oya="3" hai0="114,41,127,16,32,38,129,116,1,88,17,115,121" hai1="48,99,118,126,3,39,97,125,128,106,31,40,75" hai2="11,18,84,35,22,55,92,67,93,132,79,21,119" hai3="61,124,4,71,47,29,135,51,20,104,49,58,83"/><W62/><G104/><T94/><D116/><U7/><E118/><V76/><F119/><W12/><G124/><N who="1" m="47722" /><E75/><V78/><F35/><W111/><G135/><T34/><D127/><U30/><E128/><V5/><F132/><W54/><G71/><T33/><D1/><U23/><E48/><V28/><F67/><W25/><G111/><T65/><D65/><U43/><E43/><V24/><F55/><N who="3" m="30143" /><G83/><T50/><D50/><U19/><E7/><V101/><F101/><W102/><G102/><T86/><D129/><U77/><E77/><V73/><F73/><W52/><G54/><T105/><D105/><U53/><E53/><V130/><F130/><W69/><G69/><T113/><D121/><U74/><E74/><V6/><F84/><W81/><G81/><T123/><D123/><U89/><E3/><V63/><F63/><W57/><G57/><T100/><D100/><N who="1" m="62735" /><E89/><V107/><F107/><W8/><AGARI ba="1,1" hai="4,8,12,20,25,29,51,52,58,61,62" m="30143" machi="8" ten="30,3000,0" yaku="8,1,54,1" doraHai="70" who="3" fromWho="3" sc="173,-11,295,-11,239,-11,283,43" />
</Scene>
<Scene>
<INIT seed="3,2,0,3,2,104" ten="162,284,228,326" oya="3" hai0="125,47,1,35,36,90,102,11,80,28,3,16,27" hai1="74,45,31,30,103,119,10,87,92,46,99,19,116" hai2="127,44,105,0,8,132,56,133,124,67,37,14,63" hai3="34,49,84,86,33,100,66,70,42,60,2,58,120"/><W130/><G120/><T93/><D125/><N who="2" m="48202" /><F105/><W76/><G2/><T23/><D102/><U13/><E74/><V107/><F107/><W78/><G130/><T126/><D126/><U9/><E87/><V94/><F0/><W114/><G114/><T21/><D80/><U65/><E65/><V131/><F94/><W57/><G70/><T88/><D90/><U7/><E46/><V121/><F14/><W108/><G100/><T135/><D135/><N who="2" m="51786" /><F8/><W95/><G34/><T109/><D109/><U64/><E64/><V48/><F37/><W29/><G108/><T24/><D35/><U6/><E45/><V43/><F121/><W98/><G33/><T22/><D22/><U52/><E7/><V50/><F50/><W53/><G95/><T128/><D11/><U83/><E6/><V112/><F112/><W75/><G49/><T85/><REACH who="0" step="1"/><D128/><AGARI ba="2,0" hai="43,44,48,56,63,67,128,131" m="51786,48202" machi="128" ten="40,12000,2" yaku="30,2,18,1,20,1,34,2" doraHai="104" who="2" fromWho="0" sc="162,-126,284,0,228,126,326,0" />
</Scene>
<Scene>
<INIT seed="4,0,0,5,2,27" ten="36,284,354,326" oya="0" hai0="105,101,11,68,82,20,37,87,89,30,32,118,113" hai1="135,84,9,100,5,126,60,59,70,83,40,34,108" hai2="66,96,104,48,45,134,86,98,33,2,74,92,3" hai3="111,17,31,133,93,46,130,18,14,125,22,115,41"/><T120/><D118/><U132/><E70/><V13/><F74/><W55/><G111/><T97/><D120/><U81/><E108/><V106/><F134/><W128/><G133/><T25/><D37/><U58/><E126/><V12/><F33/><W36/><G125/><T52/><D113/><U90/><E100/><V50/><F66/><W49/><G115/><T109/><D109/><U4/><E34/><V28/><F92/><W39/><G36/><T114/><D114/><U85/><E40/><V19/><F86/><W15/><G93/><T91/><D68/><U8/><E60/><V61/><F19/><W107/><G107/><T94/><D11/><U63/><E63/><V73/><F61/><W51/><G31/><T79/><D105/><U0/><E90/><V1/><F1/><AGARI ba="0,0" hai="0,1,4,5,8,9,58,59,81,83,84,85,132,135" machi="1" ten="25,1600,0" yaku="22,2" doraHai="27" who="1" fromWho="2" sc="36,0,284,16,354,-16,326,0" />
</Scene>
<Scene>
<INIT seed="5,0,0,1,2,65" ten="36,300,338,326" oya="1" hai0="83,107,59,24,89,66,121,70,11,12,105,60,127" hai1="10,62,31,120,76,27,104,82,30,38,132,109,39" hai2="91,88,16,8,67,26,84,106,108,63,69,61,25" hai3="77,73,134,126,28,79,21,55,58,15,46,14,114"/><U111/><E120/><V56/><F108/><N who="1" m="41545" /><E104/><V74/><F74/><W23/><G114/><T86/><D121/><U119/><E119/><V116/><F116/><W17/><G126/><T102/><D127/><U7/><E132/><V0/><F106/><W93/><G134/><T54/><D24/><U20/><E31/><V45/><F45/><W52/><G73/><T128/><D102/><U37/><E62/><V75/><F75/><W9/><G46/><T96/><D96/><U122/><E122/><V87/><F0/><W53/><G58/><T33/><D33/><U131/><E131/><V40/><F40/><W100/><G28/><T22/><D22/><N who="3" m="8201" /><G15/><T135/><D128/><U44/><E44/><V113/><F113/><W78/><G100/><T115/><D115/><U5/><E10/><V124/><F124/><W101/><G101/><T64/><D135/><U49/><E49/><V129/><F129/><W71/><G71/><T112/><D112/><U125/><E125/><V98/><F69/><W103/><G103/><T85/><D70/><U19/><E30/><V2/><F63/><W48/><G48/><T80/><D107/><U13/><E27/><N who="2" m="10251" /><F2/><W47/><G47/><T68/><D68/><U97/><E97/><V72/><F98/><W36/><G36/><T133/><D105/><U32/><E32/><V57/><F57/><W94/><AGARI ba="0,0" hai="9,14,17,52,53,55,77,78,79,93,94" m="8201" machi="94" ten="40,2700,0" yaku="8,1,54,1" doraHai="65" who="3" fromWho="3" sc="36,-7,300,-13,338,-7,326,27" />
</Scene>
<Scene>
<INIT seed="6,0,0,1,1,38" ten="29,287,331,353" oya="2" hai0="96,60,78,112,92,131,135,119,116,15,113,5,40" hai1="77,88,106,49,22,110,54,114,6,2,81,89,71" hai2="134,39,23,28,37,33,21,126,127,133,43,90,72" hai3="17,115,61,8,97,55,124,82,93,121,91,58,67"/><V48/><F72/><W74/><G121/><T85/><D60/><U128/><E110/><V108/><F108/><W63/><G124/><N who="2" m="47657" /><F90/><W69/><G115/><N who="0" m="44107" /><D15/><U84/><E114/><V75/><F75/><W9/><REACH who="3" step="1"/><G17/><REACH who="3" ten="29,287,331,343" step="2"/><T87/><D5/><U47/><E128/><V52/><F133/><W14/><G14/><T34/><D34/><U130/><E130/><V4/><F134/><W70/><G70/><T0/><D131/><U83/><E71/><V94/><F4/><W51/><G51/><T18/><D135/><U73/><E6/><V35/><F37/><W79/><AGARI ba="0,1" hai="8,9,55,58,61,63,67,69,74,79,82,91,93,97" machi="79" ten="30,4000,0" yaku="1,1,0,1,53,1" doraHai="38" doraHaiUra="53" who="3" fromWho="3" sc="29,-10,287,-10,331,-20,343,50" />
</Scene>
<Scene>
<INIT seed="7,0,0,0,0,84" ten="19,277,311,393" oya="3" hai0="80,87,34,54,126,18,43,100,20,111,76,131,77" hai1="72,19,69,73,122,53,1,40,31,124,4,92,133" hai2="8,91,115,101,38,114,109,125,120,78,128,32,22" hai3="96,58,27,61,3,12,95,67,63,21,83,134,35"/><W121/><BYE who="0" /><G3/><T16/><D16/><U79/><E122/><V47/><F109/><W88/><G121/><T89/><D89/><U135/><E69/><V11/><F120/><W70/><G134/><T116/><D116/><U5/><E40/><N who="2" m="22935" /><F32/><W13/><G83/><T57/><D57/><U39/><E39/><V49/><F128/><W98/><G98/><T41/><D41/><U112/><E112/><N who="2" m="43051" /><F125/><W130/><G35/><T7/><D7/><U52/><E19/><V123/><F123/><W10/><G10/><N who="2" m="3625" /><F78/><W30/><G130/><T74/><D74/><U117/><E117/><V33/><F33/><W90/><G90/><T127/><D127/><U62/><E79/><V44/><F91/><W132/><G132/><T66/><D66/><AGARI ba="0,0" hai="12,13,21,27,30,58,61,63,66,67,70,88,95,96" machi="66" ten="30,5800,0" yaku="7,1,52,1,54,1" doraHai="84" who="3" fromWho="0" sc="19,-58,277,0,311,0,393,58" owari="-39,-54.0,277,-12.0,311,11.0,451,55.0" />
</Scene>
</mjloggm>