<mjloggm ver="2.3"><GO type="169" lobby="0"/><UN n0="%41%53%41%50%49%4E" n1="%E3%82%82%E3%81%A3%E3%81%97%E3%83%BC" n2="%E2%99%AA%E3%83%A2%E3%83%8E%E3%82%AF%E3%83%AD" n3="%E3%83%8F%E3%83%94%E3%83%8A%E5%90%8D%E6%8E%9B%E4%B8%81" dan="19,16,18,16" rate="2221,2145,2220,2091" sx="M,M,F,M"/><TAIKYOKU oya="0"/>

<Scene>
<INIT seed="0,0,0,3,5,111" ten="250,250,250,250" oya="0" hai0="134,128,87,121,94,16,119,65,33,82,23,92,64" hai1="89,123,30,120,25,28,114,49,77,113,124,107,59" hai2="26,99,1,132,75,43,70,6,81,83,109,115,100" hai3="0,133,42,63,61,105,55,5,79,71,8,15,7"/><T32/><D119/><U116/><E107/><V88/><F70/><W129/><G105/><T12/><D121/><U18/><E116/><V122/><F122/><W10/><G133/><T125/><D134/><U85/><E77/><V72/><F132/><W106/><G106/><T98/><D128/><U27/><E124/><V13/><F1/><W56/><G129/><T45/><D125/><U9/><E9/><V11/><F109/><W37/><G79/><T22/><D45/><U2/><E2/><V74/><F115/><N who="1" m="44041" /><E18/><V96/><F43/><W46/><G71/><T78/><D94/><N who="1" m="54575" /><E27/><V118/><F118/><W58/><G58/><T90/><REACH who="0" step="1"/><D23/><REACH who="0" ten="240,250,250,250" step="2"/><N who="1" m="15423" /><E30/><V60/><F11/><W112/><G112/><T66/><AGARI ba="0,1" hai="12,16,22,32,33,64,65,66,78,82,87,90,92,98" machi="66" ten="30,6000,0" yaku="1,1,0,1,54,1,53,0" doraHai="111" doraHaiUra="53" who="0" fromWho="0" sc="240,70,250,-20,250,-20,250,-20" />
</Scene>
<Scene>
<INIT seed="0,1,0,5,2,59" ten="310,230,230,230" oya="0" hai0="73,114,70,69,7,46,22,118,57,134,129,105,68" hai1="94,95,12,26,122,85,29,102,8,92,53,112,80" hai2="113,116,33,45,35,2,40,119,71,19,52,83,89" hai3="108,48,49,43,84,117,34,91,24,98,77,127,101"/><T61/><D73/><U44/><E122/><V82/><F113/><W18/><G117/><N who="2" m="45129" /><F2/><W10/><G127/><T124/><D118/><U56/><E112/><V72/><F71/><W96/><G108/><T103/><D114/><U5/><E44/><V76/><F19/><W111/><G111/><T51/><D124/><U1/><E1/><V86/><F52/><W97/><G77/><T63/><D7/><U130/><E102/><V20/><F20/><N who="3" m="13335" /><G34/><T39/><D103/><U132/><E132/><V64/><F64/><W126/><G126/><T27/><D105/><U74/><E74/><V42/><F42/><W109/><G109/><T37/><D134/><U54/><E130/><V75/><F75/><W36/><G36/><AGARI ba="1,0" hai="33,35,36,40,45,72,76,82,83,86,89" m="45129" machi="36" ten="30,1000,0" yaku="12,1" doraHai="59" who="2" fromWho="3" sc="310,0,230,0,230,13,230,-13" />
</Scene>
<Scene>
<INIT seed="1,0,0,1,5,78" ten="310,230,243,217" oya="1" hai0="98,53,75,62,56,15,125,73,76,64,61,107,84" hai1="33,16,17,106,134,21,113,101,50,69,79,124,45" hai2="60,13,118,108,104,55,20,35,24,40,94,121,27" hai3="57,34,83,41,95,77,39,96,109,2,100,49,133"/><U43/><E33/><V97/><F118/><W58/><G2/><T48/><D125/><U129/><E113/><V5/><F121/><W18/><G34/><T82/><D61/><U23/><E69/><V30/><F104/><W8/><G133/><T67/><D64/><U86/><E124/><V114/><F108/><W131/><G109/><T59/><D107/><U103/><E134/><V91/><F114/><W47/><G131/><T105/><REACH who="0" step="1"/><D15/><REACH who="0" ten="300,230,243,217" step="2"/><N who="1" m="9375" /><E106/><V26/><F13/><N who="3" m="7463" /><G39/><T4/><D4/><U81/><E129/><V11/><F5/><W128/><G128/><T132/><D132/><U63/><E63/><V117/><F60/><W29/><G29/><T115/><D115/><U111/><E111/><V9/><F117/><W119/><G119/><T120/><D120/><U135/><E135/><V127/><F127/><W68/><G68/><T116/><D116/><U126/><E126/><V28/><F30/><W102/><G102/><AGARI ba="0,1" hai="48,53,56,59,62,67,73,75,76,82,84,98,102,105" machi="102" ten="40,8000,1" yaku="1,1,52,1,53,2" doraHai="78" doraHaiUra="52" who="0" fromWho="3" sc="300,90,230,0,243,0,217,-80" />
</Scene>
<Scene>
<INIT seed="2,0,0,2,0,97" ten="390,230,243,137" oya="2" hai0="33,86,73,121,10,1,19,52,79,98,127,103,92" hai1="68,81,46,108,91,67,123,25,134,41,45,63,3" hai2="128,51,72,37,75,70,15,39,132,9,119,56,107" hai3="50,131,44,26,20,65,32,71,78,118,115,43,40"/><V31/><F70/><W87/><G118/><T66/><D121/><U74/><E3/><V34/><F119/><W112/><G32/><T116/><D33/><U24/><E123/><V17/><F128/><W13/><G13/><T76/><D116/><U88/><E108/><V36/><F132/><W114/><G131/><T117/><D117/><U82/><E134/><V49/><F107/><W122/><G122/><T120/><D73/><U14/><E14/><V47/><F56/><W18/><G78/><T105/><D66/><U59/><E68/><V64/><F64/><W109/><G87/><T133/><D133/><U27/><E46/><V22/><F34/><W21/><G109/><T95/><D127/><U6/><E6/><V4/><F31/><W58/><G20/><T124/><D124/><U125/><E125/><V90/><F90/><W38/><G71/><T16/><D105/><U106/><E106/><V101/><F101/><W48/><REACH who="3" step="1"/><G43/><REACH who="3" ten="390,230,243,127" step="2"/><T83/><D76/><U28/><E74/><V62/><F75/><W29/><G29/><T111/><D79/><U104/><E28/><V96/><F72/><W23/><G23/><T35/><D35/><U54/><E41/><V80/><F22/><W102/><G102/><T77/><D103/><U135/><E135/><V42/><F15/><W94/><G94/><T5/><D77/><U7/><E104/><V129/><F42/><W0/><G0/><T100/><D111/><U61/><E24/><V84/><F129/><W60/><AGARI ba="0,1" hai="18,21,26,38,40,44,48,50,58,60,65,112,114,115" machi="60" ten="40,12000,2" yaku="1,1,0,1,11,1,53,3" doraHai="97" doraHaiUra="110" who="3" fromWho="3" sc="390,-30,230,-30,243,-60,127,130" />
</Scene>
<Scene>
<INIT seed="3,0,0,4,1,125" ten="360,200,183,257" oya="3" hai0="109,134,45,130,131,10,87,63,124,108,51,25,99" hai1="68,54,93,94,111,31,90,114,96,78,62,28,40" hai2="89,67,105,135,72,18,71,88,92,91,2,36,61" hai3="118,34,3,60,113,59,104,50,85,30,110,116,95"/><W42/><G113/><T69/><D124/><U11/><E114/><V16/><F105/><W103/><G3/><T129/><D134/><U26/><E111/><N who="0" m="42569" /><D99/><U83/><E40/><V126/><F126/><W32/><G110/><T119/><D119/><U55/><E31/><V35/><F36/><W9/><G9/><T8/><D87/><U112/><E112/><V1/><F35/><W23/><G116/><T7/><D25/><U39/><E39/><V43/><F43/><W84/><G118/><T52/><D7/><U117/><E117/><V106/><F106/><W65/><G104/><T27/><D27/><U64/><E93/><V15/><F72/><W37/><G37/><T13/><D13/><U5/><E5/><V24/><F135/><W97/><G34/><T48/><D48/><U74/><REACH who="1" step="1"/><E11/><REACH who="1" ten="360,190,183,257" step="2"/><V128/><F92/><W66/><G32/><AGARI ba="0,1" hai="26,28,32,54,55,62,64,68,74,78,83,90,94,96" machi="32" ten="30,3900,0" yaku="1,1,2,1,7,1,53,0" doraHai="125" doraHaiUra="102" who="1" fromWho="3" sc="360,0,190,49,183,0,257,-39" />
</Scene>
<Scene>
<INIT seed="4,0,0,5,5,28" ten="360,239,183,218" oya="0" hai0="131,3,50,103,85,120,114,17,56,101,94,100,115" hai1="15,79,78,11,49,9,97,113,126,12,27,95,63" hai2="59,73,16,122,68,43,130,19,98,0,91,6,93" hai3="123,124,121,22,55,33,44,65,108,132,112,60,116"/><T41/><D3/><U48/><E126/><V102/><F122/><N who="3" m="46603" /><G22/><T87/><D120/><U109/><E109/><V117/><F68/><N who="3" m="42023" /><G33/><T29/><D29/><U2/><E2/><V71/><F71/><W72/><G72/><T45/><D131/><U47/><E63/><V53/><F73/><W57/><G116/><T104/><D104/><U7/><E113/><N who="0" m="43017" /><D94/><U20/><E20/><V30/><F130/><W18/><G18/><T75/><D75/><U70/><E70/><V54/><F117/><W1/><G1/><T39/><D17/><U13/><E27/><V32/><F43/><W67/><G112/><T34/><D34/><U135/><E135/><V23/><F102/><W84/><G132/><T99/><D99/><U96/><E15/><N who="2" m="9631" /><F19/><W128/><G128/><T58/><D103/><U90/><E97/><V5/><F59/><W37/><G84/><T89/><D87/><U92/><E92/><V107/><F107/><W46/><G124/><T4/><D100/><U21/><E21/><V64/><F5/><W25/><G108/><T86/><D86/><U66/><E79/><V69/><F6/><W61/><G25/><T105/><D4/><N who="1" m="3111" /><E78/><V62/><F0/><W52/><G37/><T77/><D77/><U40/><E66/><V129/><F129/><W110/><G110/><T35/><D39/><U42/><E7/><V38/><F38/><W119/><G119/><T118/><D118/><U14/><E11/><V125/><F125/><W36/><G36/><T8/><D8/><U133/><E133/><V83/><F83/><W10/><G10/><T80/><D35/><RYUUKYOKU ba="0,0" sc="360,0,239,0,183,0,218,0" hai0="41,45,50,56,58,80,85,89,101,105" hai1="13,14,40,42,47,48,49,90,95,96" hai2="30,32,53,54,62,64,69,91,93,98" hai3="44,46,52,55,57,61,67" />
</Scene>
<Scene>
<INIT seed="4,1,0,5,1,115" ten="360,239,183,218" oya="0" hai0="112,111,128,27,122,99,48,80,58,10,47,23,30" hai1="19,102,130,85,20,64,31,38,41,108,96,56,44" hai2="103,37,87,105,1,119,59,135,125,28,78,29,8" hai3="120,15,45,101,117,104,81,9,133,124,61,65,25"/><T132/><D122/><U76/><E108/><V16/><F37/><W55/><G120/><T22/><D111/><U13/><E130/><V71/><F71/><W134/><G124/><T11/><D112/><U12/><E31/><V88/><F78/><W83/><G25/><N who="0" m="16695" /><D132/><N who="3" m="50793" /><G55/><N who="0" m="30111" /><D128/><U92/><E12/><V123/><F123/><W68/><G45/><T82/><D99/><U127/><E127/><V14/><F125/><W98/><G117/><T39/><D39/><U106/><E106/><V77/><F135/><W90/><G90/><T46/><D46/><U100/><E100/><V66/><F77/><W121/><G121/><T75/><D75/><U40/><E40/><V52/><F1/><W79/><G79/><T69/><D69/><U0/><E0/><V24/><F119/><W6/><AGARI ba="1,0" hai="6,9,15,61,65,68,81,83,98,101,104" m="50793" machi="6" ten="30,1100,0" yaku="20,1" doraHai="115" who="3" fromWho="3" sc="360,-6,239,-4,183,-4,218,14" />
</Scene>
<Scene>
<INIT seed="5,0,0,5,2,52" ten="354,235,179,232" oya="1" hai0="108,49,40,73,10,131,90,85,29,1,53,65,104" hai1="99,33,3,16,135,93,70,133,78,6,56,67,76" hai2="63,72,130,83,19,39,36,111,100,38,61,74,107" hai3="42,23,89,114,109,68,43,60,84,14,118,82,15"/><U97/><E33/><V32/><F111/><W71/><G109/><T26/><D104/><U94/><E70/><V34/><F130/><W62/><G114/><T54/><D73/><U64/><E6/><V17/><F107/><W88/><G118/><T55/><D108/><U8/><E8/><V37/><F100/><W7/><G7/><T81/><D131/><U13/><E13/><V134/><F134/><W128/><G128/><T66/><D10/><U116/><E116/><V77/><N who="2" m="9216" /><DORA hai="120" /><V110/><F110/><W80/><G23/><N who="0" m="15583" /><D1/><U21/><E3/><V125/><F125/><W44/><G44/><AGARI ba="0,0" hai="40,44,49,53,54,55,65,66,81,85,90" m="15583" machi="44" ten="30,1000,0" yaku="8,1" doraHai="52,120" who="0" fromWho="3" sc="354,10,235,0,179,0,232,-10" />
</Scene>
<Scene>
<INIT seed="6,0,0,1,1,7" ten="364,235,179,222" oya="2" hai0="134,96,102,135,73,47,23,55,108,121,42,105,82" hai1="71,62,56,68,67,127,116,132,66,77,128,64,48" hai2="76,44,113,109,8,41,39,26,87,15,22,72,88" hai3="20,38,70,34,9,30,18,83,24,14,106,52,120"/><V75/><F76/><W78/><G106/><T107/><D108/><U118/><E77/><V130/><F113/><W61/><G38/><T133/><D121/><U13/><E13/><V4/><F130/><W110/><G110/><T117/><D117/><N who="1" m="45163" /><E128/><V84/><F109/><W37/><G37/><N who="0" m="21967" /><D82/><U46/><E132/><V85/><REACH who="2" step="1"/><F88/><REACH who="2" ten="364,235,169,222" step="2"/><W59/><G120/><T80/><D133/><U60/><E127/><V16/><AGARI ba="0,1" hai="4,8,15,16,22,26,39,41,44,72,75,84,85,87" machi="16" ten="30,12000,1" yaku="1,1,2,1,0,1,52,1,54,1,53,0" doraHai="7" doraHaiUra="49" who="2" fromWho="2" sc="364,-40,235,-40,169,130,222,-40" />
</Scene>
<Scene>
<INIT seed="6,1,0,0,3,121" ten="324,195,299,182" oya="2" hai0="45,7,54,22,16,131,55,1,50,43,111,3,6" hai1="23,44,48,93,20,114,29,63,32,90,10,19,98" hai2="65,87,124,76,82,135,2,130,71,107,26,31,92" hai3="67,73,94,128,105,47,118,89,9,81,134,27,52"/><V116/><F107/><W56/><G118/><T59/><D111/><U21/><E114/><V74/><F116/><W120/><G120/><T95/><D131/><U64/><E32/><V30/><F2/><W18/><G128/><T115/><D115/><U70/><E29/><V42/><F130/><W96/><G134/><T103/><D3/><U25/><REACH who="1" step="1"/><E10/><REACH who="1" ten="324,185,299,182" step="2"/><V51/><F31/><W12/><G105/><T49/><D22/><U11/><E11/><V97/><F30/><W53/><G47/><T119/><D45/><U72/><E72/><V80/><F74/><W37/><G37/><T100/><D119/><U127/><E127/><V85/><F124/><W69/><G69/><T79/><D6/><U125/><E125/><V61/><F135/><W66/><G53/><AGARI ba="1,1" hai="19,20,21,23,25,44,48,53,63,64,70,90,93,98" machi="53" ten="30,3900,0" yaku="1,1,7,1,53,1" doraHai="121" doraHaiUra="84" who="1" fromWho="3" sc="324,0,185,52,299,0,182,-42" />
</Scene>
<Scene>
<INIT seed="7,0,0,3,3,114" ten="324,237,299,140" oya="3" hai0="88,15,118,109,53,97,10,128,18,110,56,27,78" hai1="39,51,17,45,55,80,134,133,35,64,124,33,42" hai2="87,16,132,104,77,76,105,43,0,79,98,95,1" hai3="89,49,59,67,120,72,44,86,37,50,25,8,96"/><W74/><G120/><T70/><D118/><U65/><E124/><V47/><F132/><N who="1" m="50793" /><E80/><V126/><F126/><W102/><G8/><T7/><D70/><U2/><E2/><V130/><F130/><W81/><G25/><T127/><D128/><U12/><E65/><V112/><F87/><W92/><G37/><T122/><D122/><U40/><E64/><V94/><F112/><W28/><G28/><T57/><D127/><U5/><E5/><V14/><F105/><W69/><G69/><T93/><D78/><U107/><E107/><V61/><F61/><W100/><G50/><T71/><D71/><U13/><E13/><V29/><F104/><W3/><G3/><T135/><D135/><U22/><E40/><V41/><F94/><W38/><G38/><T20/><D56/><AGARI ba="0,0" hai="12,17,22,33,35,39,42,45,51,55,56" m="50793" machi="56" ten="30,1000,0" yaku="20,1" doraHai="114" who="1" fromWho="0" sc="324,-10,237,10,299,0,140,0" owari="314,41.0,247,-15.0,299,10.0,140,-36.0" />
</Scene>
</mjloggm>