<mjloggm ver="2.3"><GO type="169" lobby="0"/><UN n0="%74%61%63%6F%73" n1="%41%6B%61%2D%75%72%61" n2="%41%53%41%50%49%4E" n3="%47%61%4B%75" dan="17,16,19,16" rate="2128.09,2118.67,2253.72,2073.04" sx="M,M,M,M"/><TAIKYOKU oya="0"/>

<Scene>
<INIT seed="0,0,0,0,3,82" ten="250,250,250,250" oya="0" hai0="55,1,13,81,96,36,132,47,123,17,109,57,73" hai1="93,65,133,122,131,27,48,43,92,23,88,25,4" hai2="44,102,84,130,116,2,80,6,63,78,20,72,127" hai3="110,10,115,97,68,51,101,90,79,98,14,87,134"/><T59/><D123/><U86/><E122/><V135/><F130/><W76/><G68/><T18/><D1/><U16/><E131/><V107/><F135/><W129/><G115/><T26/><D132/><U104/><E104/><V21/><F127/><W5/><G129/><T67/><D67/><U128/><E128/><V12/><F116/><W75/><G134/><T124/><D124/><U42/><E4/><V7/><F2/><W89/><G110/><T52/><D109/><U108/><E108/><V105/><F72/><W112/><G112/><T29/><D96/><N who="3" m="36969" /><G75/><T31/><D73/><U54/><E65/><V77/><F77/><N who="3" m="29771" /><G101/><T71/><D71/><U30/><E93/><V64/><F102/><W34/><G34/><T61/><D81/><U56/><E133/><V39/><F107/><W70/><G70/><T35/><D31/><U50/><E50/><V114/><F105/><W8/><G8/><T62/><REACH who="0" step="1"/><D13/><REACH who="0" ten="240,250,250,250" step="2"/><U33/><AGARI ba="0,1" hai="16,23,25,27,30,33,42,43,48,54,56,86,88,92" machi="33" ten="20,8000,1" yaku="0,1,7,1,52,1,54,2" doraHai="82" who="1" fromWho="1" sc="240,-40,250,90,250,-20,250,-20" />
</Scene>
<Scene>
<INIT seed="1,0,0,5,1,57" ten="200,340,230,230" oya="1" hai0="93,132,22,7,106,99,6,36,97,25,119,32,3" hai1="75,38,64,133,84,9,20,56,81,85,15,120,40" hai2="89,100,18,13,50,44,47,12,82,129,110,34,60" hai3="117,90,76,109,5,11,2,61,118,104,63,27,114"/><U128/><E120/><V134/><F34/><W135/><G114/><T39/><D119/><N who="3" m="45577" /><G104/><T24/><D32/><U33/><E33/><V0/><F0/><W42/><G109/><T72/><D72/><U131/><E133/><V69/><F110/><W54/><G135/><T83/><D132/><U115/><E115/><V127/><F134/><W94/><G76/><T48/><D106/><U55/><E64/><V123/><F123/><W107/><G107/><T80/><D48/><U4/><E20/><V74/><F100/><W35/><G54/><T125/><D125/><U78/><E40/><V96/><F129/><N who="1" m="49737" /><E38/><V14/><F127/><W43/><G43/><T79/><D3/><U19/><E19/><V126/><F126/><W51/><G51/><AGARI ba="0,0" hai="4,9,15,51,55,56,75,78,81,84,85" m="49737" machi="51" ten="30,1500,0" yaku="19,1" doraHai="57" who="1" fromWho="3" sc="200,0,340,15,230,0,230,-15" />
</Scene>
<Scene>
<INIT seed="1,1,0,4,5,125" ten="200,355,230,215" oya="1" hai0="76,9,122,63,62,73,50,70,133,58,6,59,132" hai1="33,36,48,49,121,2,43,135,77,67,100,45,20" hai2="111,31,105,97,96,81,47,15,19,110,52,25,28" hai3="89,87,5,131,134,128,61,44,57,27,102,86,7"/><U23/><E33/><V35/><F31/><W53/><G134/><T94/><D122/><U98/><E121/><V130/><F81/><W108/><G108/><N who="2" m="41513" /><F105/><W129/><G102/><T83/><D70/><U71/><E135/><N who="0" m="51785" /><D94/><U120/><E120/><V74/><F74/><W78/><G44/><T54/><D58/><U92/><E2/><AGARI ba="1,0" hai="2,6,9,50,54,59,62,63,73,76,83" m="51785" machi="2" ten="30,1000,0" yaku="20,1" doraHai="125" who="0" fromWho="1" sc="200,13,355,-13,230,0,215,0" />
</Scene>
<Scene>
<INIT seed="2,0,0,4,1,112" ten="213,342,230,215" oya="2" hai0="95,124,38,56,17,65,121,114,70,18,50,13,83" hai1="34,101,66,32,135,30,86,125,72,108,84,79,69" hai2="46,120,131,105,16,85,77,41,53,91,10,99,35" hai3="42,14,110,98,36,11,106,103,81,44,122,123,48"/><V60/><F120/><W15/><G110/><T100/><D121/><U67/><E108/><V116/><F35/><W107/><G14/><T87/><D38/><U33/><E125/><V25/><F131/><W64/><G106/><T73/><D124/><U55/><E135/><V115/><F115/><W104/><G104/><T74/><D114/><U61/><E67/><V52/><F116/><W92/><G64/><T88/><D70/><U75/><E101/><V57/><F77/><W102/><G81/><T51/><D74/><U3/><E3/><V94/><F105/><W82/><G82/><T113/><D113/><U45/><E30/><V96/><F53/><W40/><G40/><T93/><D73/><U54/><E75/><V29/><F29/><W26/><G26/><T24/><D24/><U90/><E72/><V128/><F128/><W5/><G103/><T1/><D1/><U59/><E79/><V6/><F6/><W111/><G111/><T27/><D27/><U9/><E9/><V129/><F129/><W78/><G78/><N who="0" m="46583" /><D100/><U4/><E4/><V43/><F43/><W97/><G36/><T2/><D2/><U127/><E127/><V23/><REACH who="2" step="1"/><F10/><REACH who="2" ten="213,342,220,215" step="2"/><W76/><G76/><T22/><D17/><U126/><E126/><V118/><F118/><W8/><G11/><T28/><D28/><U117/><E117/><V63/><F63/><W133/><G133/><T89/><D18/><U49/><E55/><V37/><AGARI ba="0,1" hai="16,23,25,37,41,46,52,57,60,85,91,94,96,99" machi="37" ten="20,18000,2" yaku="1,1,0,1,7,1,54,2,53,1" doraHai="112" doraHaiUra="80" who="2" fromWho="2" sc="213,-60,342,-60,220,190,215,-60" />
</Scene>
<Scene>
<INIT seed="2,1,0,5,3,51" ten="153,282,410,155" oya="2" hai0="11,124,4,106,126,0,26,78,71,35,24,80,2" hai1="29,69,62,65,25,18,109,113,88,54,77,100,120" hai2="101,13,111,52,55,1,57,41,103,89,98,70,67" hai3="86,15,5,83,135,9,30,49,129,36,33,128,53"/><V27/><F1/><W127/><G36/><T132/><D71/><U122/><E113/><V6/><F70/><W8/><G127/><N who="0" m="48683" /><D106/><U72/><E100/><N who="2" m="38475" /><F41/><W93/><G135/><T7/><D132/><U131/><E131/><V16/><F6/><N who="0" m="2090" /><D80/><N who="1" m="45095" /><E18/><V102/><F27/><N who="0" m="10282" /><D78/><U14/><E88/><V121/><F111/><W63/><G63/><T133/><D133/><U79/><E109/><V60/><F102/><W44/><G93/><T125/><D125/><U28/><E79/><V58/><F121/><W38/><G38/><T37/><D37/><U74/><E74/><V31/><F31/><W34/><G30/><T47/><D47/><U105/><E105/><V20/><F58/><W96/><G96/><T97/><D97/><U68/><E29/><V114/><F114/><W43/><G43/><T112/><D112/><U118/><E68/><V56/><F56/><W73/><G73/><T75/><D75/><U12/><E120/><V61/><F61/><W87/><G9/><T104/><D104/><U85/><E122/><V117/><F117/><W90/><REACH who="3" step="1"/><G86/><REACH who="3" ten="153,282,410,145" step="2"/><T92/><D92/><AGARI ba="1,1" hai="13,16,20,52,55,57,60,67,89,92,98" m="38475" machi="92" ten="30,12000,1" yaku="8,1,52,2,54,2" doraHai="51" who="2" fromWho="0" sc="153,-123,282,0,410,133,145,0" />
</Scene>
<Scene>
<INIT seed="2,2,0,1,0,37" ten="30,282,543,145" oya="2" hai0="25,101,32,67,95,64,15,117,90,59,89,18,93" hai1="66,107,48,54,28,40,44,10,58,65,7,46,76" hai2="61,52,121,118,85,57,41,60,51,116,30,34,53" hai3="0,92,4,3,102,69,126,71,62,16,104,55,1"/><V119/><F34/><W78/><G104/><T86/><D117/><U132/><E107/><V115/><F30/><W27/><G4/><T81/><D101/><U131/><E28/><V109/><F85/><W14/><G27/><T35/><D81/><U24/><E24/><V134/><F115/><W33/><G33/><T111/><D111/><U17/><E17/><V129/><F121/><W29/><G29/><T84/><D25/><U124/><E76/><V96/><F96/><W105/><G105/><T99/><D99/><U6/><E6/><V75/><F75/><W88/><G102/><T112/><D112/><U74/><E74/><V128/><F109/><W97/><G126/><T83/><D83/><U23/><E23/><V100/><F100/><W113/><G113/><T49/><D49/><U42/><E124/><V120/><F120/><W13/><G78/><T114/><D114/><U38/><E131/><V11/><F11/><W77/><G77/><T80/><D80/><U22/><E22/><V21/><F21/><W73/><G73/><T36/><D36/><U98/><E132/><V43/><F134/><W94/><G94/><T8/><REACH who="0" step="1"/><D64/><REACH who="0" ten="20,282,543,145" step="2"/><U39/><E98/><V47/><F60/><AGARI ba="2,1" hai="8,15,18,32,35,59,60,67,84,86,89,90,93,95" machi="60" ten="40,5200,0" yaku="1,1,2,1,9,1,53,0" doraHai="37" doraHaiUra="125" who="0" fromWho="2" sc="20,68,282,0,543,-58,145,0" />
</Scene>
<Scene>
<INIT seed="3,0,0,2,0,124" ten="88,282,485,145" oya="3" hai0="8,74,133,72,73,105,32,77,37,118,15,95,114" hai1="87,129,58,53,45,134,99,61,54,16,78,41,76" hai2="33,65,70,71,94,104,35,67,57,31,23,43,69" hai3="119,28,85,128,39,116,17,115,110,120,98,47,26"/><W112/><G39/><T131/><D32/><U82/><E134/><V29/><F104/><W121/><G47/><T81/><D37/><U18/><E54/><V25/><F43/><W55/><G55/><T48/><D118/><N who="3" m="45097" /><G98/><T91/><D105/><U79/><E129/><V92/><F57/><W40/><G40/><T96/><D133/><U90/><REACH who="1" step="1"/><E99/><REACH who="1" ten="88,272,485,145" step="2"/><V44/><F65/><W97/><G97/><T6/><D131/><U24/><E24/><V106/><F25/><W126/><G128/><T132/><D132/><U109/><E109/><V2/><F67/><W5/><G85/><T60/><D114/><N who="3" m="43561" /><G17/><T86/><D96/><U117/><E117/><V27/><F106/><W38/><G38/><AGARI ba="0,1" hai="16,18,38,41,45,53,58,61,76,78,79,82,87,90" machi="38" ten="40,2600,0" yaku="1,1,54,1,53,0" doraHai="124" doraHaiUra="46" who="1" fromWho="3" sc="88,0,272,36,485,0,145,-26" />
</Scene>
<Scene>
<INIT seed="4,0,0,5,3,31" ten="88,308,485,119" oya="0" hai0="45,76,35,44,101,97,90,110,121,115,0,82,3" hai1="5,126,34,96,39,88,50,29,100,87,85,118,124" hai2="134,125,129,28,130,89,24,22,13,84,80,106,75" hai3="66,98,65,58,72,51,36,73,60,114,67,16,61"/><T133/><D121/><U7/><E39/><V122/><F122/><W23/><G114/><T37/><D115/><U79/><E118/><V71/><F106/><W112/><G112/><T92/><D35/><U8/><E79/><V127/><F71/><W33/><G33/><T63/><D133/><U107/><E50/><V17/><F75/><W116/><G116/><T59/><D110/><U77/><E77/><V38/><F38/><W55/><G36/><T53/><D101/><U49/><E49/><V26/><F26/><W83/><G98/><T1/><REACH who="0" step="1"/><D37/><REACH who="0" ten="78,308,485,119" step="2"/><U47/><E100/><V6/><F134/><W57/><G72/><AGARI ba="0,1" hai="0,1,3,44,45,53,59,63,72,76,82,90,92,97" machi="72" ten="40,3900,0" yaku="1,1,2,1,53,0" doraHai="31" doraHaiUra="64" who="0" fromWho="3" sc="78,49,308,0,485,0,119,-39" />
</Scene>
<Scene>
<INIT seed="4,1,0,4,1,90" ten="127,308,485,80" oya="0" hai0="95,135,82,66,10,37,18,85,57,58,133,32,120" hai1="36,127,23,119,76,17,79,46,115,48,7,96,31" hai2="122,21,88,84,49,83,109,70,117,40,22,105,130" hai3="111,113,110,54,44,29,92,118,102,60,38,25,74"/><T35/><D120/><U14/><E119/><V132/><F122/><W55/><G118/><T98/><D37/><U91/><E36/><V80/><F117/><W121/><G74/><T114/><D114/><U124/><E115/><V13/><F109/><W73/><G73/><T5/><D18/><U26/><E7/><V34/><F34/><W93/><G121/><T101/><D66/><U1/><E1/><V39/><F39/><W108/><G113/><T30/><D57/><U9/><E91/><V62/><F105/><W134/><G134/><N who="0" m="51211" /><D58/><U131/><E96/><V33/><F33/><W45/><G102/><T16/><D30/><U99/><E99/><V24/><F132/><W77/><G77/><N who="0" m="46287" /><D16/><U41/><REACH who="1" step="1"/><E131/><REACH who="1" ten="127,298,485,80" step="2"/><V59/><F130/><W63/><G110/><T71/><D71/><U69/><E69/><V12/><F70/><W4/><G38/><T112/><D112/><U107/><E107/><V68/><F68/><W2/><G4/><T19/><D5/><U3/><E3/><V67/><F83/><W61/><G2/><T75/><D98/><U56/><E56/><V53/><F67/><W81/><G81/><T129/><D129/><U116/><E116/><V94/><F80/><W126/><G61/><T51/><D51/><U52/><E52/><V64/><F64/><W123/><G123/><T87/><D101/><U125/><AGARI ba="1,1" hai="9,14,17,23,26,31,41,46,48,76,79,124,125,127" machi="125" ten="30,4000,0" yaku="1,1,0,1,18,1,53,0" doraHai="90" doraHaiUra="106" who="1" fromWho="1" sc="127,-21,298,53,485,-11,80,-11" />
</Scene>
<Scene>
<INIT seed="5,0,0,4,4,12" ten="106,351,474,69" oya="1" hai0="80,14,118,82,130,129,103,56,69,18,54,87,124" hai1="40,25,132,71,86,13,46,59,72,95,47,24,98" hai2="48,4,110,30,35,64,36,28,51,6,84,9,15" hai3="77,109,99,41,19,127,113,39,105,20,60,102,134"/><U107/><E72/><V92/><F110/><W125/><G109/><T119/><D69/><U120/><E71/><V96/><F36/><W37/><G113/><T112/><D103/><U131/><E120/><V75/><F75/><W33/><G33/><T58/><D112/><U23/><E131/><N who="0" m="50185" /><D124/><N who="3" m="47689" /><G41/><T67/><D67/><U10/><E132/><V21/><F35/><W123/><G123/><T74/><D74/><U79/><E59/><N who="0" m="22569" /><D54/><U53/><E53/><V111/><F111/><W43/><G43/><T63/><D63/><U38/><E47/><V68/><F64/><W22/><G60/><T61/><D61/><U55/><E55/><V85/><F68/><W49/><G49/><T83/><D87/><U29/><E25/><V88/><F85/><W3/><G3/><T27/><D27/><U11/><E86/><V122/><F122/><W16/><G77/><T115/><D115/><U62/><E79/><V135/><F84/><W45/><G134/><T101/><D101/><U42/><E62/><V117/><F135/><W133/><G133/><T31/><D31/><U2/><E40/><V5/><F30/><W94/><G105/><T121/><D121/><U93/><E107/><V90/><F28/><W81/><G81/><N who="0" m="20739" /><T89/><DORA hai="76" /><D89/><U7/><E98/><V91/><F96/><W108/><G108/><T78/><D78/><U106/><E106/><V97/><F97/><W26/><G45/><T116/><D119/><U73/><E73/><V32/><F117/><W100/><G100/><T1/><D1/><U50/><E38/><V65/><F65/><W52/><G52/><RYUUKYOKU ba="0,0" sc="106,10,351,10,474,-30,69,10" hai0="14,18,116,118" hai1="2,7,10,11,13,23,24,29,42,46,50,93,95" hai3="16,19,20,22,26,37,39,94,99,102" />
</Scene>
<Scene>
<INIT seed="5,1,0,2,4,53" ten="116,361,444,79" oya="1" hai0="66,96,122,90,110,22,51,124,40,116,82,76,45" hai1="80,1,134,64,107,121,11,8,29,106,114,87,16" hai2="0,25,65,83,95,74,89,70,135,42,94,109,6" hai3="7,132,19,58,24,13,105,71,123,12,15,63,69"/><U35/><E121/><V99/><F109/><W56/><G123/><T41/><D122/><U57/><E134/><V9/><F135/><W117/><G132/><T52/><D116/><U54/><E114/><V28/><F42/><W130/><G105/><T133/><D133/><U101/><E64/><V79/><F65/><W30/><G117/><T78/><D110/><U3/><E11/><V131/><F131/><W49/><G130/><T18/><D66/><U129/><E129/><V77/><F77/><N who="0" m="29802" /><D124/><U84/><E106/><V75/><F70/><W100/><G100/><T62/><D62/><U126/><E126/><V59/><F94/><W38/><G38/><T39/><D39/><U92/><E107/><V20/><F59/><W2/><G19/><T48/><D48/><U4/><E3/><V68/><F68/><W108/><G108/><T37/><D37/><U60/><E16/><V14/><F0/><W81/><G81/><T97/><D82/><U113/><E113/><V118/><F118/><W103/><G103/><T73/><D73/><AGARI ba="1,0" hai="6,9,14,20,25,28,73,74,75,79,83,89,95,99" machi="73" ten="30,1000,0" yaku="7,1" doraHai="53" who="2" fromWho="0" sc="116,-13,361,0,444,13,79,0" />
</Scene>
<Scene>
<INIT seed="6,0,0,4,4,135" ten="103,361,457,79" oya="2" hai0="77,93,40,89,98,17,10,119,60,25,88,21,97" hai1="87,36,2,39,26,45,20,51,75,102,6,100,83" hai2="74,12,34,116,0,59,31,117,44,90,126,30,63" hai3="61,9,55,76,8,69,124,27,35,23,70,96,54"/><V58/><F0/><W78/><G35/><T46/><D119/><U43/><E75/><V22/><F74/><W52/><G96/><T99/><D77/><N who="3" m="29801" /><G61/><T19/><D60/><U15/><E2/><V130/><F12/><W120/><G23/><T50/><D89/><N who="1" m="51455" /><E39/><V121/><F58/><W80/><G80/><T122/><D122/><U56/><E56/><V91/><F90/><W115/><G27/><T68/><D68/><N who="3" m="26217" /><G120/><T127/><D127/><U86/><E36/><V85/><F59/><W131/><G131/><T33/><D33/><U118/><E86/><V133/><F63/><W16/><G16/><N who="0" m="12455" /><D10/><N who="3" m="4201" /><G115/><T66/><D66/><U134/><E118/><V105/><F130/><W106/><G106/><T41/><D41/><U125/><E20/><V84/><F22/><W38/><G38/><T72/><D72/><U114/><E114/><V64/><F105/><W112/><G112/><T7/><D7/><U73/><E73/><V123/><F34/><W49/><G49/><T48/><D48/><U108/><E51/><V57/><F121/><W13/><G13/><T62/><D62/><U81/><E15/><V47/><F123/><W29/><G29/><T107/><D107/><U94/><E6/><V3/><F117/><W82/><G82/><T128/><D128/><U24/><E81/><V110/><F116/><W111/><G111/><T65/><D65/><U18/><E24/><V5/><F110/><W28/><G28/><T113/><D113/><U53/><E26/><V71/><F30/><W101/><G101/><N who="0" m="60591" /><D99/><U37/><E108/><V4/><F31/><W32/><G32/><RYUUKYOKU ba="0,0" sc="103,15,361,-15,457,-15,79,15" hai0="17,19,40,46,50,88,98" hai3="52,54,55,124" />
</Scene>
<Scene>
<INIT seed="7,1,0,0,3,97" ten="118,346,442,94" oya="3" hai0="95,130,112,5,43,30,83,65,105,118,133,10,47" hai1="53,113,20,81,69,106,70,39,25,100,62,63,75" hai2="42,56,128,27,16,32,51,125,6,124,24,38,17" hai3="132,41,14,120,66,116,123,73,99,48,15,35,104"/><W77/><G116/><T2/><D118/><U103/><E39/><V68/><F68/><W55/><G41/><T111/><D105/><U92/><E113/><V122/><F128/><W96/><G35/><T60/><D111/><U131/><E131/><V107/><F107/><W114/><G66/><T80/><D130/><U135/><E135/><V76/><F122/><W71/><G71/><T13/><D133/><U86/><E106/><V79/><F38/><W94/><G132/><T134/><D134/><U90/><E69/><V3/><F6/><W64/><G64/><T26/><D112/><U0/><E0/><V21/><F3/><W52/><G114/><T129/><D95/><U23/><E23/><N who="2" m="13415" /><F32/><W84/><G73/><T46/><D2/><U89/><E70/><V117/><F117/><W18/><G104/><T9/><D9/><U54/><E54/><N who="3" m="20522" /><G123/><T110/><D110/><U8/><E8/><V34/><F34/><W22/><G120/><T88/><D129/><U85/><E75/><V1/><F1/><W57/><G14/><T4/><D5/><U49/><E62/><V33/><F33/><W50/><G57/><N who="0" m="37007" /><D88/><U72/><E72/><V98/><F56/><W121/><G121/><T109/><D109/><U127/><E63/><V126/><F42/><W12/><G15/><T115/><D115/><U37/><E37/><V45/><F124/><W78/><G99/><T59/><D59/><N who="1" m="33199" /><E127/><N who="2" m="48651" /><F98/><W74/><G74/><T28/><D43/><U82/><E82/><N who="0" m="31273" /><D26/><U108/><E108/><V31/><F27/><W101/><G84/><T36/><D36/><U61/><E61/><RYUUKYOKU ba="1,0" sc="118,10,346,10,442,-30,94,10" hai0="4,10,13,28,30,46,47" hai1="20,25,81,85,86,89,90,92,100,103" hai3="12,18,22,48,50,77,78,94,96,101" />
</Scene>
<Scene>
<INIT seed="7,2,0,5,4,14" ten="128,356,412,104" oya="3" hai0="76,99,9,78,111,110,128,114,74,91,25,131,118" hai1="54,18,40,82,130,46,10,7,95,132,4,45,15" hai2="97,103,53,29,129,5,84,51,27,123,122,30,135" hai3="31,109,66,21,70,89,26,92,8,35,11,96,17"/><W107/><G109/><N who="0" m="41483" /><D118/><U58/><E130/><N who="0" m="49705" /><D74/><U49/><E132/><V37/><F37/><W52/><G107/><T23/><D114/><U55/><E95/><N who="2" m="58815" /><F129/><W38/><G38/><T6/><D91/><U41/><E82/><V16/><F5/><W24/><REACH who="3" step="1"/><G52/><REACH who="3" ten="128,356,412,94" step="2"/><T48/><D48/><N who="1" m="26671" /><E40/><V86/><F51/><AGARI ba="2,1" hai="4,7,10,15,18,46,49,51,54,55,58" m="26671" machi="51" ten="30,2000,0" yaku="8,1,52,1" doraHai="14" who="1" fromWho="2" sc="128,0,356,36,412,-26,94,0" owari="128,-27.0,392,49.0,386,19.0,94,-41.0" />
</Scene>
</mjloggm>