<mjloggm ver="2.3"><GO type="169"/><UN n0="%41%53%41%50%49%4E" n1="%E8%91%89%E6%9B%B8%E5%90%8D%E7%84%A1%E3%81%97" n2="%56%65%6E%75%73%53%61%79" n3="%E3%83%8F%E3%83%94%E3%83%8A%E5%90%8D%E6%8E%9B%E4%B8%81" dan="19,16,18,16" rate="2266,2043,2174,2085" sx="M,M,M,M"/><TAIKYOKU oya="0"/>

<Scene>
<INIT seed="0,0,0,3,3,6" ten="250,250,250,250" oya="0" hai0="12,128,24,42,90,71,31,123,2,38,129,72,66" hai1="87,117,51,108,81,14,7,29,107,61,13,89,60" hai2="57,27,85,49,4,100,33,3,64,23,91,53,105" hai3="118,127,1,37,43,106,10,93,109,75,26,80,36"/><T98/><D123/><U46/><E117/><V16/><F33/><W102/><G118/><T111/><D72/><U77/><E108/><V59/><F105/><W88/><G127/><T94/><D2/><U40/><E107/><V82/><F100/><W32/><G43/><T131/><D111/><U96/><E29/><V101/><F101/><W79/><G109/><T99/><D42/><U95/><REACH who="1" step="1"/><E14/><REACH who="1" ten="250,240,250,250" step="2"/><V50/><F3/><W67/><G32/><N who="0" m="20583" /><D12/><U11/><AGARI ba="0,1" hai="7,11,13,40,46,51,60,61,77,81,87,89,95,96" machi="11" ten="30,12000,2" yaku="1,1,0,1,25,2,8,1,52,1,53,0" doraHai="6" doraHaiUra="18" who="1" fromWho="1" sc="250,-60,240,130,250,-30,250,-30" />
</Scene>
<Scene>
<INIT seed="1,0,0,3,4,125" ten="190,370,220,220" oya="1" hai0="17,123,114,84,64,121,47,71,58,30,108,99,5" hai1="45,49,129,109,92,37,25,70,113,118,56,57,20" hai2="54,130,12,126,36,93,63,26,122,132,100,46,59" hai3="13,11,76,34,24,72,106,91,1,43,116,21,52"/><U131/><E70/><V88/><F122/><W74/><G34/><T29/><D114/><U6/><E113/><V101/><F126/><W7/><G106/><T124/><D71/><U80/><E118/><V83/><F132/><W90/><G43/><T96/><D124/><U62/><E37/><V103/><F130/><N who="1" m="49673" /><E109/><V79/><F36/><W67/><G67/><T14/><D5/><U112/><E112/><V19/><F26/><W115/><G1/><T135/><D135/><U0/><E80/><V28/><F28/><W95/><G115/><T41/><D108/><U111/><E111/><V68/><F68/><W40/><G116/><T104/><D84/><U120/><E120/><V60/><F46/><W87/><G74/><T4/><D4/><U97/><E62/><V134/><F134/><W105/><G72/><T77/><D121/><U18/><E6/><V16/><F63/><W133/><G133/><T55/><D123/><U35/><E35/><V69/><F69/><W128/><G128/><T85/><D77/><U98/><E0/><V119/><F119/><W78/><G78/><T61/><D61/><U31/><E31/><V81/><F79/><W51/><G76/><T15/><D29/><U75/><E75/><V127/><F127/><W53/><G105/><T102/><D30/><U9/><E9/><N who="2" m="6159" /><F19/><N who="3" m="12351" /><G90/><T50/><D104/><U107/><E107/><V86/><AGARI ba="0,0" hai="54,59,60,81,83,86,88,93,100,101,103" m="6159" machi="86" ten="30,4000,0" yaku="8,1,54,2" doraHai="125" who="2" fromWho="2" sc="190,-10,370,-20,220,40,220,-10" />
</Scene>
<Scene>
<INIT seed="2,0,0,2,0,15" ten="180,350,260,210" oya="2" hai0="0,16,69,117,40,73,7,91,35,2,38,42,21" hai1="81,133,93,77,87,75,107,57,72,84,30,55,71" hai2="54,13,89,96,128,32,66,126,23,5,134,67,90" hai3="34,19,86,60,33,46,37,27,45,47,22,3,94"/><V88/><F32/><W48/><G37/><T80/><D69/><U74/><E71/><V85/><F134/><W113/><G3/><T135/><D35/><U49/><E107/><V25/><F128/><W127/><G127/><T14/><D135/><U52/><E133/><V109/><F126/><W129/><G129/><T100/><D117/><U98/><E30/><V111/><F96/><W51/><G113/><T4/><D100/><U53/><REACH who="1" step="1"/><E84/><REACH who="1" ten="180,340,260,210" step="2"/><V17/><F85/><W131/><G131/><T101/><D73/><U123/><E123/><V26/><F111/><W56/><G34/><T130/><D130/><U18/><E18/><N who="2" m="12535" /><F109/><W28/><G33/><T115/><D16/><U12/><E12/><V41/><F41/><W64/><G28/><T24/><D14/><U120/><E120/><V79/><F79/><W118/><G118/><T106/><D40/><U6/><E6/><V102/><F102/><AGARI ba="0,1" hai="49,52,53,55,57,72,74,75,77,81,87,93,98,102" machi="102" ten="40,5200,0" yaku="1,1,54,1,53,1" doraHai="15" doraHaiUra="83" who="1" fromWho="2" sc="180,0,340,62,260,-52,210,0" />
</Scene>
<Scene>
<INIT seed="3,0,0,0,5,106" ten="180,402,208,210" oya="3" hai0="87,112,107,63,7,59,110,34,78,103,108,53,80" hai1="40,61,67,123,21,127,71,52,88,89,105,10,6" hai2="74,122,69,73,15,9,83,39,31,37,100,23,79" hai3="46,1,3,132,28,128,81,24,115,85,16,49,36"/><W98/><G115/><T118/><D118/><U27/><E105/><V82/><F69/><W135/><G36/><T124/><D34/><U129/><E123/><V70/><F70/><W25/><G98/><N who="0" m="61943" /><D7/><U33/><E33/><V30/><F100/><W2/><G128/><T12/><D12/><U44/><E127/><V109/><F122/><W19/><G49/><T8/><D8/><U60/><E129/><V126/><F126/><W54/><G46/><T111/><D124/><U66/><E52/><V133/><F133/><N who="3" m="51275" /><G54/><T113/><AGARI ba="0,0" hai="53,59,63,78,80,87,108,110,111,112,113" m="61943" machi="113" ten="40,1500,0" yaku="14,1" doraHai="106" who="0" fromWho="0" sc="180,15,402,-4,208,-4,210,-7" />
</Scene>
<Scene>
<INIT seed="4,0,0,2,0,55" ten="195,398,204,203" oya="0" hai0="79,21,56,111,90,31,103,73,101,18,77,52,117" hai1="13,68,106,57,60,71,99,135,83,85,127,97,41" hai2="33,72,66,110,96,104,24,14,102,54,8,91,42" hai3="59,126,10,2,43,6,107,87,118,84,119,16,50"/><T63/><D117/><U29/><E41/><V122/><F122/><W62/><G107/><T115/><D115/><U78/><E127/><V32/><F110/><W46/><G126/><T15/><D111/><U124/><E124/><V30/><F72/><W80/><G87/><T36/><D36/><U89/><E135/><V131/><F131/><W4/><G4/><T74/><D74/><U5/><E29/><V37/><F37/><W39/><G39/><T48/><D31/><U108/><E108/><V12/><F42/><W26/><G26/><T100/><D73/><U65/><E106/><V51/><F66/><W25/><G25/><T40/><D90/><U70/><REACH who="1" step="1"/><E78/><REACH who="1" ten="195,388,204,203" step="2"/><N who="0" m="29705" /><D40/><U123/><E123/><V95/><F33/><W0/><G119/><T47/><D47/><U76/><E76/><V11/><F104/><W64/><G118/><T86/><D86/><U120/><E120/><V3/><F32/><W93/><G84/><T61/><AGARI ba="0,1" hai="15,18,21,48,52,56,61,63,100,101,103" m="29705" machi="61" ten="30,6000,0" yaku="8,1,52,1,54,1" doraHai="55" who="0" fromWho="0" sc="195,70,388,-20,204,-20,203,-20" />
</Scene>
<Scene>
<INIT seed="4,1,0,4,1,5" ten="265,368,184,183" oya="0" hai0="2,128,87,119,9,80,6,125,46,78,27,23,26" hai1="52,91,60,35,75,20,120,95,1,101,108,8,110" hai2="64,105,94,111,3,106,21,81,109,88,74,45,65" hai3="133,49,121,55,11,104,68,42,16,113,73,118,107"/><T32/><D119/><U112/><E35/><V41/><F3/><W130/><G118/><T10/><D128/><U76/><E101/><V28/><F106/><W69/><G130/><T56/><D125/><U57/><E120/><V98/><F105/><W38/><G121/><T19/><D56/><U15/><E112/><V86/><F74/><W77/><G133/><T114/><D114/><U18/><E76/><V43/><F43/><W79/><G113/><T123/><D123/><U47/><E75/><V131/><F131/><W102/><G42/><T12/><D32/><U93/><E93/><V89/><F28/><W13/><G38/><T67/><D67/><U85/><E47/><V99/><F99/><W82/><G79/><T17/><D46/><U22/><REACH who="1" step="1"/><E1/><REACH who="1" ten="265,358,184,183" step="2"/><V29/><F111/><AGARI ba="1,1" hai="8,15,18,20,22,52,57,60,85,91,95,108,110,111" machi="111" ten="40,8000,1" yaku="1,1,2,1,52,1,54,1,53,0" doraHai="5" doraHaiUra="34" who="1" fromWho="2" sc="265,0,358,93,184,-83,183,0" />
</Scene>
<Scene>
<INIT seed="5,0,0,1,1,98" ten="265,451,101,183" oya="1" hai0="80,71,128,96,115,94,63,114,22,93,2,13,59" hai1="60,18,72,46,0,57,132,44,6,28,130,87,83" hai2="48,55,79,101,30,100,16,43,37,51,76,124,14" hai3="104,66,54,78,73,69,134,15,103,11,122,5,108"/><U25/><E72/><V85/><F37/><W105/><G108/><T36/><D2/><U91/><E132/><V81/><F30/><W7/><G134/><T26/><D36/><U84/><E130/><V121/><F121/><W97/><G122/><T24/><D128/><U29/><E18/><V33/><F33/><W129/><G129/><T27/><D71/><U35/><E28/><V92/><F124/><W70/><G105/><T47/><D47/><U116/><E116/><V118/><F118/><W89/><G66/><T112/><D80/><U49/><E49/><V111/><F111/><W19/><G7/><T107/><D13/><U12/><E0/><V17/><F17/><W123/><G123/><T4/><D4/><U50/><E50/><V88/><F48/><W38/><G38/><T56/><D22/><U64/><E6/><V117/><F43/><W102/><G54/><T8/><D8/><U110/><E110/><V127/><F127/><W20/><G89/><T86/><D107/><U90/><REACH who="1" step="1"/><E12/><REACH who="1" ten="265,441,101,183" step="2"/><V99/><F117/><W62/><G15/><T21/><D112/><U67/><E67/><V61/><F61/><W40/><G62/><T74/><D114/><U82/><AGARI ba="0,1" hai="25,29,35,44,46,57,60,64,82,83,84,87,90,91" machi="82" ten="20,7800,0" yaku="1,1,0,1,7,1,9,1,53,0" doraHai="98" doraHaiUra="9" who="1" fromWho="1" sc="265,-26,441,88,101,-26,183,-26" />
</Scene>
<Scene>
<INIT seed="5,1,0,5,3,95" ten="239,529,75,157" oya="1" hai0="78,74,13,3,81,97,65,101,114,27,120,12,10" hai1="38,43,9,82,79,77,117,22,106,20,4,5,45" hai2="131,23,66,92,115,60,130,128,68,70,39,61,25" hai3="116,102,108,71,110,42,122,109,99,105,118,123,88"/><U129/><E117/><N who="3" m="45162" /><G71/><T30/><D114/><U28/><E129/><V112/><F39/><W91/><G42/><T62/><D120/><AGARI ba="1,0" hai="88,91,99,102,105,108,109,110,120,122,123" m="45162" machi="120" ten="40,8000,1" yaku="12,1,34,2,52,1,54,1" doraHai="95" who="3" fromWho="0" sc="239,-83,529,0,75,0,157,83" />
</Scene>
<Scene>
<INIT seed="6,0,0,3,0,84" ten="156,529,75,240" oya="2" hai0="42,54,4,79,105,8,122,37,61,70,15,63,27" hai1="44,45,5,56,108,107,52,91,50,100,104,123,7" hai2="64,130,118,80,121,65,14,23,88,47,3,87,41" hai3="67,133,57,12,77,25,119,93,125,112,62,49,72"/><V131/><F3/><W78/><G119/><T120/><D105/><U18/><E108/><V127/><F118/><W135/><G125/><T90/><D79/><U102/><E18/><N who="2" m="10711" /><F121/><W13/><G112/><T60/><D70/><U59/><E50/><N who="2" m="26991" /><F127/><W53/><G93/><T106/><D106/><U103/><E123/><V75/><F75/><W115/><G25/><T124/><D124/><U95/><E104/><V85/><F85/><W48/><G115/><T16/><D42/><U94/><E107/><V11/><F11/><W43/><G43/><T33/><D37/><U29/><E29/><V114/><F114/><W128/><G128/><AGARI ba="0,0" hai="64,65,80,87,88,128,130,131" m="26991,10711" machi="128" ten="30,5800,0" yaku="19,1,52,1,54,1" doraHai="84" who="2" fromWho="3" sc="156,0,529,0,75,58,240,-58" />
</Scene>
<Scene>
<INIT seed="6,1,0,3,4,119" ten="156,529,133,182" oya="2" hai0="39,102,106,27,96,59,24,38,69,92,79,51,75" hai1="127,44,135,45,112,121,72,20,81,71,93,109,85" hai2="49,110,57,91,99,25,56,60,66,32,123,132,76" hai3="19,90,2,105,82,94,30,17,6,78,116,103,125"/><V131/><F110/><W74/><G116/><T95/><D69/><U133/><E121/><V108/><F108/><W64/><G125/><T87/><D92/><U33/><E71/><V98/><F132/><W23/><G64/><T40/><D59/><U77/><E33/><V128/><F76/><W120/><G120/><T31/><D51/><U65/><E65/><V126/><F126/><W16/><G6/><T42/><D40/><U0/><E0/><V100/><F123/><W35/><G2/><T8/><D8/><U67/><E67/><V83/><F83/><W3/><G3/><T88/><D42/><U43/><E127/><V114/><F114/><W47/><G47/><T101/><D101/><U1/><E1/><V63/><F91/><W130/><G130/><N who="2" m="49705" /><F63/><W14/><G35/><N who="0" m="20967" /><D27/><U89/><E112/><V12/><F12/><W134/><G30/><T113/><D113/><U104/><E109/><V37/><F37/><W48/><G48/><T117/><D117/><U28/><E133/><V18/><F100/><W9/><G134/><T84/><D84/><U41/><E135/><V50/><F50/><W29/><G29/><T122/><D122/><U13/><E81/><AGARI ba="1,0" hai="38,39,75,79,81,87,88,95,96,102,106" m="20967" machi="81" ten="30,2000,0" yaku="24,1,54,1" doraHai="119" who="0" fromWho="1" sc="156,23,529,-23,133,0,182,0" />
</Scene>
<Scene>
<INIT seed="7,0,0,3,0,48" ten="179,506,133,182" oya="3" hai0="77,117,76,13,125,19,118,23,16,105,9,79,45" hai1="86,5,90,123,20,10,96,29,12,31,111,14,72" hai2="101,46,56,15,55,71,121,128,54,70,3,18,113" hai3="59,63,41,104,66,108,85,44,102,61,106,131,2"/><W51/><G2/><T34/><D105/><U75/><E111/><V84/><F3/><W17/><G108/><T124/><D34/><U91/><E123/><V32/><F32/><W134/><G131/><T74/><D45/><U73/><E96/><V120/><F128/><W112/><G112/><T62/><D62/><U26/><E31/><V49/><F113/><W30/><G134/><T132/><D74/><U37/><E37/><V114/><F101/><W78/><G30/><T99/><D99/><U27/><E27/><V130/><F114/><W97/><G106/><T24/><REACH who="0" step="1"/><D132/><REACH who="0" ten="169,506,133,182" step="2"/><U58/><E58/><V40/><F130/><W126/><G63/><T69/><D69/><N who="2" m="26122" /><F56/><W6/><G59/><T94/><D94/><U109/><E14/><V22/><F84/><W50/><G85/><T64/><D64/><U36/><E90/><V0/><F0/><W83/><G66/><T133/><D133/><U100/><E20/><V47/><F47/><W92/><G44/><T57/><D57/><U21/><E5/><V4/><F4/><W93/><G6/><T25/><D25/><U127/><E127/><AGARI ba="0,1" hai="9,13,16,19,23,24,76,77,79,117,118,124,125,127" machi="127" ten="40,5200,0" yaku="1,1,18,1,54,1,53,0" doraHai="48" doraHaiUra="42" who="0" fromWho="1" sc="169,62,506,-52,133,0,182,0" owari="231,3.0,454,56.0,133,-37.0,182,-22.0" />
</Scene>
</mjloggm>