<mjloggm ver="2.3"><GO type="169"/><UN n0="%E3%81%98%E3%82%83%E3%81%8C%E3%81%84%E3%82%82%E5%89%A3%E5%A3%AB" n1="%E7%A5%AD%E8%B0%B7%E4%B8%80%E6%96%97" n2="%E3%81%93%E3%81%98%E3%82%8D" n3="%41%53%41%50%49%4E" dan="16,16,17,18" rate="2066,2032,2174,2212" sx="M,M,M,M"/><TAIKYOKU oya="0"/>

<Scene>
<INIT seed="0,0,0,0,3,4" ten="250,250,250,250" oya="0" hai0="63,110,32,69,132,70,44,128,74,131,47,109,107" hai1="95,48,40,14,125,84,42,87,2,68,59,127,12" hai2="5,9,50,124,83,80,133,115,121,130,37,26,123" hai3="105,111,25,19,11,85,104,101,106,46,129,103,78"/><T28/><D74/><U27/><E68/><N who="0" m="26217" /><D107/><U126/><E2/><V116/><F37/><W118/><G111/><N who="0" m="42507" /><D32/><U36/><E27/><V20/><F50/><W98/><G129/><N who="0" m="49739" /><D28/><U18/><E36/><V45/><F130/><W43/><G118/><T91/><D91/><N who="1" m="53735" /><E87/><V49/><F116/><W108/><G108/><T67/><D132/><U90/><E90/><V72/><F72/><W38/><G103/><T39/><D39/><U17/><E14/><V31/><F133/><W114/><G85/><T34/><D34/><U65/><E18/><V82/><F31/><W77/><G106/><T62/><D67/><U134/><E134/><V88/><F88/><W60/><G105/><T57/><D57/><U122/><E12/><V119/><F119/><W1/><G104/><T81/><D81/><U113/><E17/><V33/><F33/><W53/><G19/><T23/><D23/><U13/><E13/><V99/><F20/><W117/><G117/><T94/><D94/><U79/><E79/><V30/><F30/><W75/><G77/><T71/><N who="0" m="26225" /><T10/><DORA hai="76" /><D10/><U41/><E65/><V97/><F9/><W29/><G78/><T0/><D0/><U3/><E3/><V89/><F89/><W6/><G75/><T92/><D92/><U35/><E35/><V86/><F82/><W15/><G1/><T96/><D96/><U8/><E8/><V52/><F97/><W135/><G135/><T61/><AGARI ba="0,0" hai="44,47,61,62,63" m="49739,42507,26225" machi="61" ten="50,18000,2" yaku="28,2,14,1,10,1,19,1,34,2" doraHai="4,76" who="0" fromWho="0" sc="250,180,250,-60,250,-60,250,-60" />
</Scene>
<Scene>
<INIT seed="0,1,0,1,2,49" ten="430,190,190,190" oya="0" hai0="54,30,33,120,15,82,38,32,131,88,40,80,27" hai1="117,41,84,37,64,75,97,73,45,22,130,109,11" hai2="50,104,106,96,134,91,47,25,102,121,112,79,48" hai3="2,115,68,0,83,100,125,128,5,14,94,77,18"/><T51/><D120/><U10/><E117/><V107/><F79/><W24/><G68/><T122/><D122/><U55/><E130/><V123/><F112/><W16/><G115/><T70/><D70/><U7/><E109/><V4/><F4/><W19/><G128/><T1/><D1/><U52/><E64/><V118/><F118/><W46/><G125/><T20/><D131/><U34/><E34/><V71/><F71/><W86/><G24/><T63/><D63/><U99/><E75/><V92/><F134/><W119/><G119/><T93/><D40/><U59/><E73/><V39/><F39/><W60/><G60/><T78/><D38/><U61/><E22/><V116/><F116/><W56/><G56/><T129/><D129/><U81/><E55/><V108/><F108/><W36/><G100/><T57/><D15/><U3/><REACH who="1" step="1"/><E10/><REACH who="1" ten="430,180,190,190" step="2"/><V98/><F123/><W66/><G66/><T133/><D133/><U87/><E87/><V135/><F135/><W124/><G86/><T28/><D33/><U53/><E53/><V43/><F121/><W65/><G65/><T13/><D32/><U111/><E111/><V9/><F9/><W95/><G46/><T72/><D72/><U21/><E21/><V114/><F114/><W62/><G62/><T44/><D44/><U69/><E69/><V67/><F67/><W58/><G58/><T17/><D54/><U76/><AGARI ba="1,1" hai="3,7,11,37,41,45,52,59,61,76,81,84,97,99" machi="76" ten="20,8000,1" yaku="1,1,0,1,7,1,52,1,54,1,53,0" doraHai="49" doraHaiUra="89" who="1" fromWho="1" sc="430,-41,180,93,190,-21,190,-21" />
</Scene>
<Scene>
<INIT seed="1,0,0,5,5,41" ten="389,273,169,169" oya="1" hai0="111,25,118,42,24,71,84,108,50,128,69,59,101" hai1="106,70,90,1,107,5,31,130,30,2,113,121,86" hai2="76,114,7,63,82,52,17,99,98,10,44,27,77" hai3="29,91,0,78,38,48,83,57,28,64,73,85,110"/><U116/><E70/><N who="0" m="26633" /><D118/><U103/><E116/><V127/><F127/><W49/><G0/><T20/><D101/><U123/><E113/><V13/><F114/><W12/><G38/><T14/><D84/><U53/><E86/><V129/><F129/><W36/><G36/><T89/><D89/><U66/><E90/><V65/><F65/><W96/><G110/><N who="0" m="42027" /><D128/><U119/><E66/><V125/><F125/><W61/><G96/><T67/><D14/><U112/><E119/><V51/><F63/><W8/><G29/><T72/><D72/><U34/><E130/><V124/><F124/><W43/><G43/><T23/><D25/><U19/><E112/><V62/><F62/><W32/><G28/><T120/><D24/><U126/><E126/><V39/><F39/><W26/><G32/><T68/><D68/><U100/><E19/><V45/><F45/><W132/><G26/><T102/><D102/><U55/><E5/><V37/><F37/><W58/><G132/><T4/><D4/><U16/><E16/><V131/><F131/><W54/><G12/><T74/><D74/><U18/><E18/><V94/><F82/><W3/><G8/><T81/><D81/><U135/><E34/><V93/><F94/><N who="3" m="54639" /><G3/><T87/><D87/><U134/><AGARI ba="0,0" hai="1,2,30,31,53,55,100,103,106,107,121,123,134,135" machi="134" ten="25,4800,0" yaku="0,1,22,2" doraHai="41" who="1" fromWho="1" sc="389,-16,273,48,169,-16,169,-16" />
</Scene>
<Scene>
<INIT seed="1,1,0,4,1,115" ten="373,321,153,153" oya="1" hai0="84,48,66,54,65,103,33,57,8,128,53,60,30" hai1="40,120,46,112,80,21,49,104,52,45,37,63,90" hai2="59,51,85,17,106,91,39,131,56,99,64,86,55" hai3="3,129,69,35,6,123,22,42,15,111,34,11,125"/><U130/><E112/><V58/><F39/><W16/><G69/><T89/><D128/><U47/><E120/><V50/><F131/><W14/><G42/><T77/><D77/><U95/><E130/><V105/><F64/><W28/><G129/><T5/><D103/><U93/><E104/><V24/><F99/><W121/><G111/><T132/><D132/><U73/><E63/><V79/><F79/><W13/><G125/><T68/><D30/><U96/><E21/><V127/><F127/><W44/><G44/><T10/><D33/><N who="3" m="12297" /><G28/><T12/><D10/><U83/><E73/><V126/><F126/><W25/><AGARI ba="1,0" hai="3,6,11,13,14,15,16,22,25,121,123" m="12297" machi="25" ten="30,4000,0" yaku="34,2,54,1" doraHai="115" who="3" fromWho="3" sc="373,-11,321,-21,153,-11,153,43" />
</Scene>
<Scene>
<INIT seed="2,0,0,0,5,102" ten="362,300,142,196" oya="2" hai0="91,17,44,55,108,74,88,72,25,124,4,15,62" hai1="59,121,67,48,82,54,94,110,134,47,117,38,18" hai2="21,122,129,113,46,2,27,24,96,126,128,14,70" hai3="84,64,79,127,56,42,32,120,1,13,75,10,114"/><V98/><F70/><W87/><G120/><T85/><D124/><U80/><E121/><V116/><F122/><W123/><G123/><T119/><D119/><U133/><E117/><V78/><F78/><W16/><G127/><T41/><D108/><U105/><E105/><V95/><F2/><W115/><G32/><T83/><D4/><U28/><E28/><V26/><F116/><W97/><G1/><T68/><D25/><U0/><E0/><V49/><F113/><N who="3" m="43019" /><G42/><T104/><D91/><U63/><E94/><V37/><F37/><W135/><G135/><N who="1" m="51722" /><E110/><V65/><F65/><W125/><G125/><T111/><D104/><U50/><E18/><N who="2" m="10455" /><F126/><W100/><G79/><T73/><D111/><U51/><E38/><V43/><F95/><W92/><G75/><T132/><D132/><U36/><E36/><V71/><F71/><W86/><G56/><T76/><D68/><N who="1" m="42111" /><E47/><V58/><F58/><W112/><G64/><T34/><D34/><U45/><E45/><V12/><F12/><W90/><N who="3" m="43027" /><W11/><DORA hai="29" /><G11/><T60/><D55/><U130/><E130/><AGARI ba="0,0" hai="24,26,27,43,46,49,96,98,128,129,130" m="10455" machi="130" ten="30,1500,0" yaku="19,1" doraHai="102,29" who="2" fromWho="1" sc="362,0,300,-15,142,15,196,0" />
</Scene>
<Scene>
<INIT seed="2,1,0,3,2,109" ten="362,285,157,196" oya="2" hai0="121,73,70,112,25,56,26,35,68,96,13,55,57" hai1="90,105,33,69,58,63,44,29,115,76,117,31,66" hai2="37,30,60,127,51,45,19,62,22,10,129,128,79" hai3="102,104,113,59,42,9,23,99,39,72,12,49,124"/><V75/><F37/><W107/><G124/><T93/><D73/><U95/><E117/><V1/><F30/><W88/><G72/><T2/><D121/><U135/><E105/><V24/><F127/><W114/><G23/><T119/><D2/><U106/><E115/><N who="3" m="44042" /><G39/><T71/><D112/><U134/><E106/><V82/><F1/><W52/><G42/><T132/><D132/><N who="1" m="50731" /><E76/><V46/><F10/><W61/><G88/><T85/><D85/><N who="1" m="52687" /><E33/><V11/><F11/><W97/><G97/><T34/><D96/><U116/><E116/><V84/><F75/><W86/><G86/><T81/><D119/><U98/><E98/><V100/><F100/><W83/><G83/><T48/><D81/><U27/><E27/><V7/><F7/><N who="3" m="3135" /><G107/><T126/><D126/><U122/><E122/><V54/><REACH who="2" step="1"/><F45/><REACH who="2" ten="362,285,147,196" step="2"/><W32/><G32/><T53/><D35/><U6/><E6/><V103/><F103/><W77/><G77/><T15/><D34/><U18/><E18/><V110/><F110/><W123/><G123/><T89/><D89/><U5/><E5/><V8/><F8/><W17/><G17/><T43/><D93/><U20/><E44/><V65/><F65/><W130/><G130/><AGARI ba="1,1" hai="19,22,24,46,51,54,60,62,79,82,84,128,129,130" machi="130" ten="40,3900,0" yaku="1,1,19,1,53,0" doraHai="109" doraHaiUra="101" who="2" fromWho="3" sc="362,0,285,0,147,52,196,-42" />
</Scene>
<Scene>
<INIT seed="2,2,0,0,0,51" ten="362,285,199,154" oya="2" hai0="5,81,89,100,94,44,122,43,114,79,58,98,117" hai1="80,86,124,66,57,91,129,25,113,34,37,88,63" hai2="28,130,73,26,110,103,27,134,99,56,52,77,10" hai3="83,24,2,126,133,116,18,15,64,3,69,109,42"/><V59/><F134/><W75/><G116/><T14/><D114/><U21/><E113/><V45/><F130/><W131/><G131/><T119/><D122/><U115/><E129/><V132/><F132/><W35/><G133/><T128/><D128/><U41/><E115/><V95/><F110/><W19/><G109/><T4/><D58/><U12/><E124/><V67/><F73/><W23/><G126/><T93/><D94/><U85/><E34/><V30/><F77/><W53/><G42/><T47/><D100/><U118/><E118/><N who="0" m="45065" /><D14/><U40/><E12/><V38/><F38/><W101/><G101/><T60/><D60/><U97/><E97/><V102/><F10/><W90/><G64/><T92/><D92/><N who="1" m="54287" /><E37/><V125/><F125/><W76/><G69/><T22/><D22/><U78/><E78/><V50/><F102/><W33/><G33/><T16/><D16/><AGARI ba="2,0" hai="16,21,25,40,41,57,63,66,80,86,91" m="54287" machi="16" ten="30,3900,0" yaku="8,1,54,2" doraHai="51" who="1" fromWho="0" sc="362,-45,285,45,199,0,154,0" />
</Scene>
<Scene>
<INIT seed="3,0,0,1,3,99" ten="317,330,199,154" oya="3" hai0="24,48,16,25,96,32,110,69,132,38,95,118,65" hai1="128,82,8,112,56,66,58,14,131,106,114,46,12" hai2="117,103,7,125,26,121,113,107,30,52,22,13,101" hai3="6,78,61,4,105,23,31,29,42,40,97,44,116"/><W100/><G116/><T1/><D118/><U60/><E106/><V70/><F117/><W115/><G115/><N who="1" m="44074" /><E82/><V86/><F107/><W87/><G61/><T63/><D38/><U91/><E91/><V135/><F70/><W53/><G53/><T19/><D1/><U47/><E14/><V126/><F113/><W57/><G57/><T81/><D110/><U17/><E58/><V2/><F2/><W55/><G55/><T54/><D81/><U3/><E3/><V5/><F135/><W68/><G68/><T10/><D132/><U129/><AGARI ba="0,0" hai="8,12,17,46,47,56,60,66,128,129,131" m="44074" machi="129" ten="40,1500,0" yaku="19,1" doraHai="99" who="1" fromWho="1" sc="317,-4,330,15,199,-4,154,-7" />
</Scene>
<Scene>
<INIT seed="4,0,0,2,2,106" ten="313,345,195,147" oya="0" hai0="118,99,35,72,130,6,66,80,122,31,23,81,104" hai1="14,115,43,94,88,27,20,56,93,51,37,50,117" hai2="97,39,125,100,15,36,24,103,134,25,83,105,40" hai3="33,64,28,30,62,135,2,98,110,45,32,71,114"/><T7/><D118/><U9/><E117/><V85/><F125/><W73/><G110/><T29/><D122/><U128/><E128/><V79/><F134/><W124/><G73/><T55/><D130/><U108/><E108/><V69/><F69/><W87/><G2/><T89/><D35/><U8/><E115/><V70/><F70/><W119/><G119/><T91/><D66/><U131/><E131/><V0/><F0/><W4/><G4/><T10/><D104/><U42/><E37/><V65/><F65/><W78/><G114/><T16/><D55/><N who="1" m="31863" /><E51/><V5/><F100/><W60/><G124/><T17/><D23/><U68/><E68/><V102/><F102/><W13/><G135/><T54/><D54/><U38/><E38/><V96/><F97/><W19/><G60/><T129/><D129/><U116/><E116/><V75/><F36/><W111/><G111/><T120/><D99/><N who="1" m="57767" /><E94/><V22/><F85/><W44/><G98/><T132/><D132/><U84/><E84/><V12/><F39/><W113/><G113/><T47/><D120/><U46/><E46/><N who="3" m="18026" /><G32/><T121/><D47/><U82/><E82/><V123/><F40/><N who="1" m="15401" /><E14/><V1/><F123/><W95/><G33/><T57/><D121/><U61/><E61/><V41/><F41/><W127/><G127/><T63/><D63/><U18/><AGARI ba="0,0" hai="8,9,18,20,27" m="15401,57767,31863" machi="18" ten="30,2000,0" yaku="8,1,54,1" doraHai="106" who="1" fromWho="1" sc="313,-10,345,20,195,-5,147,-5" />
</Scene>
<Scene>
<INIT seed="5,0,0,0,3,27" ten="303,365,190,142" oya="1" hai0="57,51,41,88,97,109,26,75,3,45,65,50,99" hai1="71,100,68,69,111,23,92,124,5,120,7,11,74" hai2="76,58,110,61,134,115,94,53,91,66,86,62,31" hai3="102,84,123,12,63,48,130,14,96,49,90,118,60"/><U129/><E74/><V29/><F110/><W9/><G118/><T95/><D109/><U2/><E111/><V83/><F134/><W89/><G123/><T82/><D3/><U37/><E120/><V72/><REACH who="2" step="1"/><F115/><REACH who="2" ten="303,365,180,142" step="2"/><W122/><G130/><T126/><D126/><U15/><E129/><V30/><F30/><W35/><G122/><T13/><D26/><U101/><E124/><V39/><F39/><W79/><G35/><T47/><D13/><U106/><E37/><V8/><F8/><W78/><G9/><T25/><D25/><U77/><E11/><V98/><F98/><W70/><G96/><T54/><D99/><U64/><E2/><V40/><F40/><W135/><G135/><T127/><D127/><U117/><E117/><V119/><F119/><W73/><G73/><T46/><D65/><U85/><E64/><V128/><F128/><W81/><G84/><T113/><D113/><U103/><E85/><V16/><F16/><W19/><G19/><T52/><REACH who="0" step="1"/><D41/><REACH who="0" ten="293,365,180,142" step="2"/><U59/><E15/><V87/><F87/><W42/><G42/><T43/><D43/><U116/><E116/><V24/><F24/><W22/><G14/><T34/><D34/><U28/><E106/><V108/><F108/><W112/><G12/><T114/><D114/><U125/><E125/><V55/><F55/><W93/><G112/><T131/><D131/><U38/><E38/><V4/><F4/><W107/><G107/><T0/><D0/><U21/><E7/><V133/><F133/><W44/><G22/><T80/><D80/><U104/><E5/><V132/><F132/><RYUUKYOKU ba="0,2" sc="293,15,365,-15,180,15,142,-15" hai0="45,46,47,50,51,52,54,57,75,82,88,95,97" hai2="29,31,53,58,61,62,66,72,76,83,86,91,94" />
</Scene>
<Scene>
<INIT seed="6,1,2,5,5,111" ten="308,350,195,127" oya="2" hai0="24,69,37,62,121,32,105,125,86,1,40,16,96" hai1="135,115,85,64,102,19,127,31,88,99,126,46,52" hai2="29,83,51,110,124,17,92,28,48,60,77,112,35" hai3="91,104,107,45,132,134,113,87,55,89,8,65,57"/><V2/><F2/><W67/><G45/><T39/><D121/><U27/><E19/><V25/><F110/><W68/><G8/><T117/><D117/><U75/><E75/><V128/><F28/><W22/><G22/><T70/><D125/><N who="1" m="47627" /><E115/><V120/><F120/><W79/><G79/><T130/><D130/><U43/><E64/><V41/><F124/><W12/><G12/><T11/><D86/><U14/><E14/><V63/><F128/><W6/><G6/><N who="0" m="1487" /><D16/><U13/><E13/><V61/><F112/><W0/><G0/><T58/><D58/><U133/><E52/><V90/><F17/><W82/><G55/><T53/><D53/><U34/><E99/><V98/><REACH who="2" step="1"/><F41/><REACH who="2" ten="308,350,185,127" step="2"/><W72/><G113/><T78/><D40/><U81/><E102/><V5/><F5/><W129/><G129/><T44/><D32/><U50/><AGARI ba="1,3" hai="27,31,34,43,46,50,81,85,88,133,135" m="47627" machi="50" ten="30,2000,0" yaku="18,1,54,1" doraHai="111" who="1" fromWho="1" sc="308,-6,350,53,185,-11,127,-6" />
</Scene>
<Scene>
<INIT seed="7,0,0,4,3,67" ten="302,403,174,121" oya="3" hai0="117,15,112,126,29,95,132,71,133,51,35,0,134" hai1="23,36,84,40,94,49,131,96,121,48,69,86,106" hai2="111,32,130,42,114,50,30,9,79,24,21,70,37" hai3="56,52,81,119,75,122,45,91,129,46,28,63,88"/><W135/><G119/><T127/><D117/><U13/><E121/><V26/><F111/><W109/><G122/><T2/><D51/><U93/><E69/><V104/><F104/><W90/><G109/><T97/><D71/><U78/><E36/><V8/><F70/><W57/><G129/><T34/><D95/><U20/><E13/><V55/><F130/><W82/><G135/><T53/><D97/><U31/><E40/><V103/><F103/><W99/><G28/><T80/><D80/><N who="3" m="30825" /><G75/><T22/><D53/><U124/><E31/><V27/><F79/><W120/><G120/><T17/><D112/><U116/><E116/><V47/><F114/><W16/><G99/><T62/><D62/><U123/><E96/><V105/><F105/><W87/><G87/><T18/><D29/><U107/><E86/><V43/><F26/><W60/><G16/><N who="0" m="10527" /><D2/><U115/><E84/><V83/><F83/><W14/><G14/><T3/><D3/><U38/><E78/><V64/><F64/><AGARI ba="0,0" hai="45,46,52,56,57,60,63,64,88,90,91" m="30825" machi="64" ten="30,5800,0" yaku="8,1,54,2" doraHai="67" who="3" fromWho="2" sc="302,0,403,0,174,-58,121,58" />
</Scene>
<Scene>
<INIT seed="7,1,0,4,3,42" ten="302,403,116,179" oya="3" hai0="97,125,107,41,98,30,27,51,24,20,18,115,44" hai1="47,34,40,0,118,122,58,116,134,130,99,12,50" hai2="19,88,45,8,59,54,28,57,79,135,70,117,26" hai3="86,124,74,96,2,63,38,61,72,53,29,85,16"/><W17/><G2/><T126/><D115/><U23/><E122/><V109/><F70/><W84/><G38/><T10/><D10/><U114/><E34/><V52/><F109/><W3/><G3/><T101/><REACH who="0" step="1"/><D98/><REACH who="0" ten="292,403,116,179" step="2"/><U105/><E114/><V62/><F117/><W76/><G96/><T83/><D83/><U129/><E99/><V65/><F135/><W78/><G124/><T111/><D111/><U95/><E118/><V49/><F79/><W127/><G127/><T31/><D31/><U69/><E116/><V121/><F121/><W73/><G29/><T32/><AGARI ba="1,1" hai="18,20,24,27,30,32,41,44,51,97,101,107,125,126" machi="32" ten="30,4000,0" yaku="1,1,0,1,52,1,53,0" doraHai="42" doraHaiUra="131" who="0" fromWho="0" sc="292,53,403,-11,116,-11,179,-21" owari="345,15.0,392,48.0,105,-39.0,158,-24.0" />
</Scene>
</mjloggm>