<mjloggm ver="2.3"><GO type="169"/><UN n0="%EF%BC%8A%E7%B4%85%E7%83%8F%EF%BC%8A" n1="%E6%AF%94%E5%98%89%E7%A7%80%E4%BB%81" n2="%E5%94%90%E6%8F%9A%E5%A4%A7%E5%A5%BD%E3%81%8D" n3="%41%53%41%50%49%4E" dan="17,16,17,18" rate="2167,2076,2197,2229" sx="F,M,M,M"/><TAIKYOKU oya="0"/>

<Scene>
<INIT seed="0,0,0,0,4,106" ten="250,250,250,250" oya="0" hai0="55,13,107,0,110,129,46,75,11,42,92,26,85" hai1="119,108,59,49,2,36,53,58,70,121,15,102,95" hai2="14,21,134,67,50,126,93,87,132,111,25,32,29" hai3="48,73,103,114,66,86,133,105,1,27,16,112,116"/><T125/><D107/><U39/><E108/><V64/><F111/><W63/><G116/><T130/><D110/><U22/><E2/><V28/><F126/><W9/><G133/><N who="2" m="51305" /><F50/><W47/><G73/><T57/><D125/><U44/><E119/><V72/><F72/><W35/><G86/><T19/><D75/><U83/><E121/><V80/><F93/><W91/><G91/><N who="0" m="53359" /><D26/><U77/><E70/><V96/><F96/><W90/><G90/><T99/><D99/><N who="1" m="59775" /><E39/><V82/><F29/><W101/><G1/><T62/><D0/><U60/><E36/><V7/><F82/><W127/><G35/><T109/><D109/><U120/><E120/><V54/><F54/><W5/><G127/><T94/><D94/><U81/><E77/><N who="2" m="46479" /><F32/><W18/><G105/><T38/><D38/><U41/><E59/><V51/><F51/><W31/><G103/><T56/><D56/><U23/><E15/><V6/><F14/><N who="3" m="5423" /><G101/><T89/><D89/><U10/><E83/><V61/><F67/><W117/><G117/><T79/><D79/><U113/><E81/><V24/><F24/><W4/><G27/><T131/><D46/><U74/><E74/><V3/><F3/><W12/><G47/><T104/><D104/><U128/><E113/><V98/><F98/><W76/><G114/><T33/><D33/><U78/><E78/><V122/><F122/><W43/><G76/><T69/><D69/><AGARI ba="0,0" hai="6,7,21,25,28,61,64,69" m="46479,51305" machi="69" ten="30,1000,0" yaku="20,1" doraHai="106" who="2" fromWho="0" sc="250,-10,250,0,250,10,250,0" />
</Scene>
<Scene>
<INIT seed="1,0,0,5,4,75" ten="240,250,260,250" oya="1" hai0="1,118,70,48,2,39,23,100,55,56,40,80,7" hai1="62,36,8,50,54,112,24,20,119,68,59,108,76" hai2="96,113,42,6,32,44,61,99,34,11,19,21,126" hai3="97,18,73,28,52,82,106,121,69,43,109,25,29"/><U128/><E119/><V90/><F126/><W10/><G121/><T60/><D118/><U88/><E112/><V47/><F113/><W127/><G69/><T104/><D7/><U87/><E36/><V58/><F34/><W89/><G127/><T84/><D104/><U102/><E102/><V122/><F32/><W111/><G43/><T53/><D100/><U49/><E128/><V37/><F122/><W71/><G71/><T93/><D93/><N who="1" m="54431" /><E68/><V13/><F47/><W74/><G74/><T98/><D98/><U16/><E108/><V51/><F90/><W46/><G106/><T125/><D125/><U124/><E124/><V85/><F85/><W95/><G10/><T115/><D115/><U72/><E72/><V64/><REACH who="2" step="1"/><F37/><REACH who="2" ten="240,250,250,250" step="2"/><W15/><G73/><T123/><D123/><U79/><E8/><V30/><F30/><W78/><G29/><T92/><D39/><U101/><E101/><V117/><F117/><W35/><G28/><T57/><D23/><U33/><E33/><V94/><F94/><W27/><G35/><T14/><D92/><U26/><E26/><AGARI ba="0,1" hai="6,11,13,19,21,26,42,44,51,58,61,64,96,99" machi="26" ten="30,3900,0" yaku="1,1,7,1,8,1,53,0" doraHai="75" doraHaiUra="91" who="2" fromWho="1" sc="240,0,250,-39,250,49,250,0" />
</Scene>
<Scene>
<INIT seed="2,0,0,1,1,65" ten="240,211,299,250" oya="2" hai0="81,41,108,70,29,99,15,75,42,24,8,44,21" hai1="20,128,47,48,72,118,79,14,1,58,112,101,110" hai2="92,49,133,98,5,126,51,124,87,62,13,73,90" hai3="85,93,130,54,7,4,102,31,56,40,74,71,119"/><V82/><F73/><W23/><G119/><T39/><D108/><U53/><E110/><V104/><F104/><W17/><G74/><T59/><D42/><U105/><E118/><V64/><F133/><W111/><G111/><T103/><D59/><U3/><E112/><V28/><F28/><W77/><G71/><T95/><D75/><U113/><E113/><V96/><F5/><W55/><G31/><T122/><D81/><U97/><E79/><V38/><F38/><W83/><G130/><T50/><D122/><U33/><E33/><V76/><F98/><N who="3" m="59727" /><G40/><T131/><D131/><U45/><E72/><V2/><F13/><N who="3" m="9647" /><G55/><T68/><REACH who="0" step="1"/><D39/><REACH who="0" ten="230,211,299,250" step="2"/><U134/><E134/><V52/><F126/><W25/><G83/><T57/><D57/><U109/><E128/><V66/><F124/><W107/><G56/><T69/><D69/><U11/><E109/><V123/><F123/><W86/><G54/><T100/><D100/><U43/><E47/><V116/><F116/><W10/><G77/><T88/><D88/><U36/><REACH who="1" step="1"/><E20/><REACH who="1" ten="230,201,299,250" step="2"/><V22/><F22/><W34/><G34/><T135/><D135/><U46/><E46/><V18/><F76/><W127/><G127/><T89/><D89/><U67/><E67/><V35/><F66/><W94/><G10/><T114/><D114/><U121/><E121/><V6/><F64/><W91/><G91/><T84/><D84/><U19/><AGARI ba="0,2" hai="1,3,11,14,19,36,43,45,48,53,58,97,101,105" machi="19" ten="20,2700,0" yaku="1,1,0,1,7,1,53,0" doraHai="65" doraHaiUra="80" who="1" fromWho="1" sc="230,-7,201,47,299,-13,250,-7" />
</Scene>
<Scene>
<INIT seed="3,0,0,4,4,41" ten="223,248,286,243" oya="3" hai0="22,70,58,131,101,98,21,89,59,85,94,26,6" hai1="115,127,90,19,45,111,54,112,63,56,9,55,32" hai2="39,40,61,99,116,75,30,28,125,120,33,74,92" hai3="91,46,16,86,27,128,88,25,49,60,135,10,102"/><W69/><G128/><T34/><D70/><U117/><E111/><V38/><F116/><W42/><G135/><T57/><D131/><U24/><E127/><V29/><F125/><W66/><G102/><T113/><D113/><U37/><E117/><V82/><F120/><W17/><G91/><T109/><D109/><U2/><E32/><V93/><F61/><W121/><G121/><T62/><D6/><U72/><E72/><V43/><F33/><W132/><G132/><T80/><D34/><U124/><E124/><V95/><F99/><W107/><G107/><T105/><D105/><U18/><E90/><V53/><F53/><W68/><G68/><T96/><D96/><U76/><E76/><V73/><REACH who="2" step="1"/><F82/><REACH who="2" ten="223,248,276,243" step="2"/><W103/><G103/><T8/><D62/><U36/><E115/><V123/><F123/><W13/><REACH who="3" step="1"/><G17/><REACH who="3" ten="223,248,276,233" step="2"/><T118/><D118/><U0/><E112/><V14/><F14/><W12/><G12/><T78/><D26/><U79/><E19/><V65/><F65/><W35/><G35/><T81/><D8/><U84/><E18/><V47/><F47/><W48/><G48/><T129/><REACH who="0" step="1"/><D129/><REACH who="0" ten="213,248,276,233" step="2"/><U119/><E9/><V67/><F67/><W31/><G31/><T87/><AGARI ba="0,3" hai="21,22,57,58,59,78,80,81,85,87,89,94,98,101" machi="87" ten="30,7900,0" yaku="1,1,2,1,0,1,8,1,53,0" doraHai="41" doraHaiUra="50" who="0" fromWho="0" sc="213,109,248,-20,276,-20,233,-39" />
</Scene>
<Scene>
<INIT seed="4,0,0,1,0,70" ten="322,228,256,194" oya="0" hai0="129,119,25,91,81,21,8,90,102,88,128,65,101" hai1="42,10,126,50,82,121,63,49,51,37,125,40,59" hai2="66,11,27,74,111,67,106,68,55,2,114,14,107" hai3="100,77,95,13,64,113,127,97,124,87,118,84,48"/><T16/><D119/><U22/><E22/><V18/><F111/><W71/><G118/><T69/><D81/><U44/><E10/><V109/><F109/><W116/><G116/><T17/><D69/><U132/><E82/><V54/><F74/><W32/><G32/><T1/><D65/><N who="1" m="39167" /><E121/><V117/><F117/><W133/><G113/><T41/><D41/><N who="1" m="22575" /><E132/><V36/><F36/><W131/><G133/><T31/><D17/><U57/><E57/><V7/><F114/><W58/><G77/><T130/><REACH who="0" step="1"/><D31/><REACH who="0" ten="312,228,256,194" step="2"/><U103/><E103/><V52/><F68/><W43/><G100/><T62/><D62/><U23/><E23/><V73/><F73/><W45/><G71/><T110/><D110/><U56/><E56/><V53/><N who="2" m="13312" /><DORA hai="6" /><V98/><F67/><W47/><G64/><T105/><D105/><U122/><E122/><V61/><F66/><W30/><G58/><T78/><D78/><U26/><E26/><V115/><F61/><W38/><G30/><T9/><D9/><U93/><E93/><V120/><F120/><W135/><G95/><T46/><D46/><U12/><E42/><V5/><F115/><W0/><G43/><T33/><D33/><U4/><E40/><V39/><F39/><W83/><G38/><T94/><D94/><U85/><E126/><V104/><F5/><AGARI ba="0,1" hai="1,5,8,16,21,25,88,90,91,101,102,128,129,130" machi="5" ten="50,24000,3" yaku="1,1,19,1,52,1,54,2,53,3" doraHai="70,6" doraHaiUra="28,86" who="0" fromWho="2" sc="312,250,228,0,256,-240,194,0" />
</Scene>
<Scene>
<INIT seed="4,1,0,2,4,66" ten="562,228,16,194" oya="0" hai0="57,85,131,32,67,28,17,38,97,86,89,16,26" hai1="117,112,120,37,33,47,10,2,134,88,29,87,132" hai2="75,9,135,48,52,42,54,80,14,104,95,64,91" hai3="101,105,118,93,63,70,39,49,22,77,61,122,92"/><T73/><D38/><U60/><E120/><V90/><F104/><W102/><G118/><T78/><D131/><U100/><E117/><V40/><F135/><N who="1" m="51753" /><E100/><V127/><F127/><W31/><G39/><T58/><D73/><U82/><E60/><V8/><F75/><W46/><G122/><T133/><D133/><U56/><E56/><V96/><F64/><W76/><G105/><T71/><D97/><U84/><E33/><V107/><F107/><W21/><G49/><T115/><D115/><U103/><E103/><V83/><F96/><W109/><G46/><T129/><D129/><U19/><E29/><V125/><F125/><W94/><G94/><T121/><D57/><U55/><E87/><V74/><F74/><W65/><G65/><T43/><D58/><U23/><E10/><V62/><F62/><W123/><G31/><T3/><D32/><U53/><E2/><V50/><REACH who="2" step="1"/><F95/><REACH who="2" ten="562,228,6,194" step="2"/><W45/><G123/><T27/><D67/><U13/><E112/><V30/><F30/><W81/><G101/><T114/><D28/><U128/><E128/><V34/><F34/><W124/><G102/><T99/><D99/><U35/><E35/><V113/><F113/><W5/><G124/><T18/><D114/><U25/><E25/><V0/><F0/><W116/><G116/><T4/><D27/><U69/><E69/><V98/><F98/><W7/><G70/><T108/><D26/><U106/><E106/><V79/><F79/><W111/><G81/><T12/><D71/><U130/><E130/><V59/><F59/><W24/><G24/><T15/><D3/><RYUUKYOKU ba="1,1" sc="562,-30,228,10,6,10,194,10" hai1="13,19,23,37,47,53,55,82,84,88" hai2="8,9,14,40,42,48,50,52,54,80,83,90,91" hai3="5,7,21,22,45,61,63,76,77,92,93,109,111" />
</Scene>
<Scene>
<INIT seed="5,2,1,0,5,49" ten="532,238,16,204" oya="1" hai0="22,1,39,105,7,19,131,10,107,89,24,30,106" hai1="115,133,110,117,130,96,82,60,20,132,75,98,17" hai2="65,112,38,134,9,12,126,93,34,56,32,3,33" hai3="111,121,31,97,54,72,40,59,83,118,61,109,29"/><U52/><E117/><V48/><F38/><W91/><G121/><T78/><D39/><U113/><E130/><V13/><F126/><W99/><G118/><T103/><D78/><U92/><E110/><V36/><F36/><W41/><G72/><T127/><D127/><U18/><E82/><V86/><F134/><N who="1" m="51817" /><E75/><V66/><F112/><N who="1" m="43081" /><E20/><V42/><F3/><W69/><G69/><T35/><D89/><N who="1" m="55311" /><E98/><N who="3" m="37386" /><G111/><T23/><D131/><U14/><E14/><V28/><F28/><N who="3" m="10827" /><G109/><T79/><D79/><U4/><E4/><V67/><F9/><W53/><G83/><T6/><D6/><U68/><E68/><V80/><F93/><W58/><G91/><T116/><D116/><U100/><E100/><V108/><F108/><W77/><G77/><T95/><D95/><U15/><E15/><V2/><F2/><W87/><G87/><T25/><D23/><U124/><E124/><V114/><F86/><W122/><G122/><T16/><D103/><U51/><E60/><AGARI ba="2,1" hai="40,41,53,54,58,59,60,61" m="10827,37386" machi="60" ten="30,3900,0" yaku="8,1,52,2" doraHai="49" who="3" fromWho="1" sc="532,0,238,-45,16,0,204,55" />
</Scene>
<Scene>
<INIT seed="6,0,0,4,5,18" ten="532,193,16,259" oya="2" hai0="84,5,68,86,70,133,102,27,41,39,80,75,81" hai1="130,29,30,62,54,87,46,1,63,24,32,101,69" hai2="28,123,8,116,113,33,135,132,79,93,6,36,114" hai3="90,95,125,21,91,129,7,94,128,110,105,119,34"/><V58/><F36/><W64/><G119/><T26/><D133/><N who="2" m="51274" /><F79/><W104/><G34/><T134/><D134/><U2/><E130/><N who="3" m="50282" /><G64/><T109/><D75/><U67/><E30/><V20/><F58/><W48/><G7/><T0/><D102/><U57/><E46/><V9/><F93/><N who="3" m="35339" /><G48/><T43/><D5/><U72/><E72/><V14/><F116/><W121/><G21/><T19/><D19/><U78/><REACH who="1" step="1"/><E101/><REACH who="1" ten="532,183,16,259" step="2"/><V40/><F40/><W11/><G110/><T10/><D43/><U111/><E111/><V50/><F50/><W77/><G121/><T15/><D41/><U42/><E42/><V83/><F123/><W12/><G125/><T25/><D109/><U117/><E117/><V71/><F71/><W100/><G100/><T97/><D70/><U47/><E47/><V55/><F55/><W98/><G104/><T60/><D68/><U16/><E16/><N who="2" m="10263" /><F83/><AGARI ba="0,1" hai="1,2,24,29,32,54,57,62,63,67,69,78,83,87" machi="83" ten="40,1300,0" yaku="1,1,53,0" doraHai="18" doraHaiUra="106" who="1" fromWho="2" sc="532,0,183,23,16,-13,259,0" />
</Scene>
<Scene>
<INIT seed="7,0,0,2,3,128" ten="532,206,3,259" oya="3" hai0="85,45,11,2,113,101,91,61,0,132,89,118,37" hai1="121,103,94,71,104,59,48,129,9,38,7,20,63" hai2="78,52,39,15,108,27,109,130,6,54,60,43,82" hai3="90,55,96,88,47,124,83,122,23,131,134,117,21"/><W25/><G117/><T50/><D118/><U92/><E121/><V32/><F130/><W8/><G122/><T77/><D37/><U65/><E129/><V13/><F39/><W35/><G131/><T99/><D61/><U75/><E75/><V84/><F43/><W73/><G35/><T135/><D113/><U29/><E38/><V64/><F60/><W106/><G8/><T41/><D77/><U86/><E86/><V119/><F119/><W93/><G106/><N who="0" m="63807" /><D11/><U36/><E36/><V56/><F109/><W115/><G115/><T72/><D72/><U81/><E81/><V127/><F108/><W62/><G73/><T97/><D97/><U80/><E80/><V1/><F127/><W10/><G124/><T46/><D46/><U5/><E5/><V110/><F110/><W4/><G10/><T70/><D70/><U33/><E20/><V105/><F105/><W102/><G21/><T123/><D91/><U69/><E69/><V14/><F1/><W120/><G4/><T126/><D123/><U79/><E79/><V17/><F6/><W112/><G112/><T125/><D0/><N who="1" m="231" /><E48/><V24/><F32/><W34/><G34/><T40/><D2/><U51/><E51/><V133/><F133/><N who="0" m="51274" /><D40/><U66/><E59/><V116/><F116/><W74/><G134/><T114/><D114/><U76/><E76/><V12/><N who="2" m="3072" /><DORA hai="30" /><V95/><F95/><AGARI ba="0,0" hai="41,45,50,85,89,95,125,126" m="51274,63807" machi="95" ten="30,7700,0" yaku="20,1,52,3" doraHai="128,30" who="0" fromWho="2" sc="532,77,206,0,3,-77,259,0" owari="609,70.0,206,-19.0,-74,-57.0,259,6.0" />
</Scene>
</mjloggm>