<mjloggm ver="2.3"><GO type="169"/><UN n0="%E6%AF%94%E5%98%89%E7%A7%80%E4%BB%81" n1="%E3%83%8F%E3%83%94%E3%83%8A%E5%90%8D%E6%8E%9B%E4%B8%81" n2="%41%53%41%50%49%4E" n3="%48%41%52%45%4D" dan="16,16,19,16" rate="2170,2097,2264,2073" sx="M,M,M,M"/><TAIKYOKU oya="0"/>

<Scene>
<INIT seed="0,0,0,2,1,45" ten="250,250,250,250" oya="0" hai0="80,58,128,9,125,8,74,96,105,34,129,29,134" hai1="95,15,28,92,46,68,65,17,60,19,133,67,48" hai2="111,16,84,35,78,61,86,38,12,124,2,62,130" hai3="107,40,89,85,7,24,30,73,43,33,88,122,66"/><T21/><D34/><U6/><E133/><V63/><F38/><W59/><G107/><T56/><D134/><U20/><E67/><V75/><F35/><W37/><G73/><T113/><D125/><U72/><E72/><V98/><F2/><W116/><G116/><T104/><D113/><U83/><E83/><V39/><F39/><W31/><G122/><T23/><D74/><U114/><E114/><V13/><F124/><W120/><G120/><T100/><D80/><U99/><E28/><V87/><F111/><W106/><G106/><T36/><D36/><U52/><E6/><V121/><F121/><W117/><G117/><T64/><D64/><U110/><E110/><V49/><F130/><W123/><G123/><T118/><D118/><U0/><E0/><V54/><F98/><W94/><G7/><T10/><D105/><U126/><E126/><V1/><F1/><W51/><G31/><T131/><REACH who="0" step="1"/><D29/><REACH who="0" ten="240,250,250,250" step="2"/><U69/><E69/><V71/><F71/><W42/><G37/><T25/><D25/><U93/><REACH who="1" step="1"/><E17/><REACH who="1" ten="240,240,250,250" step="2"/><V5/><F75/><W132/><G132/><T135/><D135/><U127/><E127/><V27/><F5/><W32/><G66/><T57/><AGARI ba="0,2" hai="8,9,10,21,23,56,57,58,96,100,104,128,129,131" machi="57" ten="40,18000,2" yaku="1,1,0,1,29,2,19,1,53,2" doraHai="45" doraHaiUra="18" who="0" fromWho="0" sc="240,200,240,-60,250,-60,250,-60" />
</Scene>
<Scene>
<INIT seed="0,1,0,5,2,26" ten="440,180,190,190" oya="0" hai0="130,133,129,72,17,118,68,18,1,112,102,123,97" hai1="103,111,127,51,15,3,81,19,105,120,13,38,75" hai2="35,40,61,32,41,87,95,106,74,28,113,116,125" hai3="53,52,56,115,25,55,126,66,46,0,11,104,47"/><T58/><D123/><U117/><E3/><V34/><F113/><W119/><G104/><T80/><D112/><U108/><E38/><V90/><F106/><W7/><G115/><T91/><D118/><U39/><E39/><V65/><F74/><W33/><G126/><T84/><D68/><U22/><E117/><V82/><F125/><W64/><G119/><T94/><D1/><U49/><E120/><V59/><F116/><W89/><G89/><T128/><D133/><U132/><E132/><V14/><F14/><W67/><REACH who="3" step="1"/><G56/><REACH who="3" ten="440,180,190,180" step="2"/><T131/><D131/><U16/><E127/><V135/><F135/><W23/><G23/><T78/><D58/><U96/><E108/><V79/><F90/><W85/><G85/><T5/><D5/><U100/><E111/><V43/><REACH who="2" step="1"/><F95/><AGARI ba="1,1" hai="17,18,72,78,80,84,91,94,95,97,102,128,129,130" machi="95" ten="40,2000,0" yaku="19,1" doraHai="26" who="0" fromWho="2" sc="440,33,180,0,190,-23,180,0" />
</Scene>
<Scene>
<INIT seed="0,2,0,3,1,122" ten="473,180,167,180" oya="0" hai0="67,29,87,20,102,100,125,62,30,93,44,110,81" hai1="65,15,70,119,132,124,68,17,114,107,47,27,57" hai2="2,6,129,61,109,111,49,35,135,40,42,31,34" hai3="120,19,69,0,75,4,63,53,90,121,21,51,13"/><T113/><D113/><U45/><E114/><V32/><F129/><W72/><G90/><T96/><D125/><U118/><E107/><V33/><F135/><W39/><G39/><T84/><D44/><N who="1" m="16971" /><E15/><V74/><F74/><N who="3" m="28203" /><G51/><T112/><D112/><U46/><E17/><V130/><F49/><W134/><G134/><T115/><D115/><U59/><E27/><N who="2" m="18559" /><F130/><W116/><G116/><N who="1" m="44586" /><E132/><V85/><F85/><W12/><G53/><T106/><D106/><U92/><E92/><V22/><F22/><W43/><G43/><T131/><D102/><U54/><E124/><V50/><F50/><W86/><G86/><T18/><D87/><U127/><E127/><V108/><F61/><W123/><G0/><T3/><D3/><U8/><E8/><AGARI ba="2,0" hai="2,6,8,33,34,35,40,42,108,109,111" m="18559" machi="8" ten="40,8000,1" yaku="14,1,52,3" doraHai="122" who="2" fromWho="1" sc="473,0,180,-86,167,86,180,0" />
</Scene>
<Scene>
<INIT seed="1,0,0,1,5,1" ten="473,94,253,180" oya="1" hai0="33,89,80,67,128,7,129,40,91,66,116,53,46" hai1="43,101,48,10,25,36,90,117,60,97,112,59,32" hai2="87,31,47,56,27,35,135,19,21,134,34,30,84" hai3="124,58,123,77,93,9,13,55,17,28,114,0,52"/><U8/><E36/><V54/><F47/><W72/><G123/><T82/><D33/><N who="2" m="12298" /><F87/><W44/><G114/><T14/><D116/><U24/><E117/><V68/><F84/><W26/><G124/><T115/><D53/><U75/><E75/><V94/><F94/><W131/><G131/><T99/><D115/><U106/><E112/><V15/><F68/><W113/><G113/><T86/><D129/><U39/><E39/><V11/><F56/><W74/><G0/><T38/><D128/><U83/><E32/><V76/><F76/><W41/><G93/><T71/><D71/><U5/><E83/><V81/><F54/><W103/><G103/><T16/><D99/><U64/><E90/><V49/><F49/><W4/><G55/><T88/><D82/><U61/><E61/><V125/><F81/><W92/><G92/><T12/><D67/><U127/><E127/><V111/><F111/><W70/><G70/><T62/><D62/><U120/><E120/><V79/><F79/><W108/><G108/><T95/><D66/><U37/><E37/><V22/><F125/><W18/><G77/><T104/><D104/><U100/><E100/><V119/><F119/><W126/><G126/><T51/><D38/><U109/><E109/><V121/><F121/><W96/><G96/><T2/><D95/><U118/><E118/><V23/><F27/><N who="1" m="10313" /><E5/><V6/><F19/><N who="3" m="7179" /><G41/><T132/><D40/><U20/><E20/><N who="2" m="5123" /><V50/><DORA hai="65" /><F50/><N who="3" m="30999" /><G44/><T73/><D46/><U102/><E102/><V133/><AGARI ba="0,0" hai="6,11,15,30,31,133,134,135" m="5123,12298" machi="133" ten="50,8000,1" yaku="20,1,34,2,52,1" doraHai="1,65" who="2" fromWho="2" sc="473,-20,94,-40,253,80,180,-20" />
</Scene>
<Scene>
<INIT seed="2,0,0,1,3,50" ten="453,54,333,160" oya="2" hai0="48,123,2,37,51,97,124,3,13,34,5,17,111" hai1="135,73,15,115,40,42,30,61,125,66,71,21,108" hai2="9,56,103,80,16,133,67,82,0,90,79,132,117" hai3="44,12,31,55,43,18,92,62,52,54,35,134,25"/><V120/><F117/><W122/><G122/><T22/><D111/><U69/><E115/><V32/><F120/><W58/><G134/><N who="2" m="51817" /><F32/><W116/><G116/><T53/><D37/><U100/><E135/><V94/><F103/><W60/><G92/><T121/><D34/><U68/><E73/><V104/><F104/><W20/><REACH who="3" step="1"/><G62/><REACH who="3" ten="453,54,333,150" step="2"/><T59/><D123/><U85/><E108/><V65/><F94/><W1/><G1/><T39/><D121/><U4/><E125/><V106/><F0/><W129/><G129/><T64/><D124/><U131/><E131/><V86/><F106/><W98/><G98/><T91/><D2/><U76/><E100/><V41/><F41/><W10/><G10/><T83/><D3/><U27/><E71/><V96/><F96/><W118/><G118/><T49/><D97/><U63/><E69/><V72/><F56/><W93/><G93/><T88/><D59/><U36/><E63/><V95/><F95/><W107/><G107/><T6/><D83/><U87/><E68/><V38/><F38/><AGARI ba="0,1" hai="12,18,20,25,31,35,38,43,44,52,54,55,58,60" machi="38" ten="30,12000,2" yaku="1,1,7,1,52,3,54,1,53,0" doraHai="50" doraHaiUra="119" who="3" fromWho="2" sc="453,0,54,0,333,-120,150,130" />
</Scene>
<Scene>
<INIT seed="3,0,0,5,5,67" ten="453,54,213,280" oya="3" hai0="98,74,131,63,69,77,57,60,59,10,23,58,36" hai1="120,107,9,83,2,86,43,73,66,112,0,32,109" hai2="49,8,91,35,39,99,64,106,111,82,95,110,50" hai3="76,100,40,121,56,25,20,133,129,132,7,13,104"/><W124/><G121/><T128/><D36/><U65/><E112/><V54/><F35/><W3/><G40/><T71/><D10/><U113/><E73/><V17/><F39/><W41/><G41/><T14/><D98/><U45/><E113/><V87/><F106/><W53/><G3/><T105/><D105/><U79/><E120/><V68/><F50/><W102/><G76/><T117/><D117/><U29/><E107/><V94/><F94/><W30/><G124/><T33/><D33/><U114/><E114/><V93/><F93/><W108/><G104/><T103/><D103/><U96/><E109/><V61/><F17/><N who="3" m="10287" /><G7/><T38/><D38/><U16/><E96/><V6/><F8/><W97/><G97/><T26/><D14/><U51/><E32/><V119/><F6/><W24/><G129/><N who="0" m="49739" /><D74/><U81/><E29/><V80/><F119/><W115/><G115/><T48/><D48/><U28/><E28/><V22/><F22/><N who="3" m="15639" /><G25/><T126/><D77/><U37/><E37/><V116/><F116/><W42/><G42/><T75/><D75/><U125/><E125/><V72/><F72/><W135/><G108/><N who="2" m="41513" /><F99/><W122/><G122/><T4/><D4/><U52/><E43/><V55/><F55/><W85/><G85/><T118/><D118/><U12/><REACH who="1" step="1"/><E81/><REACH who="1" ten="453,44,213,280" step="2"/><V31/><F31/><W62/><AGARI ba="0,1" hai="53,56,62,100,102,132,133,135" m="15639,10287" machi="62" ten="30,1500,0" yaku="20,1" doraHai="67" who="3" fromWho="3" sc="453,-5,44,-5,213,-5,280,25" />
</Scene>
<Scene>
<INIT seed="3,1,0,3,4,21" ten="448,39,208,305" oya="3" hai0="132,115,25,121,44,117,64,3,96,74,88,104,65" hai1="91,18,19,50,46,39,33,106,75,122,12,22,23" hai2="90,60,101,55,14,68,70,54,100,42,89,15,118" hai3="130,52,79,26,63,53,84,17,6,111,35,58,135"/><W102/><G6/><T38/><D121/><U113/><E122/><V81/><F42/><W41/><G41/><T61/><D117/><U110/><E113/><V95/><F60/><W131/><G102/><T87/><D74/><U31/><E39/><V4/><F4/><W80/><G135/><T72/><D72/><U37/><E37/><V45/><F95/><W126/><G126/><T97/><D3/><U93/><E106/><V86/><F86/><W82/><G82/><T83/><D115/><U134/><E75/><V0/><F81/><W47/><G111/><T85/><D85/><U34/><E110/><V73/><F73/><W56/><G47/><T59/><D132/><U36/><E36/><V112/><F45/><W1/><G1/><T62/><D104/><U67/><E31/><V57/><F0/><W133/><G133/><T8/><D8/><U123/><E67/><V7/><F7/><W71/><G71/><T125/><D125/><U48/><E134/><V51/><F112/><W99/><G99/><T27/><D44/><U32/><E123/><V2/><F2/><W49/><REACH who="3" step="1"/><G17/><REACH who="3" ten="448,39,208,295" step="2"/><T116/><D116/><U129/><E129/><V29/><F118/><W11/><G11/><T128/><D128/><U105/><E46/><V98/><F98/><N who="0" m="37994" /><D38/><U69/><E69/><V77/><F70/><W16/><G16/><T78/><D59/><U103/><E103/><V108/><F68/><W76/><G76/><T43/><D43/><U66/><E105/><V107/><F107/><W30/><AGARI ba="1,1" hai="26,30,35,49,52,53,56,58,63,79,80,84,130,131" machi="30" ten="30,11700,0" yaku="1,1,0,1,52,1,54,1,53,0" doraHai="21" doraHaiUra="40" who="3" fromWho="3" sc="448,-40,39,-40,208,-40,295,130" owari="408,21.0,-1,-50.0,168,-23.0,425,52.0" />
</Scene>
</mjloggm>