<mjloggm ver="2.3"><GO type="169" lobby="0"/><UN n0="%E6%B0%97%E6%A5%BD%E3%81%AB%E6%89%93%E3%81%A4" n1="%E3%83%88%E3%82%B7%E3%83%95%E3%83%BC%E3%83%8B" n2="%E3%81%A4%E3%81%B0%E3%81%8D%E3%81%A1%30%33" n3="%41%53%41%50%49%4E" dan="16,16,17,19" rate="2154.70,2046.79,2177.45,2269.80" sx="M,M,M,M"/><TAIKYOKU oya="0"/>

<Scene>
<INIT seed="0,0,0,2,4,49" ten="250,250,250,250" oya="0" hai0="1,8,51,68,69,22,131,117,61,80,30,112,98" hai1="104,66,94,101,124,44,134,107,105,10,109,41,125" hai2="12,60,85,17,75,130,58,53,133,78,33,92,129" hai3="72,126,128,113,24,116,120,6,73,52,7,0,34"/><T67/><D67/><U108/><E66/><V28/><F133/><W55/><G113/><T65/><D65/><U89/><E10/><V16/><F75/><W56/><G116/><T115/><D115/><U14/><E14/><V3/><F3/><W71/><G71/><T19/><D19/><U36/><E134/><V64/><F28/><W87/><G0/><T88/><D88/><U15/><E15/><V35/><F64/><W59/><G34/><T82/><D82/><U100/><E44/><V13/><F78/><W20/><G20/><T93/><D112/><U103/><E36/><V63/><F92/><W70/><G87/><T135/><D117/><U119/><E41/><V62/><F85/><W2/><G2/><T4/><D135/><U25/><E25/><V102/><F102/><W111/><G24/><N who="0" m="16663" /><D80/><U110/><E119/><V26/><F26/><W37/><G70/><N who="0" m="27243" /><D61/><N who="2" m="23658" /><F13/><W97/><G73/><T84/><D84/><AGARI ba="0,0" hai="84,89,94,100,101,103,104,105,107,108,109,110,124,125" machi="84" ten="60,12000,2" yaku="29,2,14,1,34,3" doraHai="49" who="1" fromWho="0" sc="250,-120,250,120,250,0,250,0" />
</Scene>
<Scene>
<INIT seed="1,0,0,5,3,43" ten="130,370,250,250" oya="1" hai0="7,29,31,13,109,46,32,77,62,47,68,52,120" hai1="132,111,126,35,39,50,51,102,76,55,74,84,20" hai2="63,87,90,60,26,101,56,117,89,129,118,135,100" hai3="128,91,25,40,34,123,96,28,79,115,36,0,86"/><U108/><E35/><V6/><F6/><W17/><G115/><T30/><D109/><N who="1" m="42059" /><E39/><V103/><F135/><W82/><G123/><T38/><D120/><U104/><E132/><V1/><F1/><W122/><G122/><T65/><D77/><U71/><E71/><V3/><F3/><W116/><G128/><T59/><D32/><U113/><E113/><V18/><F129/><W4/><G116/><T72/><D72/><U58/><E74/><V88/><F87/><W5/><G0/><T23/><D38/><U12/><E126/><V22/><REACH who="2" step="1"/><F56/><REACH who="2" ten="130,370,240,250" step="2"/><W98/><G4/><T80/><D80/><U124/><E84/><V24/><F24/><W10/><G17/><T44/><D68/><U41/><E124/><V73/><F73/><W106/><G25/><T61/><D61/><AGARI ba="0,1" hai="18,22,26,60,61,63,88,89,90,100,101,103,117,118" machi="61" ten="40,2600,0" yaku="1,1,54,1,53,0" doraHai="43" doraHaiUra="53" who="2" fromWho="0" sc="130,-26,370,0,240,36,250,0" />
</Scene>
<Scene>
<INIT seed="2,0,0,2,1,101" ten="104,370,276,250" oya="2" hai0="129,68,21,122,64,34,13,37,78,46,110,14,41" hai1="45,80,6,33,79,35,49,102,82,9,112,8,104" hai2="58,99,100,96,11,133,91,103,30,75,29,26,88" hai3="108,60,105,62,56,57,2,55,120,40,65,25,44"/><V54/><F75/><W52/><G2/><T123/><D110/><U24/><E112/><V77/><F77/><W128/><G108/><T116/><D129/><U106/><E102/><N who="2" m="38955" /><F133/><W76/><G76/><T61/><D34/><U132/><E132/><V28/><F11/><W134/><G134/><T121/><D116/><U95/><E95/><V117/><F26/><W18/><G128/><T97/><D97/><N who="2" m="37450" /><F117/><W27/><G120/><T73/><REACH who="0" step="1"/><D21/><REACH who="0" ten="94,370,276,250" step="2"/><U38/><E33/><V115/><F115/><W93/><G62/><AGARI ba="0,1" hai="28,29,30,54,58,62,88,91" m="37450,38955" machi="62" ten="30,2900,0" yaku="8,1,54,1" doraHai="101" who="2" fromWho="3" sc="94,0,370,0,276,39,250,-29" />
</Scene>
<Scene>
<INIT seed="2,1,0,5,5,104" ten="94,370,315,221" oya="2" hai0="29,56,81,63,99,2,8,15,116,19,61,77,118" hai1="129,114,110,103,74,108,96,36,115,37,70,126,17" hai2="22,38,80,113,32,20,24,14,28,23,21,3,39" hai3="49,58,69,107,94,31,130,62,73,52,127,125,50"/><V121/><F121/><W87/><G107/><T76/><D29/><U34/><E17/><N who="2" m="10295" /><F80/><W120/><G120/><T48/><D2/><U72/><E34/><V45/><F45/><W68/><G31/><T46/><D99/><U135/><E70/><N who="3" m="27242" /><G87/><T91/><D91/><U16/><E16/><N who="2" m="12327" /><F39/><N who="1" m="14921" /><E135/><V106/><F38/><W79/><G94/><T112/><D112/><N who="1" m="43051" /><E129/><V100/><F100/><W51/><G130/><T53/><D76/><U13/><E13/><V7/><F106/><W67/><G79/><T12/><D15/><U133/><E133/><V119/><F119/><N who="0" m="45610" /><D46/><U27/><E27/><N who="2" m="18463" /><F113/><W6/><G73/><AGARI ba="1,0" hai="8,12,19,48,53,56,61,63,73,77,81" m="45610" machi="73" ten="30,2000,0" yaku="12,1,52,1" doraHai="104" who="0" fromWho="3" sc="94,23,370,0,315,0,221,-23" />
</Scene>
<Scene>
<INIT seed="3,0,0,0,3,120" ten="117,370,315,198" oya="3" hai0="33,2,99,61,56,111,47,26,62,25,27,116,11" hai1="37,100,102,8,65,71,58,21,20,76,72,88,101" hai2="19,59,63,28,64,90,39,31,87,121,49,129,128" hai3="57,29,106,127,104,114,69,52,22,98,134,44,60"/><W93/><G114/><T6/><D116/><U17/><E71/><V131/><F39/><W83/><G134/><T68/><D47/><U34/><E34/><V135/><F135/><W125/><G69/><T126/><D126/><N who="3" m="48137" /><G29/><T5/><D5/><U119/><E37/><V54/><F19/><W15/><G83/><T46/><D46/><U79/><E119/><V14/><F14/><W117/><G117/><T41/><D41/><U91/><E8/><V103/><F103/><W110/><G110/><T96/><D33/><U48/><E21/><V85/><F121/><W130/><G130/><T133/><D133/><U66/><E72/><V4/><F4/><W107/><G44/><T12/><D2/><U92/><E91/><V35/><F90/><N who="3" m="55607" /><G15/><T115/><D115/><U75/><E75/><V32/><F32/><W7/><G22/><T73/><D73/><U77/><E48/><V82/><F82/><W3/><G7/><T94/><D111/><U30/><E58/><N who="2" m="33103" /><F31/><W86/><G86/><T89/><D68/><U40/><E30/><V9/><F9/><W113/><G113/><T24/><N who="0" m="6656" /><DORA hai="1" /><T108/><D108/><U132/><E132/><V123/><F123/><W51/><G51/><T23/><D23/><U112/><E112/><V109/><F109/><W45/><G45/><T81/><D81/><U74/><E74/><V18/><F18/><W122/><G122/><T67/><REACH who="0" step="1"/><D62/><REACH who="0" ten="107,370,315,198" step="2"/><U0/><E0/><AGARI ba="0,1" hai="0,3,52,57,60,104,106,107" m="55607,48137" machi="0" ten="40,3900,0" yaku="18,1,54,1" doraHai="120,1" who="3" fromWho="1" sc="107,0,370,-39,315,0,198,49" />
</Scene>
<Scene>
<INIT seed="3,1,0,3,4,97" ten="107,331,315,247" oya="3" hai0="36,86,135,63,82,1,46,121,98,26,59,0,6" hai1="32,116,96,33,107,39,56,72,51,42,16,2,7" hai2="66,29,110,120,79,68,65,38,104,91,119,74,10" hai3="3,113,14,127,71,28,48,61,88,76,52,25,95"/><W54/><G113/><T102/><D121/><U93/><E107/><V122/><F38/><W89/><G3/><T18/><D135/><U37/><E72/><V132/><F29/><W92/><G127/><T117/><D117/><U27/><E116/><V100/><F68/><W20/><G76/><T115/><D115/><U41/><E2/><V62/><F62/><W103/><G14/><T83/><D36/><U131/><E7/><V9/><F132/><W44/><G71/><T87/><D46/><U77/><E77/><V15/><F79/><W70/><G70/><T114/><D114/><U84/><E131/><V106/><F15/><W17/><G28/><T126/><D126/><U128/><E128/><V47/><F47/><W109/><G109/><T94/><D86/><U75/><E75/><V108/><F74/><W134/><G134/><T4/><D0/><U22/><E84/><V57/><F91/><N who="3" m="34891" /><G103/><T130/><D130/><U101/><E39/><V64/><F119/><W58/><AGARI ba="1,0" hai="17,20,25,44,48,52,54,58,61,92,95" m="34891" machi="58" ten="30,6000,0" yaku="8,1,54,2" doraHai="97" who="3" fromWho="3" sc="107,-21,331,-21,315,-21,247,63" />
</Scene>
<Scene>
<INIT seed="3,2,0,4,5,65" ten="86,310,294,310" oya="3" hai0="29,23,125,102,14,106,19,36,82,118,2,100,86" hai1="105,48,18,72,61,21,49,8,91,81,111,95,96" hai2="122,42,109,108,116,63,70,50,43,1,103,32,12" hai3="129,104,121,124,53,4,26,69,80,87,101,113,46"/><W51/><G113/><T7/><D118/><U33/><E33/><V83/><F1/><W119/><G119/><T25/><D125/><U37/><E37/><V127/><F116/><W131/><G121/><T58/><D36/><U120/><E120/><V6/><F32/><W67/><G124/><T54/><D2/><U44/><E111/><N who="2" m="42571" /><F103/><W75/><G75/><T92/><D7/><U66/><E105/><V114/><F114/><W132/><G132/><T28/><D106/><U117/><E117/><V16/><F6/><W13/><G26/><T78/><D92/><U98/><E8/><N who="2" m="6151" /><F127/><W134/><G134/><T135/><D135/><U73/><E98/><V107/><F107/><W94/><G104/><T112/><D112/><U45/><E81/><V34/><F34/><W115/><G115/><T57/><D57/><N who="1" m="37167" /><E73/><V88/><F50/><N who="1" m="19561" /><E72/><V84/><F122/><W10/><G94/><T24/><D24/><AGARI ba="2,0" hai="18,21,24,44,45,91,95,96" m="19561,37167" machi="24" ten="30,1000,0" yaku="8,1" doraHai="65" who="1" fromWho="0" sc="86,-16,310,16,294,0,310,0" />
</Scene>
<Scene>
<INIT seed="4,0,0,5,0,122" ten="70,326,294,310" oya="0" hai0="128,4,13,121,79,131,78,49,5,123,19,56,33" hai1="64,99,60,0,74,36,124,42,102,24,110,72,59" hai2="15,62,8,1,118,125,86,31,103,70,81,52,104" hai3="53,54,30,18,69,2,66,94,48,93,40,129,22"/><T20/><D56/><U95/><E0/><V16/><F125/><W84/><G2/><T32/><D49/><U17/><E124/><V133/><F133/><W134/><G134/><T44/><D44/><U77/><E110/><V111/><F111/><W67/><G129/><N who="0" m="49739" /><D78/><U90/><E77/><V68/><F31/><W50/><G30/><T105/><D105/><U21/><E36/><V98/><F1/><W61/><G40/><T63/><D63/><U45/><E45/><V3/><F3/><W130/><G130/><T82/><D82/><U109/><E109/><V27/><F27/><W6/><G6/><N who="0" m="2667" /><D79/><U35/><E42/><V58/><REACH who="2" step="1"/><F118/><REACH who="2" ten="70,326,284,310" step="2"/><W10/><G69/><T41/><D41/><U87/><REACH who="1" step="1"/><E35/><AGARI ba="0,1" hai="13,19,20,32,33,35,121,123" m="2667,49739" machi="35" ten="30,5800,0" yaku="19,1,34,2" doraHai="122" who="0" fromWho="1" sc="70,68,326,-58,284,0,310,0" />
</Scene>
<Scene>
<INIT seed="4,1,0,1,3,22" ten="138,268,284,310" oya="0" hai0="46,62,103,132,44,127,118,48,82,65,123,24,75" hai1="10,2,9,83,18,76,54,126,51,101,17,94,84" hai2="13,102,43,79,111,67,74,134,32,117,47,37,19" hai3="89,120,135,8,35,88,60,78,45,20,30,128,31"/><T107/><D123/><U0/><E126/><V66/><F111/><W11/><G120/><T87/><D118/><U115/><E115/><V28/><F102/><W53/><G35/><T57/><D127/><U39/><E39/><V119/><F134/><W80/><G135/><T41/><D132/><U26/><E2/><V85/><F74/><W130/><G8/><N who="1" m="3178" /><E0/><V109/><F109/><W92/><G11/><T33/><D75/><U114/><E114/><V81/><F19/><W25/><G31/><T58/><D103/><U38/><E38/><V5/><F13/><W104/><G104/><T90/><D107/><U68/><E68/><V99/><F99/><W61/><G45/><T106/><D106/><U125/><E125/><V86/><F5/><W52/><G61/><T50/><D33/><U97/><E26/><N who="2" m="18455" /><F86/><N who="3" m="52247" /><G89/><T110/><D110/><U23/><E23/><V100/><F100/><W96/><G96/><T59/><REACH who="0" step="1"/><D24/><REACH who="0" ten="128,268,284,310" step="2"/><U34/><E34/><V131/><F131/><W133/><G133/><T56/><D56/><AGARI ba="1,1" hai="17,18,51,54,56,76,83,84,94,97,101" m="3178" machi="56" ten="30,1000,0" yaku="8,1" doraHai="22" who="1" fromWho="0" sc="128,-13,268,23,284,0,310,0" />
</Scene>
<Scene>
<INIT seed="5,0,0,2,5,105" ten="115,291,284,310" oya="1" hai0="134,88,118,85,32,46,5,110,62,13,33,130,84" hai1="27,57,117,113,14,91,15,90,26,86,52,43,19" hai2="108,44,128,6,98,53,10,122,103,20,109,69,106" hai3="89,116,54,125,49,100,9,30,67,123,132,18,31"/><U64/><E117/><V25/><F122/><W87/><G123/><T45/><D118/><U65/><E113/><V37/><F69/><W58/><G116/><T83/><D134/><U16/><E43/><V61/><F128/><W115/><G115/><T66/><D110/><U34/><E34/><V29/><F61/><N who="3" m="38327" /><G100/><T120/><D120/><U47/><E47/><V59/><F59/><N who="3" m="33231" /><G125/><T107/><D107/><U81/><E91/><V21/><F21/><W111/><G111/><T104/><D104/><U23/><E64/><V68/><F68/><W22/><G9/><T38/><D130/><U75/><E65/><V93/><F106/><W56/><G56/><T79/><D32/><U133/><E75/><V42/><REACH who="2" step="1"/><F53/><REACH who="2" ten="115,291,274,310" step="2"/><W7/><G132/><T72/><D33/><U101/><E133/><V92/><F92/><N who="3" m="54335" /><G7/><T121/><D121/><U96/><E101/><V129/><F129/><W0/><G0/><AGARI ba="0,1" hai="0,6,10,20,25,29,37,42,44,93,98,103,108,109" machi="0" ten="30,3900,0" yaku="1,1,7,1,53,1" doraHai="105" doraHaiUra="3" who="2" fromWho="3" sc="115,0,291,0,274,49,310,-39" />
</Scene>
<Scene>
<INIT seed="6,0,0,5,0,90" ten="115,291,323,271" oya="2" hai0="79,17,33,58,76,14,37,81,47,25,95,116,110" hai1="59,114,77,52,42,88,129,3,50,75,112,84,73" hai2="120,100,92,43,65,109,71,91,61,51,93,102,15" hai3="41,24,125,74,7,69,36,35,2,111,49,38,4"/><V103/><F120/><W105/><G111/><T9/><D110/><U67/><E129/><V45/><F109/><W28/><G74/><T134/><D134/><U99/><E3/><V78/><F78/><W16/><G69/><T21/><D116/><U18/><E42/><V34/><F34/><W106/><G125/><T121/><D121/><U135/><E135/><V22/><F22/><W96/><G49/><T27/><D37/><U23/><E67/><V82/><REACH who="2" step="1"/><F15/><REACH who="2" ten="115,291,313,271" step="2"/><W130/><G35/><T39/><D33/><U13/><E77/><V122/><F122/><W63/><G2/><T53/><D76/><U132/><E132/><V12/><F12/><W104/><G130/><T48/><D95/><N who="1" m="54663" /><E99/><V70/><F70/><W40/><G96/><T128/><D128/><U94/><E94/><V85/><AGARI ba="0,1" hai="43,45,51,61,65,71,82,85,91,92,93,100,102,103" machi="85" ten="30,11700,0" yaku="1,1,0,1,52,2,53,0" doraHai="90" doraHaiUra="124" who="2" fromWho="2" sc="115,-39,291,-39,313,127,271,-39" />
</Scene>
<Scene>
<INIT seed="6,1,0,3,5,134" ten="76,252,440,232" oya="2" hai0="6,56,64,15,79,67,14,16,48,34,65,132,128" hai1="42,86,24,75,36,97,73,96,2,21,116,33,9" hai2="123,51,44,103,61,49,11,31,120,111,126,25,35" hai3="118,80,101,92,82,130,47,83,53,30,81,105,109"/><V117/><F117/><W89/><G109/><T52/><D132/><U37/><E33/><V114/><F114/><W71/><G118/><T99/><D34/><U124/><E116/><V110/><F103/><W85/><G71/><T122/><D122/><U72/><E86/><V135/><F61/><W68/><G68/><T90/><D128/><U12/><E2/><V93/><F93/><W112/><G30/><T94/><D79/><U106/><E124/><V23/><F126/><W69/><G69/><T70/><D70/><U10/><E10/><V5/><F35/><W58/><G130/><T26/><REACH who="0" step="1"/><D6/><REACH who="0" ten="66,252,440,232" step="2"/><U74/><E106/><V20/><F135/><W104/><G105/><T59/><D59/><U66/><E75/><V91/><F123/><W63/><G104/><T43/><D43/><U129/><E74/><V102/><F5/><W77/><G112/><T41/><D41/><U87/><E73/><V39/><F120/><W115/><G115/><T127/><D127/><U7/><E72/><V40/><F40/><W95/><G47/><T78/><D78/><U3/><E42/><V131/><F44/><W4/><G4/><T29/><D29/><U13/><E129/><V60/><F31/><W107/><G77/><T45/><D45/><U76/><E37/><V55/><F39/><W1/><G1/><T46/><D46/><U8/><E36/><V18/><F131/><W54/><G107/><T98/><D98/><U32/><E96/><V0/><F0/><W84/><G84/><T19/><D19/><U62/><E87/><V125/><F18/><W57/><G85/><RYUUKYOKU ba="1,1" sc="66,30,252,-10,440,-10,232,-10" hai0="14,15,16,26,48,52,56,64,65,67,90,94,99" />
</Scene>
<Scene>
<INIT seed="7,2,1,2,5,113" ten="96,242,430,222" oya="3" hai0="1,26,90,104,18,118,84,75,62,131,27,128,8" hai1="79,13,127,103,51,122,24,66,6,30,102,63,5" hai2="12,54,80,16,135,92,134,119,50,25,68,57,111" hai3="93,126,36,101,115,81,86,70,76,23,0,85,106"/><W125/><G70/><T15/><D75/><U130/><E122/><V133/><F119/><W121/><G36/><T77/><D104/><U37/><E37/><V29/><F80/><W34/><G34/><T73/><D1/><U42/><E130/><V89/><F68/><W117/><G0/><T67/><D73/><U74/><E127/><N who="3" m="48650" /><G121/><T7/><D77/><U49/><E79/><V112/><F112/><W2/><G2/><T56/><D7/><U60/><E74/><V61/><F111/><W120/><G120/><T47/><D118/><U59/><E60/><V48/><F92/><W41/><G41/><T132/><D132/><U123/><E123/><V10/><F89/><N who="3" m="53431" /><G23/><AGARI ba="2,1" hai="10,12,16,23,25,29,48,50,54,57,61,133,134,135" machi="23" ten="40,2600,0" yaku="20,1,54,1" doraHai="113" who="2" fromWho="3" sc="96,0,242,0,430,42,222,-32" owari="96,-40.0,242,4.0,472,57.0,190,-21.0" />
</Scene>
</mjloggm>