<mjloggm ver="2.3"><GO type="169"/><UN n0="%41%53%41%50%49%4E" n1="%43%52%41%57%4C" n2="%EF%BC%BC%28%EF%BC%BE%6F%EF%BC%BE%29%EF%BC%8F%E2%98%85" n3="%E6%9D%B1%E5%8D%97" dan="19,16,18,17" rate="2210,2045,2230,2085" sx="M,M,M,M"/><TAIKYOKU oya="0"/>

<Scene>
<INIT seed="0,0,0,4,0,84" ten="250,250,250,250" oya="0" hai0="118,34,91,133,111,39,17,41,14,30,79,42,65" hai1="94,31,122,55,26,125,20,86,73,92,95,105,36" hai2="54,56,8,48,66,49,88,35,115,64,13,108,47" hai3="101,51,93,72,113,3,76,58,2,124,74,80,117"/><T116/><D133/><U97/><E122/><V128/><F115/><W81/><G113/><T5/><D5/><U90/><E73/><V38/><F128/><W68/><G68/><T130/><D130/><U0/><E36/><V114/><F38/><W75/><G117/><T29/><D79/><U40/><E40/><V22/><F35/><W69/><G69/><T85/><D65/><U134/><E0/><V52/><F114/><W123/><G123/><T16/><D111/><U33/><E134/><V7/><F108/><W119/><G119/><T71/><D71/><U77/><E125/><V110/><F110/><W112/><G124/><T120/><D120/><U129/><E129/><V11/><F22/><W96/><G112/><T4/><D4/><U60/><E33/><V9/><F9/><W98/><G98/><T109/><D109/><U132/><E132/><V6/><REACH who="2" step="1"/><F88/><REACH who="2" ten="250,250,240,250" step="2"/><W12/><G76/><T107/><D39/><U131/><E131/><V45/><F45/><W67/><G81/><T32/><D91/><U1/><E77/><V23/><F23/><W37/><G80/><T103/><D34/><U121/><E121/><V15/><AGARI ba="0,1" hai="6,7,8,11,13,15,47,48,49,52,54,56,64,66" machi="15" ten="20,12000,2" yaku="1,1,0,1,7,1,9,1,8,1,54,1,53,0" doraHai="84" doraHaiUra="70" who="2" fromWho="2" sc="250,-60,250,-30,240,130,250,-30" />
</Scene>
<Scene>
<INIT seed="1,0,0,1,4,28" ten="190,220,370,220" oya="1" hai0="114,31,36,98,119,90,37,102,43,47,122,109,85" hai1="2,132,61,24,23,108,17,124,32,22,97,130,86" hai2="104,113,26,49,76,103,5,81,54,74,30,73,29" hai3="6,25,42,62,66,58,18,48,134,111,106,65,57"/><U51/><E2/><V39/><F39/><W56/><G106/><T115/><D119/><U14/><E130/><V126/><F113/><W21/><G134/><T89/><D122/><U129/><E132/><V63/><F126/><W27/><G111/><T33/><D109/><U131/><E108/><V50/><F30/><W118/><G118/><T84/><D37/><U34/><E124/><V12/><F73/><W128/><G128/><N who="1" m="49226" /><E61/><V101/><F63/><W40/><G6/><T75/><D75/><U105/><E86/><V38/><F38/><W69/><G66/><T120/><D120/><U87/><E87/><V121/><F121/><W20/><G48/><T133/><D133/><U8/><E51/><V53/><F104/><W110/><G110/><T80/><D102/><N who="1" m="62671" /><E23/><V72/><F72/><W46/><G46/><T77/><D98/><U7/><AGARI ba="0,0" hai="7,8,14,17,22,24,32,34" m="62671,49226" machi="7" ten="30,6000,0" yaku="19,1,52,2" doraHai="28" who="1" fromWho="1" sc="190,-20,220,60,370,-20,220,-20" />
</Scene>
<Scene>
<INIT seed="1,1,0,4,3,34" ten="170,280,350,200" oya="1" hai0="31,18,85,39,78,130,102,50,0,76,132,24,9" hai1="79,91,6,26,71,115,109,128,68,125,135,108,99" hai2="12,97,29,96,120,112,111,13,55,41,66,45,75" hai3="129,59,21,63,25,92,86,28,7,5,36,70,33"/><U73/><E115/><V113/><F75/><W67/><G36/><T72/><D39/><U82/><E128/><V126/><F120/><W131/><G33/><T100/><D130/><U74/><E135/><V38/><F111/><N who="1" m="42569" /><E125/><V94/><F126/><W83/><G70/><N who="1" m="26666" /><E26/><V77/><F94/><W107/><G107/><T32/><D132/><U134/><E134/><V87/><F66/><W10/><G7/><T1/><D72/><N who="1" m="43367" /><E6/><V106/><F29/><W37/><G37/><T127/><D127/><U90/><E90/><V15/><F38/><W8/><G5/><T98/><D76/><U119/><E119/><V54/><F77/><W53/><G131/><T19/><D78/><U104/><E104/><V57/><F106/><W58/><G129/><T61/><D24/><U60/><E60/><V42/><F113/><W44/><G63/><T133/><D61/><U124/><E124/><V65/><F112/><W116/><G25/><T27/><D133/><U46/><E46/><V23/><F45/><W81/><G44/><T69/><D27/><U122/><E122/><V89/><F89/><W3/><G28/><T110/><D31/><U56/><E56/><V101/><F57/><W49/><G58/><T4/><D69/><U35/><E35/><V64/><F101/><W84/><G59/><T88/><D32/><U62/><E62/><V11/><F65/><W47/><G67/><T30/><D110/><U22/><E22/><V17/><F23/><W80/><G21/><T16/><D30/><U52/><E52/><V51/><F64/><W118/><G116/><T105/><D100/><RYUUKYOKU ba="1,0" sc="170,-10,280,30,350,-10,200,-10" hai1="73,74,91,99" />
</Scene>
<Scene>
<INIT seed="1,2,0,3,1,10" ten="160,310,340,190" oya="1" hai0="20,89,134,40,32,66,119,16,75,51,29,116,22" hai1="130,37,113,48,127,98,7,52,108,133,64,26,95" hai2="125,109,18,80,53,90,43,9,35,85,68,24,73" hai3="124,105,21,112,71,45,126,106,62,135,59,92,39"/><U33/><E113/><V8/><F68/><W79/><G92/><T81/><D134/><U102/><E37/><V55/><F109/><W94/><G112/><T50/><D22/><U111/><E133/><V17/><F125/><N who="3" m="48235" /><G135/><T63/><D29/><N who="1" m="19639" /><E127/><V91/><F73/><W6/><G6/><T13/><D32/><U49/><E130/><V61/><F43/><N who="3" m="22783" /><G71/><T100/><D100/><U4/><E4/><V77/><F35/><W120/><G120/><T14/><D14/><U28/><E7/><V114/><F114/><W31/><G94/><T121/><D121/><U110/><E28/><V87/><F24/><N who="3" m="16783" /><G79/><T97/><D97/><U118/><E64/><AGARI ba="2,0" hai="59,62,64,105,106" m="16783,22783,48235" machi="64" ten="30,1000,0" yaku="18,1" doraHai="10" who="3" fromWho="1" sc="160,0,310,-16,340,0,190,16" />
</Scene>
<Scene>
<INIT seed="2,0,0,2,5,44" ten="160,294,340,206" oya="2" hai0="85,68,110,66,38,84,122,8,95,1,71,105,93" hai1="13,28,65,46,75,45,27,49,106,47,77,119,79" hai2="10,121,25,63,21,78,5,39,6,90,29,69,34" hai3="56,133,124,19,42,18,92,127,80,125,35,126,99"/><V98/><F121/><W67/><G35/><T88/><D122/><U53/><E119/><V54/><F39/><W129/><G42/><T36/><D105/><U89/><E106/><V31/><F78/><W62/><G80/><T30/><D110/><U97/><E65/><V82/><F6/><W59/><G133/><T24/><D8/><U118/><E118/><V116/><F116/><W64/><G129/><T20/><D1/><U87/><E75/><V135/><F135/><W2/><G2/><T115/><D115/><U51/><E97/><V58/><F69/><W41/><G41/><T103/><D103/><U48/><E13/><V130/><F130/><W33/><G33/><T22/><D22/><N who="1" m="15479" /><E53/><V120/><F120/><W32/><G32/><T101/><D101/><U117/><E117/><V7/><F34/><W74/><G74/><T102/><D102/><U134/><E134/><V96/><F31/><W83/><G83/><AGARI ba="0,0" hai="45,46,47,48,49,51,77,79,83,87,89" m="15479" machi="83" ten="30,7700,0" yaku="8,1,52,3" doraHai="44" who="1" fromWho="3" sc="160,0,294,77,340,0,206,-77" />
</Scene>
<Scene>
<INIT seed="3,0,0,2,5,120" ten="160,371,340,129" oya="3" hai0="118,102,33,61,99,11,115,60,57,9,65,5,29" hai1="135,105,108,100,7,16,80,43,66,87,75,91,124" hai2="119,130,18,49,10,58,125,35,92,110,76,63,114" hai3="48,109,113,101,107,20,1,22,68,50,122,116,131"/><W55/><G122/><T81/><D118/><U71/><E7/><V15/><F114/><W89/><G116/><T86/><D115/><U27/><E135/><V93/><F119/><W25/><G113/><T45/><D33/><U117/><E117/><V84/><F35/><W6/><G68/><T56/><D29/><U38/><E124/><V132/><F132/><W26/><G131/><T39/><D5/><U46/><E75/><V8/><F130/><W52/><G89/><T42/><D86/><U123/><E123/><V37/><F37/><W44/><G6/><T98/><D81/><U95/><E105/><V62/><F125/><W40/><G1/><T14/><D14/><U72/><E72/><V32/><F32/><W47/><G40/><T97/><REACH who="0" step="1"/><D102/><REACH who="0" ten="150,371,340,129" step="2"/><U70/><E80/><V28/><F84/><W24/><G109/><T69/><D69/><U94/><E108/><V31/><F15/><W30/><G30/><T59/><D59/><U21/><E100/><V36/><F58/><W17/><G17/><T106/><D106/><U0/><E71/><V53/><F18/><W73/><G73/><T129/><D129/><U90/><E70/><V13/><F31/><W121/><G121/><T103/><D103/><U23/><E16/><V111/><F13/><W133/><G133/><T112/><D112/><U12/><E12/><V127/><F28/><W78/><G78/><T83/><D83/><U82/><E82/><V104/><F76/><W51/><G101/><T34/><D34/><U126/><E126/><V77/><F111/><W4/><G4/><T2/><D2/><RYUUKYOKU ba="0,1" sc="150,30,371,-10,340,-10,129,-10" hai0="9,11,39,42,45,56,57,60,61,65,97,98,99" />
</Scene>
<Scene>
<INIT seed="4,1,1,5,5,115" ten="180,361,330,119" oya="0" hai0="84,33,74,120,23,122,28,79,3,129,35,114,100" hai1="77,50,73,62,42,83,43,49,72,10,13,2,99" hai2="11,26,86,66,121,117,96,130,118,54,12,36,51" hai3="34,82,6,102,7,16,15,46,135,78,93,125,126"/><T45/><D3/><U112/><E2/><V58/><F121/><W119/><G34/><T18/><D74/><U128/><E128/><V111/><F111/><W48/><G135/><T30/><D114/><U17/><E112/><V32/><F36/><W92/><G119/><T39/><D129/><U47/><E72/><V105/><F130/><W63/><G63/><T75/><D75/><U87/><E62/><V0/><F0/><W56/><G56/><T20/><D100/><U94/><E73/><V53/><F66/><W21/><G126/><T22/><D18/><U9/><E9/><V1/><F1/><W109/><G109/><T52/><D84/><U40/><E50/><V110/><F110/><W69/><G69/><T127/><D79/><U85/><E85/><V101/><F54/><W108/><G125/><T64/><D127/><U97/><E97/><V59/><F59/><W107/><G107/><T19/><D19/><U14/><E14/><V95/><F26/><W132/><G132/><T24/><D64/><U38/><E38/><V89/><REACH who="2" step="1"/><F32/><REACH who="2" ten="180,361,320,119" step="2"/><W65/><G65/><T67/><D67/><U61/><E61/><V41/><F41/><W8/><G108/><T106/><D52/><U71/><E71/><V60/><F60/><W80/><G48/><T25/><D106/><U29/><E43/><AGARI ba="1,2" hai="20,22,23,24,25,28,30,33,35,39,43,45,120,122" machi="43" ten="40,2000,0" yaku="9,1" doraHai="115" who="0" fromWho="1" sc="180,43,361,-23,320,0,119,0" />
</Scene>
<Scene>
<INIT seed="4,2,0,3,3,91" ten="223,338,320,119" oya="0" hai0="51,93,65,79,15,63,118,130,135,96,102,55,122" hai1="77,83,106,84,95,119,29,52,97,40,121,131,99" hai2="33,5,75,100,12,69,114,133,2,76,73,127,58" hai3="129,27,67,120,85,116,7,16,41,43,109,57,47"/><T26/><D118/><U115/><E119/><V10/><F69/><W23/><G116/><T88/><D122/><U74/><E121/><V6/><F33/><W86/><G120/><T8/><D130/><U70/><E70/><V25/><F133/><W53/><G109/><T38/><D38/><U21/><E40/><V36/><F36/><W108/><G129/><T113/><D135/><U87/><E131/><V11/><F114/><W134/><G108/><T123/><D123/><U45/><E115/><V124/><F25/><W82/><G7/><T66/><D113/><U62/><E106/><V68/><F68/><W49/><G134/><T39/><D39/><U72/><E74/><V17/><F76/><W44/><G86/><T37/><D37/><U31/><E72/><V1/><F58/><W64/><G41/><T80/><D26/><N who="1" m="16591" /><E31/><V101/><F12/><W110/><G110/><T103/><D79/><U50/><E62/><V19/><AGARI ba="2,0" hai="1,2,5,6,10,11,17,19,73,75,100,101,124,127" machi="19" ten="25,3200,0" yaku="0,1,22,2" doraHai="91" who="2" fromWho="2" sc="223,-18,338,-10,320,38,119,-10" />
</Scene>
<Scene>
<INIT seed="5,0,0,4,1,60" ten="205,328,358,109" oya="1" hai0="48,96,110,109,79,123,75,80,2,129,103,65,47" hai1="53,119,19,111,26,101,74,28,34,105,3,69,78" hai2="8,61,71,91,112,115,16,76,114,102,36,72,49" hai3="14,5,107,37,125,22,73,10,85,54,56,92,42"/><U12/><E119/><V9/><F36/><W124/><G73/><T30/><D2/><U57/><E69/><V68/><F102/><W7/><G107/><T24/><D129/><U116/><E116/><V50/><F91/><W39/><G5/><T15/><D123/><U18/><E3/><V33/><F33/><W35/><G35/><T104/><D15/><U98/><E111/><V113/><F113/><W55/><G55/><T127/><D127/><U134/><E134/><V66/><F71/><W100/><G22/><T135/><D135/><U87/><E74/><V94/><F94/><W62/><G42/><T82/><D82/><U84/><E78/><V128/><F128/><W93/><G93/><T58/><D58/><U131/><E131/><V17/><F76/><W20/><G20/><T117/><D65/><U0/><E0/><V51/><F72/><W126/><REACH who="3" step="1"/><G85/><REACH who="3" ten="205,328,358,99" step="2"/><T46/><D117/><U83/><E87/><V41/><F41/><W77/><G77/><T32/><D47/><U86/><E84/><V23/><F17/><W6/><G6/><T133/><D133/><U13/><E19/><V21/><F21/><W132/><G132/><T97/><D96/><AGARI ba="0,1" hai="7,10,14,37,39,54,56,62,92,96,100,124,125,126" machi="96" ten="40,2600,0" yaku="1,1,18,1,53,0" doraHai="60" doraHaiUra="25" who="3" fromWho="0" sc="205,-26,328,0,358,0,99,36" />
</Scene>
<Scene>
<INIT seed="6,0,0,2,4,93" ten="179,328,358,135" oya="2" hai0="55,63,69,121,68,62,113,94,40,72,52,49,106" hai1="71,96,35,37,17,61,7,133,12,6,4,31,39" hai2="88,23,77,125,81,112,100,65,58,29,78,135,119" hai3="43,91,33,79,27,98,97,107,99,124,105,2,123"/><V24/><F119/><W92/><G2/><T10/><D106/><N who="3" m="40457" /><G27/><T20/><D72/><U120/><E133/><V26/><F135/><W101/><G33/><T19/><D121/><U8/><E120/><V57/><F112/><W3/><G43/><T41/><D113/><U84/><E35/><V73/><F125/><W32/><G32/><T117/><D117/><U75/><E31/><V104/><F78/><W5/><G5/><T18/><D94/><U127/><E75/><V131/><F131/><W134/><G3/><T126/><D49/><U56/><E71/><V89/><F26/><W60/><G60/><T70/><D10/><U22/><E127/><V80/><F65/><W111/><G134/><T59/><D126/><U108/><E108/><V45/><F45/><W53/><G53/><T46/><D20/><U51/><E51/><V54/><F58/><W118/><G124/><T15/><D15/><U25/><E84/><V76/><F57/><W42/><G42/><N who="0" m="16491" /><D19/><N who="1" m="8583" /><E37/><V122/><F54/><N who="0" m="20522" /><D18/><U36/><E39/><V128/><F122/><W13/><G13/><T132/><D46/><U130/><E36/><V1/><F1/><W28/><G123/><T21/><D21/><U74/><E74/><V114/><F73/><W90/><G118/><T64/><D132/><U95/><E6/><V110/><F114/><W47/><G47/><T50/><D50/><U38/><E38/><V86/><F24/><W87/><G111/><T109/><D109/><U16/><E17/><V11/><F110/><W67/><G28/><T9/><D9/><U14/><E4/><V116/><F29/><RYUUKYOKU ba="0,0" sc="179,30,328,-10,358,-10,135,-10" hai0="59,62,63,64,68,69,70" />
</Scene>
<Scene>
<INIT seed="7,1,0,1,4,86" ten="209,318,348,125" oya="3" hai0="91,124,33,17,51,95,56,98,74,29,79,39,32" hai1="115,70,13,75,133,105,103,97,111,82,5,58,85" hai2="27,123,99,42,78,6,71,68,120,44,77,114,73" hai3="43,19,46,10,20,135,65,57,104,66,118,69,84"/><W110/><G118/><T53/><D39/><U4/><E111/><V18/><F6/><W23/><G104/><T54/><D124/><U9/><E70/><N who="2" m="26667" /><F99/><W83/><G110/><T101/><D29/><U12/><E115/><V117/><F114/><W128/><G69/><T50/><D17/><U67/><E133/><V1/><F1/><W100/><G135/><T107/><D79/><U36/><E36/><N who="2" m="21575" /><F117/><W40/><G100/><T21/><D21/><U3/><E75/><V80/><F78/><W88/><G128/><T35/><D74/><U59/><E3/><V134/><F134/><W81/><G81/><T90/><REACH who="0" step="1"/><D107/><REACH who="0" ten="199,318,348,125" step="2"/><U31/><E31/><V129/><F129/><W102/><G102/><T60/><D60/><U64/><E105/><V132/><F132/><W130/><G130/><T26/><D26/><U108/><E103/><V112/><F27/><W119/><G119/><T93/><D93/><U11/><E108/><V22/><F22/><N who="3" m="8235" /><G57/><AGARI ba="1,1" hai="32,33,35,50,51,53,54,56,57,90,91,95,98,101" machi="57" ten="40,8000,1" yaku="1,1,9,1,52,2,53,0" doraHai="86" doraHaiUra="125" who="0" fromWho="3" sc="199,93,318,0,348,0,125,-83" owari="292,-11.0,318,12.0,348,45.0,42,-46.0" />
</Scene>
</mjloggm>