<mjloggm ver="2.3"><GO type="169" lobby="0"/><UN n0="%E8%B6%85%E3%83%92%E3%83%A2%E3%83%AA%E3%83%AD" n1="%41%53%41%50%49%4E" n2="%E3%81%B9%E3%81%A3%E3%81%93%E3%83%BC%E2%99%AA" n3="%E3%82%A4%E3%83%AC%E3%82%AE%E3%83%A5%E3%83%A9%E3%83%BC" dan="18,19,17,16" rate="2241.13,2280.30,2150.71,2031.58" sx="F,M,F,M"/><TAIKYOKU oya="0"/>

<Scene>
<INIT seed="0,0,0,4,0,78" ten="250,250,250,250" oya="0" hai0="95,87,35,85,16,110,2,126,122,70,94,130,113" hai1="84,73,12,8,50,65,28,79,32,99,53,124,83" hai2="128,127,5,88,116,23,41,115,101,102,47,92,58" hai3="48,61,33,68,114,134,74,20,59,93,120,109,104"/><T6/><D113/><U111/><E111/><V64/><F115/><W22/><G114/><T106/><D122/><U34/><E124/><V36/><F127/><W96/><G120/><T86/><D126/><U44/><E28/><V72/><F116/><W89/><G33/><T98/><D70/><U52/><E65/><V105/><F105/><W46/><G68/><T135/><D110/><U97/><E53/><V69/><F128/><W63/><G109/><T108/><D108/><U129/><E129/><V71/><F72/><W55/><G134/><T7/><D35/><U31/><E34/><V56/><F56/><W38/><G104/><T10/><D130/><U62/><E62/><V77/><F77/><W90/><G38/><T27/><D135/><U14/><E14/><V42/><F42/><W45/><G74/><T131/><D131/><U81/><E31/><V29/><F5/><W117/><G117/><T43/><D7/><U49/><E49/><V118/><F118/><W132/><G46/><T107/><D43/><U40/><E40/><V91/><F69/><W19/><G132/><T123/><D123/><U119/><E32/><V21/><F101/><N who="3" m="60559" /><G61/><T57/><D57/><U75/><E75/><V0/><F71/><W15/><G20/><N who="2" m="7753" /><F29/><W4/><G4/><T11/><D27/><U80/><E119/><V25/><F25/><W17/><G19/><T125/><D125/><U51/><E73/><V121/><F0/><W24/><G24/><T18/><D106/><U26/><E26/><V39/><F121/><W76/><G76/><T82/><D2/><U60/><E79/><RYUUKYOKU ba="0,0" sc="250,-10,250,-10,250,-10,250,30" hai3="15,17,22,45,48,55,59,63,89,90" />
</Scene>
<Scene>
<INIT seed="1,1,0,3,0,125" ten="240,240,240,280" oya="1" hai0="134,4,121,105,36,20,54,116,60,128,122,65,7" hai1="106,109,47,56,14,49,119,107,79,111,21,63,90" hai2="80,124,38,3,86,2,131,40,94,34,95,132,15" hai3="91,8,115,118,101,31,103,6,129,33,57,9,22"/><U76/><E119/><V92/><F34/><W104/><G115/><T70/><D116/><U135/><E135/><V74/><F132/><W28/><G118/><T42/><D134/><U110/><E90/><V32/><F32/><W112/><G33/><T62/><D105/><N who="1" m="39947" /><E14/><V55/><F124/><W11/><G112/><T133/><D133/><U127/><E21/><V51/><F74/><W73/><G73/><T46/><D20/><U72/><E72/><V24/><F24/><W69/><G69/><T10/><D7/><U59/><E127/><V23/><F40/><W35/><G35/><T52/><D10/><U61/><E49/><V100/><F38/><W120/><G22/><T19/><D19/><U102/><E47/><V39/><F39/><W17/><G6/><T83/><D4/><U71/><E102/><V77/><F100/><W45/><G17/><T85/><D85/><U78/><E71/><V113/><F113/><W12/><G45/><T68/><D83/><U99/><E99/><V29/><F2/><W5/><G103/><T88/><D88/><U97/><E97/><V13/><F3/><W18/><G91/><T1/><D1/><U43/><E43/><V48/><F23/><W117/><G101/><T84/><D84/><U108/><N who="1" m="27648" /><DORA hai="41" /><U58/><AGARI ba="1,0" hai="56,58,59,61,63,76,78,79" m="27648,39947" machi="58" ten="70,18000,2" yaku="4,1,29,2,28,2,14,1,10,1" doraHai="125,41" who="1" fromWho="1" sc="240,-61,240,183,240,-61,280,-61" />
</Scene>
<Scene>
<INIT seed="1,2,0,0,0,38" ten="179,423,179,219" oya="1" hai0="86,135,23,4,25,52,122,126,62,87,21,10,73" hai1="12,124,74,105,36,130,48,39,71,11,2,97,66" hai2="95,93,106,41,125,1,60,14,112,47,88,3,120" hai3="51,115,67,111,22,118,64,16,123,54,45,26,30"/><U85/><E74/><V28/><F106/><W6/><G123/><T50/><D126/><U19/><E124/><V114/><F125/><W92/><G115/><N who="2" m="44073" /><F120/><W79/><G111/><T24/><D135/><U53/><E130/><V101/><F28/><W17/><G118/><T40/><D73/><U37/><E2/><V43/><F60/><W132/><G132/><T42/><D122/><U103/><E85/><N who="0" m="32265" /><D62/><U133/><E133/><V69/><F69/><W70/><G79/><T15/><D23/><U129/><E129/><V94/><F101/><W55/><G6/><T78/><D78/><U110/><E66/><N who="3" m="25130" /><G92/><N who="2" m="35433" /><F14/><W33/><G33/><T113/><D113/><U108/><REACH who="1" step="1"/><E71/><REACH who="1" ten="179,413,179,219" step="2"/><V18/><F1/><W58/><G70/><T56/><D25/><U32/><E32/><V109/><F3/><W121/><G121/><T134/><D134/><U35/><E35/><V131/><F131/><W9/><G9/><T68/><D68/><U107/><E107/><V7/><F109/><W76/><G76/><T80/><D80/><U81/><E81/><V116/><F116/><W127/><G127/><T82/><D82/><U128/><E128/><V102/><F7/><W91/><G91/><T20/><D20/><U100/><E100/><V61/><F102/><W65/><G65/><T99/><D99/><U89/><E89/><V119/><F119/><W46/><G22/><T117/><D117/><U96/><E96/><V98/><F98/><W13/><G26/><T0/><D0/><U59/><AGARI ba="2,1" hai="11,12,19,36,37,39,48,53,59,97,103,105,108,110" machi="59" ten="40,3900,0" yaku="1,1,0,1,53,0" doraHai="38" doraHaiUra="31" who="1" fromWho="1" sc="179,-15,413,55,179,-15,219,-15" />
</Scene>
<Scene>
<INIT seed="1,3,0,0,0,119" ten="164,468,164,204" oya="1" hai0="11,123,28,51,60,76,124,4,117,128,93,104,125" hai1="18,115,66,71,55,44,134,47,88,72,98,110,96" hai2="65,33,129,59,99,36,132,1,5,35,84,25,135" hai3="13,64,15,68,12,90,32,67,9,127,121,133,103"/><U46/><E115/><V42/><F129/><W109/><G32/><T116/><D104/><U77/><E134/><V86/><F36/><W17/><G133/><N who="2" m="51273" /><F42/><W106/><G109/><T111/><D76/><U108/><E96/><V78/><F99/><W27/><G127/><N who="0" m="48715" /><D51/><U95/><E18/><V56/><F1/><W22/><G106/><T38/><D93/><U7/><E7/><V34/><F5/><W73/><G73/><T80/><D80/><N who="1" m="45095" /><E66/><V50/><F78/><W45/><G103/><T49/><D49/><N who="1" m="29095" /><E71/><V54/><F25/><W114/><G114/><T81/><D81/><U105/><E105/><V131/><F131/><W37/><G68/><T41/><D60/><AGARI ba="3,0" hai="33,34,35,50,54,56,59,60,65,84,86" m="51273" machi="60" ten="40,1300,0" yaku="20,1" doraHai="119" who="2" fromWho="0" sc="164,-22,468,0,164,22,204,0" />
</Scene>
<Scene>
<INIT seed="2,0,0,0,5,24" ten="142,468,186,204" oya="2" hai0="38,70,65,91,90,68,99,112,83,48,96,32,52" hai1="34,103,26,21,126,82,58,98,33,35,55,109,100" hai2="105,115,129,74,88,94,28,134,4,0,95,5,119" hai3="53,11,85,2,60,108,131,87,121,8,113,135,101"/><V132/><F74/><W128/><G121/><T80/><D112/><U120/><E109/><V22/><F115/><W37/><G113/><T29/><D38/><U71/><E71/><V1/><F105/><W40/><G108/><T3/><D3/><U114/><E114/><V76/><F76/><W72/><G72/><T130/><D130/><U62/><E120/><V23/><F129/><N who="3" m="49739" /><G101/><T19/><D19/><U18/><E126/><V56/><F56/><N who="3" m="34831" /><G135/><T75/><D70/><U86/><REACH who="1" step="1"/><E98/><REACH who="1" ten="142,458,186,204" step="2"/><V17/><F119/><W123/><G123/><T116/><D116/><U43/><E43/><V44/><F44/><N who="3" m="23567" /><G2/><T84/><D96/><U46/><E46/><V41/><F41/><W63/><G63/><T93/><D68/><U73/><E73/><V27/><F1/><W14/><G8/><T92/><D75/><U64/><E64/><V30/><F0/><W47/><G47/><T54/><D65/><U97/><E97/><V69/><F69/><W133/><G133/><T10/><D10/><U31/><E31/><N who="2" m="11819" /><F134/><W117/><G117/><T102/><D102/><U57/><E57/><V50/><F132/><W9/><G9/><T107/><D107/><U66/><E66/><V77/><F50/><W118/><G118/><T39/><D39/><U89/><AGARI ba="0,1" hai="18,21,26,33,34,35,55,58,62,82,86,89,100,103" machi="89" ten="30,2000,0" yaku="1,1,0,1,53,0" doraHai="24" doraHaiUra="45" who="1" fromWho="1" sc="142,-5,458,30,186,-10,204,-5" />
</Scene>
<Scene>
<INIT seed="3,0,0,0,0,58" ten="137,488,176,199" oya="3" hai0="73,10,91,105,84,118,32,22,18,75,81,46,39" hai1="125,28,59,13,96,5,21,2,67,53,79,121,29" hai2="7,35,45,0,61,92,131,99,31,98,52,42,76" hai3="24,134,83,115,71,104,113,62,33,95,56,1,123"/><W64/><G123/><T116/><D32/><U135/><E121/><V108/><F131/><W112/><G1/><T41/><D105/><U120/><E120/><V49/><F108/><W57/><G134/><T74/><REACH who="0" step="1"/><D10/><REACH who="0" ten="127,488,176,199" step="2"/><U130/><E135/><V19/><F35/><W132/><G132/><T122/><D122/><U6/><E130/><V15/><F31/><W100/><G104/><T97/><D97/><U80/><E96/><V106/><F98/><W9/><G112/><T4/><D4/><U124/><E6/><V3/><F106/><W133/><G133/><T102/><D102/><U20/><E5/><V66/><F7/><W88/><G9/><T107/><D107/><U17/><E28/><V103/><F0/><W93/><G113/><T16/><D16/><U48/><E2/><V90/><F3/><W119/><G119/><T50/><D50/><U12/><E29/><V11/><F103/><W128/><G100/><T127/><D127/><U43/><E17/><V63/><F76/><W101/><G101/><T110/><D110/><U72/><E79/><V85/><F99/><W117/><G117/><T86/><D86/><U82/><E125/><V14/><F14/><AGARI ba="0,1" hai="14,18,22,39,41,46,73,74,75,81,84,91,116,118" machi="14" ten="40,1300,0" yaku="1,1,53,0" doraHai="58" doraHaiUra="44" who="0" fromWho="2" sc="127,23,488,0,176,-13,199,0" />
</Scene>
<Scene>
<INIT seed="4,0,0,1,5,31" ten="150,488,163,199" oya="0" hai0="16,13,119,132,111,50,19,61,55,33,101,74,96" hai1="1,104,32,24,54,35,88,53,65,100,66,5,42" hai2="131,36,117,83,134,99,18,58,79,30,82,91,94" hai3="81,115,87,109,11,129,60,127,71,44,118,48,6"/><T73/><D132/><U20/><E42/><V126/><F134/><W26/><G109/><T49/><D119/><U107/><E5/><V2/><F2/><W80/><G118/><T135/><D135/><U41/><E1/><V46/><F117/><W77/><G115/><T128/><D128/><U68/><E41/><V110/><F110/><W4/><G127/><T124/><D124/><U23/><E88/><V113/><F126/><W52/><G129/><T84/><D111/><U122/><E24/><V14/><F131/><W37/><G37/><T57/><D33/><U67/><E67/><V45/><F36/><W72/><G11/><T40/><D84/><U120/><E100/><V56/><F30/><W108/><G108/><T85/><D85/><U28/><E28/><V47/><F113/><W86/><G72/><T25/><D25/><U43/><E43/><V112/><F112/><W102/><G102/><T17/><D13/><U9/><E9/><V8/><REACH who="2" step="1"/><F82/><REACH who="2" ten="150,488,153,199" step="2"/><W106/><G80/><T114/><D114/><U21/><E122/><V63/><F63/><W133/><G60/><T98/><D61/><U64/><E120/><V22/><F22/><W7/><G133/><T27/><D27/><U62/><E62/><V95/><F95/><W15/><G81/><T90/><D49/><U78/><E21/><V97/><F97/><W92/><G48/><T70/><D70/><U12/><E65/><V59/><F59/><W103/><G71/><T69/><D69/><U0/><E68/><V10/><F10/><W89/><G92/><N who="0" m="56343" /><D40/><U29/><E64/><V51/><F51/><RYUUKYOKU ba="0,1" sc="150,15,488,-15,153,15,199,-15" hai0="16,17,19,50,55,57,73,74,98,101" hai2="8,14,18,45,46,47,56,58,79,83,91,94,99" />
</Scene>
<Scene>
<INIT seed="4,1,1,2,2,46" ten="165,473,168,184" oya="0" hai0="3,123,114,21,98,104,107,80,60,120,129,67,45" hai1="51,76,24,37,63,48,53,47,118,20,69,93,96" hai2="2,32,62,36,112,100,0,97,121,124,84,91,72" hai3="87,106,44,71,19,128,9,59,103,42,94,135,122"/><T85/><D114/><U65/><E118/><V126/><F72/><W83/><G71/><T70/><D129/><U49/><E76/><V119/><F36/><W34/><G34/><T23/><D3/><U68/><E68/><V18/><F121/><W95/><G128/><T108/><D108/><U29/><E37/><V15/><F32/><W30/><G30/><T33/><D33/><U1/><E1/><V131/><F131/><W86/><G135/><T35/><D35/><U66/><E66/><V14/><F62/><W110/><G110/><T56/><D70/><U22/><E22/><V89/><F15/><W125/><G125/><N who="2" m="48233" /><F112/><W105/><G59/><T130/><D130/><U133/><E133/><V111/><F91/><AGARI ba="1,1" hai="20,24,29,47,48,49,51,53,63,65,69,91,93,96" machi="91" ten="30,7700,0" yaku="7,1,52,3" doraHai="46" who="1" fromWho="2" sc="165,0,473,90,168,-80,184,0" />
</Scene>
<Scene>
<INIT seed="5,0,0,2,2,80" ten="165,563,88,184" oya="1" hai0="63,13,37,58,96,77,21,99,90,50,26,118,47" hai1="66,115,44,55,132,104,52,94,117,107,18,67,53" hai2="23,32,11,110,95,88,131,86,128,129,25,17,75" hai3="109,79,125,16,127,60,64,1,59,2,6,71,34"/><U70/><E117/><V78/><F32/><W82/><G109/><T42/><D37/><U20/><E115/><V68/><F68/><W87/><G34/><T41/><D41/><U84/><E132/><V61/><F61/><W92/><G71/><T112/><D112/><U76/><E70/><V81/><REACH who="2" step="1"/><F11/><REACH who="2" ten="165,563,78,184" step="2"/><W30/><G60/><T121/><D63/><U4/><E67/><V43/><F43/><W134/><G64/><T89/><D42/><U85/><E66/><V9/><F9/><W35/><G35/><T45/><D118/><U46/><E53/><V19/><F19/><W33/><G16/><T102/><D121/><U28/><E18/><V111/><AGARI ba="0,1" hai="17,23,25,75,78,81,86,88,95,110,111,128,129,131" machi="111" ten="40,12000,2" yaku="1,1,0,1,19,1,52,1,54,1,53,1" doraHai="80" doraHaiUra="14" who="2" fromWho="2" sc="165,-30,563,-60,78,130,184,-30" />
</Scene>
<Scene>
<INIT seed="6,0,0,0,2,36" ten="135,503,208,154" oya="2" hai0="65,61,134,10,102,132,124,24,81,76,78,109,30" hai1="45,91,63,80,125,85,118,101,2,53,40,103,92" hai2="55,9,7,3,99,79,123,75,111,68,13,27,116" hai3="47,105,120,121,56,112,21,5,25,15,57,67,95"/><V33/><F123/><W108/><G108/><T73/><D109/><U86/><E118/><V93/><F68/><W88/><G105/><T29/><D124/><U110/><E110/><V106/><F106/><W100/><G100/><T130/><D130/><U59/><E125/><V41/><F116/><W82/><G82/><T115/><D115/><U34/><E34/><V131/><F131/><W26/><G112/><T48/><D76/><U90/><E2/><V38/><F55/><W1/><G1/><T97/><D10/><U54/><E54/><V113/><F113/><W44/><G120/><T23/><D48/><AGARI ba="0,0" hai="40,45,48,53,59,63,80,85,86,90,91,92,101,103" machi="48" ten="30,3900,0" yaku="7,1,8,1,52,1" doraHai="36" who="1" fromWho="0" sc="135,-39,503,39,208,0,154,0" />
</Scene>
<Scene>
<INIT seed="7,0,0,1,1,22" ten="96,542,208,154" oya="3" hai0="121,100,53,72,110,99,106,39,87,38,109,130,47" hai1="133,21,116,7,46,26,132,28,37,20,81,45,122" hai2="101,9,42,80,94,19,91,3,114,54,128,25,62" hai3="111,118,48,63,18,40,119,35,127,41,134,17,105"/><W96/><G134/><T125/><D130/><U67/><E122/><V43/><F128/><W16/><G127/><T55/><D125/><U57/><E116/><V126/><F126/><W90/><G111/><T78/><D121/><U31/><E7/><V124/><F101/><W113/><G113/><T86/><D109/><U117/><E117/><V6/><F80/><W108/><G108/><T73/><D110/><U71/><E71/><V50/><F114/><W59/><G35/><T2/><D2/><U44/><E37/><V129/><F129/><W131/><G131/><T103/><D47/><U61/><E81/><V70/><F70/><W74/><G74/><T112/><D112/><U97/><E97/><V83/><F83/><W10/><G10/><T30/><D30/><U82/><E82/><V98/><F62/><W102/><G48/><T49/><D49/><U68/><E68/><V107/><F107/><W52/><REACH who="3" step="1"/><G90/><REACH who="3" ten="96,542,208,144" step="2"/><T64/><D99/><U75/><E75/><V51/><F51/><W8/><G8/><T135/><D78/><U76/><E76/><V1/><F124/><W32/><G32/><T34/><D34/><U123/><E123/><V92/><F91/><W84/><G84/><T65/><REACH who="0" step="1"/><D106/><REACH who="0" ten="86,542,208,144" step="2"/><U0/><E132/><AGARI ba="0,2" hai="38,39,53,55,64,65,72,73,86,87,100,103,132,135" machi="132" ten="25,6400,0" yaku="1,1,2,1,22,2,53,0" doraHai="22" doraHaiUra="77" who="0" fromWho="1" sc="86,84,542,-64,208,0,144,0" owari="170,-23.0,478,58.0,208,1.0,144,-36.0" />
</Scene>
</mjloggm>