<mjloggm ver="2.3"><GO type="169" lobby="0"/><UN n0="%E7%81%BC%E7%9C%BC%E3%81%AE%E3%82%B7%E3%83%A3%E3%83%8A%E3%82%BF%E3%83%B3" n1="%41%53%41%50%49%4E" n2="%E9%8A%80%E9%81%8A%E7%A7%81%E4%BA%BA" n3="%E3%81%B4%E3%81%AE" dan="16,19,16,16" rate="2182.49,2285.21,2034.35,2103.71" sx="F,M,M,M"/><TAIKYOKU oya="0"/>

<Scene>
<INIT seed="0,0,0,3,0,38" ten="250,250,250,250" oya="0" hai0="100,104,27,37,24,2,135,128,26,36,29,81,109" hai1="65,4,118,73,132,33,123,34,43,40,44,99,82" hai2="9,66,56,68,8,30,16,45,51,54,14,78,71" hai3="107,103,122,113,62,92,119,35,80,101,61,3,125"/><T52/><D2/><U85/><E118/><V67/><F78/><W114/><G3/><T0/><D0/><U41/><E123/><V75/><F75/><W22/><G35/><T87/><D29/><U112/><E73/><V19/><F30/><W127/><G107/><T111/><D128/><U130/><E4/><V121/><F121/><W97/><G103/><T95/><D104/><U25/><E130/><V11/><F68/><W88/><G122/><T18/><D135/><U17/><E132/><V49/><F71/><W5/><G5/><T69/><D69/><U133/><E133/><V120/><F120/><W39/><G39/><T110/><D18/><N who="2" m="6698" /><F14/><W50/><G22/><T79/><REACH who="0" step="1"/><D52/><AGARI ba="0,0" hai="8,9,11,45,49,51,52,54,56,66,67" m="6698" machi="52" ten="30,3900,0" yaku="8,1,54,2" doraHai="38" who="2" fromWho="0" sc="250,-39,250,0,250,39,250,0" />
</Scene>
<Scene>
<INIT seed="1,0,0,2,4,51" ten="211,250,289,250" oya="1" hai0="102,4,17,105,41,88,123,124,36,94,129,91,74" hai1="65,33,118,107,98,121,54,131,70,117,55,132,11" hai2="49,29,122,64,76,40,79,62,18,119,8,120,92" hai3="42,80,32,78,125,22,96,84,101,2,1,85,87"/><U69/><E121/><V115/><F119/><W52/><G32/><T35/><D35/><U7/><E33/><V45/><F115/><W10/><G42/><T66/><D74/><U106/><E131/><V104/><F104/><W90/><G125/><T134/><D4/><U93/><E132/><V50/><F29/><W5/><G1/><T109/><D134/><U77/><E77/><V100/><F120/><W89/><G22/><T127/><D129/><U47/><E47/><V3/><F3/><W114/><G114/><T116/><D116/><U56/><E107/><V9/><F122/><W15/><G2/><T27/><D123/><U81/><E106/><V58/><F50/><W73/><REACH who="3" step="1"/><G52/><REACH who="3" ten="211,250,289,240" step="2"/><T135/><D41/><U16/><E55/><V25/><F8/><W44/><G44/><T53/><D53/><U75/><E54/><V83/><F9/><W21/><G21/><T103/><D124/><U23/><E117/><V108/><F40/><W97/><G97/><T133/><D127/><U0/><E118/><V110/><F45/><W26/><G26/><T12/><D27/><U48/><E98/><V13/><F25/><W111/><G111/><T86/><D109/><U99/><E99/><V72/><F110/><W31/><G31/><T61/><D133/><U67/><E23/><V128/><F108/><W38/><G38/><T39/><D135/><U43/><E43/><V14/><F128/><W63/><G63/><T34/><D34/><U30/><E30/><V6/><F62/><W28/><G28/><T20/><D36/><U71/><E0/><V46/><F46/><RYUUKYOKU ba="0,1" sc="211,-10,250,-10,289,-10,240,30" hai3="5,10,15,73,78,80,84,85,87,89,90,96,101" />
</Scene>
<Scene>
<INIT seed="2,1,1,3,2,9" ten="201,240,279,270" oya="2" hai0="10,131,40,53,31,91,82,57,27,108,64,76,115" hai1="26,46,118,19,12,93,62,85,36,8,98,61,75" hai2="42,14,30,48,7,92,112,100,39,11,45,111,99" hai3="101,73,18,106,109,120,2,128,87,123,119,70,32"/><V16/><F112/><W15/><RYUUKYOKU type="yao9" ba="1,1" sc="201,0,240,0,279,0,270,0" hai3="2,15,18,32,70,73,87,101,106,109,119,120,123,128" />
</Scene>
<Scene>
<INIT seed="2,2,1,5,5,103" ten="201,240,279,270" oya="2" hai0="63,108,48,77,88,94,107,41,22,45,54,130,9" hai1="113,13,90,97,122,99,123,124,69,18,102,82,0" hai2="10,98,35,95,100,80,2,46,5,4,20,109,106" hai3="8,12,120,101,51,7,58,60,33,28,119,39,52"/><V89/><F35/><W86/><G120/><T91/><D108/><U40/><E69/><V111/><F5/><W30/><G119/><T56/><D130/><U83/><E0/><V14/><F46/><W31/><G39/><T105/><D77/><U75/><E40/><V81/><F2/><W73/><G73/><T93/><D9/><U118/><E118/><V72/><F20/><W49/><G33/><T16/><D94/><N who="1" m="56535" /><E75/><V32/><F32/><W74/><G74/><T34/><D34/><U37/><E37/><V134/><F134/><W23/><G101/><T65/><D65/><U19/><E124/><V132/><F132/><W42/><G42/><T67/><D67/><U50/><E50/><V38/><F38/><W84/><REACH who="3" step="1"/><G23/><REACH who="3" ten="201,240,279,260" step="2"/><T121/><D121/><U104/><E102/><V27/><F72/><W70/><G70/><T79/><D79/><U125/><E123/><V117/><F117/><W129/><G129/><T11/><D11/><U43/><E43/><V135/><F135/><W17/><G17/><T44/><D44/><U131/><E19/><V29/><F29/><W112/><G112/><T24/><REACH who="0" step="1"/><D91/><REACH who="0" ten="191,240,279,260" step="2"/><U55/><E131/><V110/><REACH who="2" step="1"/><F27/><REACH who="2" ten="191,240,269,260" step="2"/><W64/><G64/><T1/><D1/><U15/><E122/><V87/><AGARI ba="2,4" hai="4,10,14,80,81,87,89,95,98,100,106,109,110,111" machi="87" ten="30,24000,3" yaku="1,1,2,1,0,1,14,1,10,1,52,1,53,2" doraHai="103" doraHaiUra="76" who="2" fromWho="2" sc="191,-82,240,-82,269,286,260,-82" />
</Scene>
<Scene>
<INIT seed="2,3,0,4,5,95" ten="109,158,555,178" oya="2" hai0="4,59,52,75,0,117,27,83,89,43,62,39,128" hai1="6,86,30,133,110,2,47,26,116,81,124,94,51" hai2="77,20,134,13,80,12,103,7,35,8,76,24,14" hai3="79,15,96,105,106,90,92,17,1,119,45,44,74"/><V28/><F134/><W71/><G1/><T32/><D128/><U109/><E133/><V64/><F64/><W11/><G119/><T58/><D117/><U87/><E116/><V68/><F68/><W101/><G71/><T112/><D112/><U125/><E6/><V42/><F42/><W5/><G5/><T48/><D39/><U104/><E104/><V29/><F103/><W61/><G61/><T63/><D0/><U120/><E2/><V67/><F67/><W57/><G57/><T34/><D4/><U88/><E120/><V99/><F99/><W65/><G65/><T102/><D102/><U49/><E81/><V54/><F54/><W131/><G131/><T129/><D129/><U107/><E107/><V73/><F77/><W60/><G60/><T82/><D75/><U18/><E18/><V93/><F93/><W114/><G114/><T66/><D27/><U23/><E86/><V113/><F113/><W121/><G121/><T41/><D82/><U111/><REACH who="1" step="1"/><E49/><REACH who="1" ten="109,148,555,178" step="2"/><V127/><F7/><W16/><G17/><T123/><D123/><U85/><E85/><V50/><F50/><W22/><G106/><T3/><D3/><U122/><E122/><V9/><F80/><N who="3" m="45175" /><G11/><T84/><REACH who="0" step="1"/><D48/><REACH who="0" ten="99,148,555,178" step="2"/><U69/><E69/><V55/><F73/><W118/><G118/><T40/><AGARI ba="3,2" hai="32,34,40,41,43,52,58,59,62,63,66,83,84,89" machi="40" ten="30,7900,0" yaku="1,1,2,1,0,1,54,1,53,0" doraHai="95" doraHaiUra="97" who="0" fromWho="0" sc="99,108,148,-23,555,-42,178,-23" />
</Scene>
<Scene>
<INIT seed="3,0,0,4,4,1" ten="207,125,513,155" oya="3" hai0="35,62,85,55,8,6,26,130,13,128,37,75,22" hai1="0,60,45,30,20,133,5,31,123,78,29,66,82" hai2="33,108,9,11,80,23,113,89,87,67,114,96,115" hai3="72,126,118,65,58,71,64,92,4,40,56,41,81"/><W12/><G118/><T18/><D75/><U104/><E123/><V47/><F33/><W27/><G27/><T63/><D37/><U76/><E104/><V102/><F108/><W88/><G71/><T59/><D35/><U46/><E133/><V69/><F47/><W86/><G126/><T99/><D85/><U117/><E117/><V98/><F23/><W25/><G25/><T49/><REACH who="0" step="1"/><D99/><REACH who="0" ten="197,125,513,155" step="2"/><U125/><E125/><V91/><F98/><N who="3" m="57607" /><G72/><T73/><D73/><U131/><E76/><V19/><F96/><W70/><G86/><T44/><D44/><U57/><E46/><V135/><F87/><W129/><G129/><AGARI ba="0,1" hai="6,8,13,18,22,26,49,55,59,62,63,128,129,130" machi="129" ten="40,5200,0" yaku="1,1,19,1,52,1,53,0" doraHai="1" doraHaiUra="24" who="0" fromWho="3" sc="197,62,125,0,513,0,155,-52" />
</Scene>
<Scene>
<INIT seed="4,0,0,0,2,27" ten="259,125,513,103" oya="0" hai0="10,90,65,91,67,59,119,18,79,115,30,17,19" hai1="97,34,60,128,50,58,52,103,24,3,37,62,61" hai2="111,98,127,11,47,133,83,68,38,105,100,56,116" hai3="125,88,96,72,131,22,76,112,2,31,81,8,89"/><T106/><D119/><U130/><E3/><V14/><F68/><W21/><G112/><T9/><D106/><U135/><E37/><V74/><F111/><W53/><G131/><N who="1" m="50218" /><E135/><V42/><F116/><W36/><G36/><T28/><D115/><U45/><E24/><V25/><F133/><W77/><G125/><T118/><D118/><U20/><E20/><V134/><F134/><W93/><G77/><T7/><D79/><U104/><E34/><V33/><F127/><W48/><G2/><T40/><D40/><AGARI ba="0,0" hai="40,45,50,52,58,60,61,62,97,103,104" m="50218" machi="40" ten="30,2000,0" yaku="19,1,54,1" doraHai="27" who="1" fromWho="0" sc="259,-20,125,20,513,0,103,0" />
</Scene>
<Scene>
<INIT seed="5,0,0,1,5,72" ten="239,145,513,103" oya="1" hai0="41,3,79,57,2,82,11,4,123,17,96,14,81" hai1="132,65,130,35,8,131,51,120,27,12,113,94,33" hai2="121,46,76,111,93,69,126,73,18,88,31,37,107" hai3="55,122,62,58,95,133,0,86,102,67,91,49,45"/><U89/><E120/><V38/><F107/><W110/><G133/><T128/><D128/><N who="1" m="49195" /><E132/><V129/><F129/><W114/><G110/><T78/><D123/><U43/><E113/><V52/><F111/><W53/><G114/><T30/><D30/><U100/><E100/><V7/><F121/><W75/><G0/><T116/><D116/><U124/><E27/><V48/><F69/><W83/><G122/><T66/><D41/><U104/><E104/><V109/><F109/><W61/><G102/><T99/><D2/><U56/><E124/><V15/><F126/><W28/><G28/><T68/><D68/><U85/><E65/><V9/><F31/><W63/><REACH who="3" step="1"/><G67/><REACH who="3" ten="239,145,513,93" step="2"/><T87/><D66/><U70/><E70/><V21/><F37/><W127/><G127/><T98/><D3/><U64/><E64/><V1/><F38/><W103/><G103/><T97/><D97/><U54/><E43/><V118/><F1/><W112/><G112/><T16/><REACH who="0" step="1"/><D57/><REACH who="0" ten="229,145,513,93" step="2"/><U125/><E125/><V26/><F118/><W80/><G80/><T47/><D47/><U74/><E56/><V135/><F135/><W32/><G32/><T106/><D106/><U119/><E119/><V71/><F71/><W60/><G60/><T90/><D90/><U29/><E29/><V36/><F46/><W24/><G24/><T5/><D5/><U105/><E105/><V59/><F26/><W23/><G23/><T101/><D101/><U10/><E35/><V34/><F34/><W108/><G108/><T44/><D44/><N who="1" m="28007" /><E33/><V22/><F22/><W92/><G92/><T19/><D19/><RYUUKYOKU ba="0,2" sc="229,15,145,-15,513,-15,93,15" hai0="4,11,14,16,17,78,79,81,82,87,96,98,99" hai3="45,49,53,55,58,61,62,63,75,83,86,91,95" />
</Scene>
<Scene>
<INIT seed="6,1,2,5,2,67" ten="244,130,498,108" oya="2" hai0="30,96,3,90,28,135,117,104,20,120,6,19,4" hai1="55,103,85,76,31,111,49,87,51,110,64,63,129" hai2="43,27,84,75,62,97,115,36,95,7,1,89,61" hai3="37,42,14,69,121,99,119,132,29,13,105,56,106"/><V44/><F75/><W80/><G121/><T24/><D120/><U10/><E129/><V9/><F115/><W94/><G119/><T122/><D122/><U124/><E124/><V33/><F33/><W58/><G29/><T86/><D135/><U32/><E103/><V82/><REACH who="2" step="1"/><F27/><REACH who="2" ten="244,130,488,108" step="2"/><W26/><G26/><T15/><D24/><U127/><E32/><V88/><AGARI ba="1,3" hai="1,7,9,36,43,44,61,62,82,84,88,89,95,97" machi="88" ten="20,18000,2" yaku="1,1,2,1,0,1,7,1,54,1,53,1" doraHai="67" doraHaiUra="81" who="2" fromWho="2" sc="244,-61,130,-61,488,213,108,-61" />
</Scene>
<Scene>
<INIT seed="6,2,0,4,3,34" ten="183,69,701,47" oya="2" hai0="40,15,93,14,127,108,111,117,29,83,51,53,125" hai1="18,129,28,133,3,36,98,47,32,65,13,46,99" hai2="31,76,55,128,73,121,45,8,66,82,71,68,112" hai3="7,26,102,2,33,17,24,67,12,79,49,5,74"/><V59/><F121/><W0/><G67/><T50/><D117/><U100/><E3/><N who="3" m="1066" /><G102/><T54/><D40/><U19/><E65/><V38/><F31/><N who="3" m="19687" /><G49/><T6/><D29/><U75/><E75/><V89/><F66/><W37/><G79/><T123/><D6/><N who="3" m="2057" /><G74/><T61/><D61/><U35/><E100/><V115/><F89/><W107/><G107/><T10/><D93/><U118/><E36/><V122/><F38/><W110/><G37/><T88/><D88/><U44/><E44/><V106/><F45/><W58/><G58/><T86/><D53/><U4/><E46/><V131/><F76/><W57/><G57/><T130/><D50/><U21/><E47/><V101/><F59/><W81/><G81/><T105/><D83/><U104/><E104/><V62/><F82/><W87/><G87/><T52/><D86/><U1/><E99/><V39/><F39/><W25/><G110/><T97/><D108/><U135/><E98/><V41/><F106/><W56/><G56/><T114/><D111/><U27/><E118/><V43/><F101/><W72/><G72/><T20/><D97/><U78/><E78/><V126/><F73/><W90/><G90/><T48/><D48/><U95/><E95/><V116/><F116/><W60/><G60/><T103/><D51/><U63/><E63/><V119/><F62/><W94/><G94/><T16/><D103/><U113/><E1/><V96/><F119/><W120/><G120/><T91/><D123/><U22/><E35/><V134/><F122/><W77/><G77/><T69/><D105/><U85/><E32/><RYUUKYOKU ba="2,0" sc="183,-10,69,-10,701,-10,47,30" hai3="12,17,25,26" />
</Scene>
<Scene>
<INIT seed="7,3,0,0,0,1" ten="173,59,691,77" oya="3" hai0="123,114,84,134,91,42,98,54,22,29,65,14,135" hai1="129,44,43,66,69,12,102,38,67,13,36,107,131" hai2="101,75,35,105,106,71,46,27,109,122,80,115,73" hai3="62,30,23,113,63,100,28,128,40,87,25,127,92"/><W104/><G104/><T49/><D123/><U74/><E74/><V119/><F46/><W112/><G128/><N who="1" m="49226" /><E38/><V11/><F11/><W0/><G127/><T99/><D114/><N who="3" m="44137" /><G0/><T20/><D42/><U41/><E41/><V51/><F51/><W126/><G126/><T33/><D65/><N who="1" m="24587" /><E69/><V6/><F71/><W103/><G40/><T60/><D60/><N who="3" m="23081" /><G30/><T117/><D117/><U76/><E76/><V7/><F119/><W53/><G53/><T18/><D33/><U9/><E9/><V32/><F32/><W61/><N who="3" m="23089" /><W59/><DORA hai="130" /><G59/><N who="0" m="33231" /><D29/><U31/><E31/><V89/><F35/><W34/><G34/><T97/><D22/><U56/><E56/><V108/><F122/><W17/><G28/><T78/><D78/><U82/><E82/><V95/><F80/><W79/><G92/><T21/><D21/><U26/><E26/><V50/><F27/><W37/><G37/><T86/><D86/><U58/><E58/><V2/><F95/><AGARI ba="3,0" hai="14,18,20,84,91,95,97,98,99,134,135" m="33231" machi="95" ten="30,3900,0" yaku="25,1,52,2" doraHai="1,130" who="0" fromWho="2" sc="173,48,59,0,691,-48,77,0" owari="221,2.0,59,-44.0,643,74.0,77,-32.0" />
</Scene>
</mjloggm>