<mjloggm ver="2.3"><GO type="137"/><UN n0="%EF%BC%B4%EF%BC%A1%EF%BC%AB%EF%BC%A1%EF%BC%B3%EF%BC%A9%EF%BC%B2%EF%BC%AF" n1="%72%69%6D%6F%6B%6F%6E%33" n2="%4F%55%38%31%32%2A%7E" n3="%41%53%41%50%49%4E" dan="12,12,12,18" rate="1757,1656,1785,2257" sx="M,M,M,M"/><TAIKYOKU oya="0"/>

<Scene>
<INIT seed="0,0,0,3,3,134" ten="250,250,250,250" oya="0" hai0="36,64,131,47,32,120,40,2,78,110,25,20,132" hai1="6,67,63,75,77,22,27,86,113,124,33,97,28" hai2="108,85,82,81,90,72,69,19,29,43,59,56,9" hai3="95,119,52,71,23,4,127,135,12,13,58,46,80"/><T49/><D64/><U10/><E113/><V30/><F69/><W93/><G71/><T105/><D120/><U73/><E97/><V130/><F108/><W61/><G135/><T62/><D132/><U21/><E21/><V11/><F130/><W102/><G119/><T133/><D133/><U117/><E117/><V14/><F43/><W122/><G122/><T60/><D105/><U115/><E115/><V54/><F59/><W37/><G37/><T99/><D32/><U42/><E42/><V41/><F41/><W34/><G34/><T94/><D2/><U31/><E86/><V50/><F9/><W128/><G46/><T84/><D36/><U118/><E118/><V89/><F72/><W68/><G68/><T15/><D15/><U96/><E96/><V7/><F7/><W100/><G128/><T1/><D131/><U125/><E124/><V55/><F55/><W91/><G127/><T74/><D74/><U16/><E77/><V3/><F3/><W114/><G114/><T98/><D98/><U65/><E125/><V35/><F35/><W107/><G107/><T121/><D1/><U26/><E65/><V104/><F104/><W51/><G61/><T38/><D38/><U88/><E28/><V103/><F103/><N who="3" m="39467" /><G13/><T5/><D121/><U17/><E88/><V18/><F18/><N who="3" m="10695" /><G4/><T111/><D5/><U129/><E129/><V116/><F116/><W44/><G44/><T123/><D123/><U87/><E17/><V83/><F83/><W79/><G79/><T70/><D70/><U8/><E6/><V126/><F126/><W76/><G76/><RYUUKYOKU ba="0,0" sc="250,-15,250,-15,250,15,250,15" hai2="11,14,19,29,30,50,54,56,81,82,85,89,90" hai3="51,52,58,80,91,93,95" />
</Scene>
<Scene>
<INIT seed="1,1,0,5,0,10" ten="235,235,265,265" oya="1" hai0="30,31,13,134,62,127,64,58,76,52,15,69,79" hai1="89,8,51,25,6,39,26,27,116,47,103,7,59" hai2="32,121,35,34,118,85,88,98,129,83,119,61,96" hai3="28,53,74,73,117,18,82,3,111,104,11,77,101"/><U2/><E39/><V41/><F121/><W24/><G111/><T80/><D79/><U63/><E116/><V40/><F129/><W42/><G117/><T90/><D134/><U131/><E131/><V68/><F68/><W36/><G73/><T128/><D128/><U107/><E107/><V100/><F119/><W122/><G122/><T45/><D127/><U112/><E112/><V97/><F118/><W12/><G3/><T50/><D90/><U72/><E72/><V66/><REACH who="2" step="1"/><F100/><REACH who="2" ten="235,235,255,265" step="2"/><W94/><G101/><T110/><D110/><U130/><E103/><V49/><F49/><W71/><G71/><T108/><D108/><U132/><E130/><V106/><F106/><W133/><G104/><T135/><D135/><U37/><E132/><V87/><F87/><W22/><G133/><T120/><D120/><U124/><E124/><V78/><F78/><W102/><G36/><T16/><D69/><U92/><E37/><V33/><N who="2" m="8704" /><DORA hai="109" /><V46/><F46/><W0/><G77/><T125/><D125/><U81/><E81/><V23/><F23/><W38/><G22/><T67/><D67/><U114/><E114/><V60/><F60/><W126/><G38/><T4/><D76/><U57/><E63/><V44/><F44/><W113/><G126/><T21/><REACH who="0" step="1"/><D80/><REACH who="0" ten="225,235,255,265" step="2"/><U54/><REACH who="1" step="1"/><E7/><REACH who="1" ten="225,225,255,265" step="2"/><V115/><F115/><W1/><G113/><T93/><D93/><U29/><E29/><V43/><F43/><W9/><G42/><T55/><D55/><U20/><E20/><V19/><F19/><W17/><G53/><T95/><D95/><U123/><E123/><RYUUKYOKU ba="1,3" sc="225,10,225,10,255,10,265,-30" hai0="4,13,15,16,21,30,31,45,50,52,58,62,64" hai1="2,6,8,25,26,27,47,51,54,57,59,89,92" hai2="40,41,61,66,83,85,88,96,97,98" />
</Scene>
<Scene>
<INIT seed="1,2,3,2,5,105" ten="235,235,265,235" oya="1" hai0="71,110,131,68,82,133,80,23,87,39,115,118,10" hai1="93,90,74,9,4,1,63,103,127,91,123,130,114" hai2="132,79,95,76,17,49,41,117,33,6,100,94,58" hai3="106,27,119,28,55,14,51,18,64,32,108,67,47"/><U78/><E123/><V52/><F117/><W16/><G106/><T20/><D39/><U31/><E114/><V88/><F33/><W104/><G104/><T124/><D87/><U135/><E135/><V30/><F132/><W11/><G119/><T73/><D133/><U81/><E127/><V62/><F30/><W61/><G108/><T45/><D118/><U72/><E31/><V57/><F41/><W86/><G61/><T54/><D54/><U53/><E130/><V56/><F56/><W25/><G25/><T75/><D115/><U128/><E128/><V50/><F50/><W43/><G18/><T125/><D10/><U129/><E129/><V99/><F6/><W0/><G0/><T26/><D131/><U112/><E112/><V121/><F17/><W2/><G2/><T37/><D37/><U83/><E53/><V96/><F121/><W89/><REACH who="3" step="1"/><G43/><REACH who="3" ten="235,235,265,225" step="2"/><T13/><D110/><U84/><E63/><V19/><F19/><W92/><AGARI ba="2,4" hai="11,14,16,27,28,32,47,51,55,64,67,86,89,92" machi="92" ten="20,12000,2" yaku="1,1,2,1,0,1,7,1,54,1,53,1" doraHai="105" doraHaiUra="15" who="3" fromWho="3" sc="235,-32,235,-62,265,-32,225,166" />
</Scene>
<Scene>
<INIT seed="2,0,0,2,2,73" ten="203,173,233,391" oya="2" hai0="77,46,109,39,29,15,1,51,66,94,4,131,56" hai1="37,38,115,48,42,8,127,49,113,89,23,34,6" hai2="59,62,86,22,2,102,117,7,70,111,72,21,101" hai3="121,100,60,79,28,57,96,125,68,88,54,53,98"/><V81/><F117/><W33/><G121/><T58/><D29/><U126/><E34/><V91/><F72/><W118/><G118/><T128/><D109/><U135/><E23/><V134/><F70/><W32/><G68/><T67/><D1/><U75/><E75/><V44/><F134/><W104/><G125/><N who="1" m="47626" /><E135/><V90/><F111/><W122/><G122/><T61/><D94/><U132/><E132/><V24/><F22/><W129/><G129/><N who="0" m="49739" /><D4/><U13/><E89/><V3/><F3/><W80/><G53/><N who="0" m="31807" /><D15/><U82/><E82/><V0/><F0/><W116/><G116/><T130/><N who="0" m="49747" /><T112/><DORA hai="26" /><D77/><U108/><E108/><V19/><F44/><W10/><G28/><T18/><D18/><U40/><E13/><V105/><F105/><W119/><G10/><T97/><D97/><U92/><E92/><V124/><F124/><W69/><G119/><T27/><D27/><U133/><E8/><V114/><F114/><N who="1" m="43529" /><E6/><V99/><F99/><W41/><G96/><T20/><D20/><U36/><E133/><V76/><F7/><W31/><G32/><T50/><D112/><U17/><E17/><V103/><REACH who="2" step="1"/><F2/><REACH who="2" ten="203,173,223,391" step="2"/><W25/><G104/><T95/><D39/><N who="1" m="9987" /><U120/><DORA hai="9" /><E120/><V71/><F71/><W35/><G69/><T63/><D95/><U87/><E87/><V43/><F43/><AGARI ba="0,1" hai="40,42,43,48,49" m="9987,43529,47626" machi="43" ten="50,8000,1" yaku="28,2,18,1,34,2" doraHai="73,26,9" who="1" fromWho="2" sc="203,0,173,90,223,-80,391,0" />
</Scene>
<Scene>
<INIT seed="3,0,0,2,1,115" ten="203,263,143,391" oya="3" hai0="98,87,24,14,3,1,131,51,61,80,120,27,126" hai1="31,113,104,81,75,17,127,72,125,111,37,47,79" hai2="69,8,46,94,73,65,10,74,53,39,101,23,85" hai3="64,9,56,108,41,76,96,129,128,0,63,134,124"/><W6/><G134/><T68/><D1/><U83/><E113/><V114/><F114/><W59/><G76/><T116/><D3/><U100/><E31/><V16/><F73/><W84/><G84/><T77/><D120/><U91/><E17/><V88/><F74/><W107/><G124/><N who="1" m="47690" /><E111/><V19/><F39/><W95/><G107/><T119/><D126/><U26/><E26/><V117/><F117/><W50/><G108/><T97/><D68/><U135/><E135/><V20/><F69/><W86/><G86/><T57/><D51/><U30/><E30/><V43/><F101/><W35/><G35/><T49/><D49/><U123/><E123/><V13/><F65/><W11/><G11/><T93/><D97/><N who="1" m="61455" /><E91/><V132/><F132/><W25/><G25/><T38/><D38/><U90/><E90/><V40/><F8/><W18/><G18/><T52/><D24/><U58/><E58/><V54/><F10/><W78/><G78/><T34/><D14/><U103/><E37/><V70/><F70/><W105/><G105/><T67/><D67/><U45/><E103/><V44/><F40/><W28/><G28/><T106/><D106/><U48/><E48/><N who="2" m="26655" /><F46/><N who="3" m="25935" /><G59/><T60/><D34/><U33/><E33/><V99/><F85/><W42/><G42/><T55/><D27/><AGARI ba="0,0" hai="13,16,19,20,23,27,53,54,88,94,99" m="26655" machi="27" ten="30,3900,0" yaku="8,1,54,2" doraHai="115" who="2" fromWho="0" sc="203,-39,263,0,143,39,391,0" />
</Scene>
<Scene>
<INIT seed="4,0,0,1,1,42" ten="164,263,182,391" oya="0" hai0="92,6,7,124,9,26,10,110,109,17,44,63,91" hai1="107,104,115,27,43,96,80,41,23,133,18,122,8" hai2="51,14,70,95,87,100,39,61,132,127,38,29,101" hai3="94,71,25,98,35,123,67,21,83,66,130,77,0"/><T112/><D26/><U59/><E122/><V37/><F127/><W129/><G0/><T1/><D63/><U53/><E133/><V134/><F29/><W82/><G35/><T113/><D91/><U60/><E107/><V108/><F108/><N who="0" m="41578" /><D92/><U76/><E104/><V22/><F70/><W54/><G123/><T97/><D97/><U56/><E96/><V19/><F61/><W85/><G54/><T118/><D17/><U105/><E105/><V2/><F2/><W16/><G82/><T84/><D84/><N who="1" m="48135" /><E59/><V55/><F87/><W126/><G126/><T13/><D124/><U78/><E78/><V33/><F95/><W15/><G25/><T30/><D30/><N who="1" m="17791" /><E115/><N who="0" m="44105" /><D44/><U11/><E11/><V45/><REACH who="2" step="1"/><F33/><REACH who="2" ten="164,263,172,391" step="2"/><W103/><G71/><T75/><D75/><U135/><E41/><V73/><F73/><W131/><AGARI ba="0,1" hai="15,16,21,66,67,77,83,85,94,98,103,129,130,131" machi="131" ten="30,4000,0" yaku="0,1,19,1,54,1" doraHai="42" who="3" fromWho="3" sc="164,-20,263,-10,172,-10,391,50" />
</Scene>
<Scene>
<INIT seed="5,0,0,3,4,27" ten="144,253,162,441" oya="1" hai0="19,20,49,7,21,70,127,84,135,102,74,45,118" hai1="31,4,81,88,104,78,16,95,72,85,116,67,66" hai2="128,112,10,36,71,29,89,126,119,33,117,18,131" hai3="17,101,91,109,64,93,53,0,113,57,34,123,65"/><U55/><E116/><N who="2" m="44619" /><F71/><W13/><G109/><T125/><D70/><U14/><E104/><V111/><F36/><W42/><G123/><T39/><D74/><U60/><E31/><V1/><F89/><W100/><G113/><T92/><D39/><U99/><E4/><N who="2" m="1295" /><F111/><W120/><G34/><T58/><D118/><U97/><E72/><V6/><F112/><W12/><G0/><T9/><D135/><U115/><E99/><V133/><F126/><W83/><G13/><T2/><D21/><N who="1" m="11415" /><E115/><V47/><F47/><W63/><G83/><T82/><D102/><N who="3" m="39529" /><G42/><T8/><D8/><U30/><E30/><V48/><F48/><W114/><G120/><T129/><D45/><U56/><AGARI ba="0,0" hai="55,56,60,66,67,78,81,85,88,95,97" m="11415" machi="56" ten="30,6000,0" yaku="8,1,54,2" doraHai="27" who="1" fromWho="1" sc="144,-20,253,60,162,-20,441,-20" />
</Scene>
<Scene>
<INIT seed="5,1,0,3,3,1" ten="124,313,142,421" oya="1" hai0="101,0,87,107,62,70,71,53,35,131,23,126,33" hai1="51,96,61,77,94,38,54,119,135,111,44,66,10" hai2="24,83,102,80,60,109,118,100,73,58,15,13,5" hai3="47,19,98,3,92,43,63,50,115,129,116,89,97"/><U57/><E119/><V6/><F109/><W39/><G3/><T68/><D87/><U122/><E122/><V99/><F73/><W48/><G116/><T41/><D23/><U36/><E111/><V112/><F112/><W134/><G115/><T20/><D20/><U12/><E135/><V75/><F75/><W128/><G134/><T32/><D41/><U103/><REACH who="1" step="1"/><E77/><REACH who="1" ten="124,303,142,421" step="2"/><V85/><F118/><W113/><G113/><T11/><D53/><U17/><AGARI ba="1,1" hai="10,12,17,36,38,44,51,54,57,61,66,94,96,103" machi="17" ten="20,7800,0" yaku="1,1,2,1,0,1,7,1,53,0" doraHai="1" doraHaiUra="86" who="1" fromWho="1" sc="124,-27,303,91,142,-27,421,-27" />
</Scene>
<Scene>
<INIT seed="5,2,0,2,4,97" ten="97,394,115,394" oya="1" hai0="31,93,11,39,23,15,69,82,120,73,48,102,43" hai1="85,130,30,113,62,57,110,111,26,21,2,88,42" hai2="68,99,40,35,116,20,84,4,55,94,74,8,51" hai3="115,64,86,34,135,0,122,83,46,103,67,107,37"/><U78/><E2/><V50/><F116/><W52/><G122/><T126/><D39/><U75/><E42/><V109/><F68/><W132/><G0/><T121/><D69/><U18/><E130/><V24/><F109/><N who="1" m="41481" /><E113/><V72/><F35/><W133/><G34/><T32/><D32/><U95/><E75/><V91/><F40/><N who="3" m="22799" /><G115/><T60/><D73/><U14/><E78/><V59/><F51/><W12/><G12/><T5/><D82/><U45/><E45/><V119/><F119/><W90/><G52/><T19/><D126/><U129/><E129/><V33/><F33/><W108/><G108/><T70/><D31/><U44/><E44/><V131/><F131/><W114/><G114/><T128/><D48/><U28/><E14/><V29/><REACH who="2" step="1"/><F84/><REACH who="2" ten="97,394,105,394" step="2"/><W101/><G133/><T117/><D128/><U36/><E36/><V100/><F100/><W125/><G101/><T80/><D117/><U71/><E71/><V9/><F9/><W98/><G125/><T61/><D70/><U96/><E85/><V16/><F16/><W22/><G22/><T77/><D43/><U134/><E134/><V38/><F38/><W10/><G10/><T76/><D61/><U49/><E49/><V105/><F105/><W89/><G132/><T112/><D60/><U47/><E47/><V56/><F56/><W25/><G135/><T66/><D112/><U27/><E18/><V58/><F58/><W7/><G7/><T13/><D66/><N who="3" m="25129" /><G25/><T124/><D124/><U63/><E57/><V3/><AGARI ba="2,1" hai="3,4,8,20,24,29,50,55,59,72,74,91,94,99" machi="3" ten="20,2700,0" yaku="1,1,0,1,7,1,53,0" doraHai="97" doraHaiUra="118" who="2" fromWho="2" sc="97,-9,394,-15,105,43,394,-9" />
</Scene>
<Scene>
<INIT seed="6,0,0,3,3,47" ten="88,379,148,385" oya="2" hai0="132,69,97,122,90,133,129,30,86,98,135,10,105" hai1="114,71,6,20,4,73,27,24,78,127,100,88,68" hai2="89,75,42,115,96,43,55,111,32,74,15,18,37" hai3="51,54,112,101,0,94,84,3,28,49,104,2,60"/><V33/><F32/><W125/><G104/><T83/><D30/><U61/><E114/><V124/><F115/><W29/><G112/><T95/><D69/><U93/><E127/><V80/><F33/><W116/><G116/><T77/><D10/><U39/><E39/><V87/><F124/><W134/><G125/><T25/><D25/><U92/><E92/><V108/><F37/><W70/><G134/><T34/><D34/><U56/><E71/><V44/><F96/><W5/><G5/><T16/><D16/><N who="1" m="12295" /><E68/><V106/><F106/><W123/><G123/><T26/><D26/><U19/><E73/><V113/><F113/><W48/><G54/><T79/><D122/><U57/><E78/><V110/><F55/><W130/><G130/><T120/><D120/><U118/><E118/><V117/><F117/><W8/><G8/><T14/><D14/><U52/><E57/><V38/><REACH who="2" step="1"/><F43/><REACH who="2" ten="88,379,138,385" step="2"/><W1/><G101/><T91/><D129/><U64/><E100/><AGARI ba="0,1" hai="77,79,83,86,90,91,95,97,98,100,105,132,133,135" machi="100" ten="40,8000,1" yaku="20,1,34,3" doraHai="47" who="0" fromWho="1" sc="88,90,379,-80,138,0,385,0" />
</Scene>
<Scene>
<INIT seed="7,0,0,3,5,40" ten="178,299,138,385" oya="3" hai0="77,64,85,127,33,46,44,35,1,100,130,98,97" hai1="70,80,108,59,69,99,36,3,66,123,105,79,2" hai2="27,95,7,29,53,124,72,5,14,42,43,75,120" hai3="60,47,52,126,90,37,17,111,121,133,65,88,51"/><W15/><G121/><T94/><D1/><U54/><E36/><V82/><F120/><W125/><G111/><T93/><D64/><U55/><E108/><V21/><F124/><N who="3" m="47723" /><G37/><T129/><D127/><U6/><E123/><V122/><F122/><W32/><G32/><N who="0" m="12363" /><D85/><U4/><E105/><V62/><F75/><W0/><G133/><T106/><D77/><U49/><E99/><N who="0" m="37897" /><D106/><U115/><E115/><V113/><F95/><N who="0" m="36362" /><D100/><U68/><E79/><V78/><F113/><W104/><G0/><T83/><D83/><U28/><E80/><V50/><F62/><W38/><G38/><T20/><D20/><U8/><E28/><V102/><F102/><W96/><G96/><T22/><D22/><U19/><E19/><V81/><F81/><W112/><G112/><T114/><D114/><U92/><E92/><V34/><F34/><W12/><G104/><T26/><D26/><U128/><E66/><V74/><F74/><W76/><G76/><T71/><D71/><U41/><E68/><V61/><F61/><W73/><G73/><T9/><D9/><U101/><E101/><V135/><F135/><W57/><G12/><T116/><D116/><U13/><E69/><V86/><F72/><W56/><G56/><T48/><D48/><U11/><E13/><V110/><F110/><W31/><G31/><T39/><D39/><U107/><E107/><V109/><F109/><W23/><AGARI ba="0,0" hai="15,17,23,47,51,52,57,60,65,88,90" m="47723" machi="23" ten="30,11700,0" yaku="18,1,52,1,54,2" doraHai="40" who="3" fromWho="3" sc="178,-39,299,-39,138,-39,385,117" owari="139,-26.0,260,6.0,99,-40.0,502,60.0" />
</Scene>
</mjloggm>