<mjloggm ver="2.3"><GO type="169" lobby="0"/><UN n0="%41%53%41%50%49%4E" n1="%E3%81%B5%E3%81%8B%E3%81%BF" n2="%E6%9C%AC%E6%97%A5%E5%AE%9A%E4%BC%91%E6%97%A5" n3="%67%69%6A%79%75%74%75" dan="18,17,17,16" rate="2229.48,2153.91,2212.55,2083.10" sx="M,F,M,M"/><TAIKYOKU oya="0"/>

<Scene>
<INIT seed="0,0,0,0,3,10" ten="250,250,250,250" oya="0" hai0="36,88,18,30,71,126,135,25,63,17,103,2,49" hai1="94,26,5,39,127,8,105,20,0,91,109,97,19" hai2="93,74,51,40,33,86,52,118,107,102,117,7,98" hai3="11,44,43,46,28,87,122,45,77,128,79,99,16"/><T82/><D36/><U1/><E109/><V27/><F40/><W129/><G122/><T59/><D2/><U14/><E127/><V15/><F74/><W24/><G43/><T29/><D126/><U61/><E39/><V85/><F27/><W108/><G108/><T62/><D135/><U76/><E76/><V21/><F33/><W116/><G116/><N who="2" m="44649" /><F93/><W121/><G121/><T35/><D103/><U65/><REACH who="1" step="1"/><E105/><REACH who="1" ten="250,240,250,250" step="2"/><V6/><F6/><W64/><G77/><T100/><D29/><U73/><E73/><V96/><F96/><W106/><G28/><T69/><D30/><U42/><E42/><V120/><F120/><W132/><G79/><T92/><D17/><U125/><E125/><V123/><F123/><W112/><G16/><T12/><D18/><U54/><E54/><V37/><F37/><W53/><G53/><T81/><D35/><U13/><E13/><V38/><F38/><W130/><G130/><T55/><D12/><U72/><E72/><V41/><F41/><W124/><G129/><T31/><D31/><U34/><E34/><V4/><F4/><W111/><G128/><T23/><D55/><U115/><E115/><V119/><F119/><W78/><G78/><T50/><D25/><U57/><AGARI ba="0,1" hai="0,1,5,8,14,19,20,26,57,61,65,91,94,97" machi="57" ten="20,5200,0" yaku="1,1,0,1,7,1,52,1,53,0" doraHai="10" doraHaiUra="133" who="1" fromWho="1" sc="250,-26,240,62,250,-13,250,-13" />
</Scene>
<Scene>
<INIT seed="1,0,0,0,5,8" ten="224,302,237,237" oya="1" hai0="85,30,21,40,58,80,29,51,16,44,79,75,76" hai1="25,97,23,112,49,39,89,131,95,42,62,107,74" hai2="126,124,31,43,84,35,118,26,4,14,77,54,24" hai3="55,27,68,36,78,121,83,34,46,130,127,98,96"/><U92/><E112/><V93/><F43/><W57/><G121/><T2/><D2/><U87/><E74/><V5/><F118/><W56/><G68/><T0/><D0/><U19/><E107/><V20/><F54/><W50/><G130/><T33/><D33/><U105/><E105/><V133/><F77/><W110/><G127/><N who="2" m="48681" /><F93/><W12/><G110/><T38/><D75/><U70/><E131/><V122/><F84/><N who="3" m="48247" /><G36/><T94/><D76/><U81/><E39/><V99/><F99/><N who="3" m="37931" /><G34/><T117/><D94/><U3/><E3/><V101/><F101/><W9/><G27/><T125/><D117/><U28/><E70/><V63/><F63/><W120/><G120/><T129/><D129/><U88/><E62/><V11/><F122/><W1/><G1/><T6/><D125/><U119/><E119/><V59/><F59/><W48/><G50/><T111/><D111/><U103/><E49/><V22/><F133/><W32/><G32/><T37/><D37/><U106/><E42/><V73/><F73/><W61/><G61/><T115/><D115/><U72/><E72/><V132/><F132/><W134/><G134/><T66/><D38/><U100/><E106/><V64/><F64/><W13/><G13/><N who="0" m="9359" /><D66/><U102/><E95/><V135/><F135/><W52/><G55/><T17/><D58/><U104/><E104/><V123/><F123/><W65/><G65/><T45/><D51/><U82/><E82/><V109/><F109/><W108/><G108/><T69/><D40/><U90/><E90/><V18/><F35/><W47/><G57/><T86/><D69/><RYUUKYOKU ba="0,0" sc="224,-30,302,10,237,10,237,10" hai1="19,23,25,28,81,87,88,89,92,97,100,102,103" hai2="4,5,11,14,18,20,22,24,26,31" hai3="9,12,46,47,48,52,56" />
</Scene>
<Scene>
<INIT seed="1,1,0,0,3,14" ten="194,312,247,247" oya="1" hai0="112,56,135,25,39,41,23,36,74,114,54,24,79" hai1="40,2,55,81,33,51,105,32,68,78,75,19,15" hai2="109,34,18,86,119,4,73,124,76,65,53,31,107" hai3="77,16,116,47,132,27,104,113,125,21,17,9,131"/><U43/><E2/><V49/><F107/><W92/><G113/><T29/><D135/><U99/><E68/><V3/><F73/><W62/><G104/><T87/><D74/><U120/><E120/><V0/><F65/><W10/><G132/><T58/><D58/><U88/><E33/><V44/><F4/><W122/><G122/><T101/><D101/><U28/><E28/><V13/><F119/><W1/><G1/><T98/><D98/><U129/><E32/><V85/><F109/><W45/><G116/><T37/><D41/><U6/><E6/><V70/><F70/><W60/><G131/><T134/><D134/><U82/><E129/><V26/><F86/><W133/><G133/><T35/><D87/><N who="1" m="50295" /><E99/><V67/><F67/><W72/><G125/><T95/><D95/><U22/><E105/><V127/><F127/><W20/><G72/><T91/><D79/><U110/><E110/><V115/><F115/><W90/><G77/><T103/><D91/><U102/><E102/><V100/><F100/><W8/><G47/><T50/><REACH who="0" step="1"/><D103/><REACH who="0" ten="184,312,247,247" step="2"/><U64/><E75/><V97/><F97/><N who="3" m="57495" /><G45/><T48/><D48/><U118/><E118/><V38/><F124/><W83/><G83/><T93/><D93/><U5/><E81/><V42/><F76/><W66/><G66/><T69/><D69/><U123/><E78/><V71/><F71/><W46/><G46/><T117/><D117/><U108/><E64/><V80/><F80/><W11/><N who="3" m="2048" /><DORA hai="106" /><W94/><G94/><T111/><D111/><U130/><E108/><V59/><F85/><W121/><G121/><RYUUKYOKU ba="1,1" sc="184,10,312,-30,247,10,247,10" hai0="23,24,25,29,35,36,37,39,50,54,56,112,114" hai2="0,3,13,18,26,31,34,38,42,44,49,53,59" hai3="16,17,20,21,27,60,62" />
</Scene>
<Scene>
<INIT seed="2,2,1,2,2,65" ten="194,282,257,257" oya="2" hai0="16,85,129,66,121,8,61,73,90,44,128,132,20" hai1="43,72,41,87,91,113,21,58,104,3,107,79,47" hai2="0,30,88,117,33,52,59,49,37,36,135,100,84" hai3="9,7,95,15,25,40,17,46,82,92,83,62,28"/><V110/><F0/><W126/><G126/><T105/><D121/><U10/><E113/><V67/><F117/><W2/><G62/><T109/><D73/><U29/><E43/><V80/><F135/><W57/><G57/><T131/><D105/><U99/><E58/><V5/><F5/><W122/><G122/><T123/><D123/><U124/><E124/><V101/><F110/><W133/><G133/><T125/><D125/><U64/><E64/><V68/><F30/><W53/><G53/><T55/><D132/><U35/><E21/><V134/><F33/><W127/><G127/><T115/><D8/><U18/><E99/><V63/><REACH who="2" step="1"/><F134/><REACH who="2" ten="194,282,247,257" step="2"/><W42/><G7/><T56/><D109/><U130/><E29/><V70/><F70/><W108/><G2/><T12/><D115/><U71/><E35/><V94/><F94/><W112/><G95/><T118/><D118/><U26/><E71/><V50/><F50/><W114/><G92/><N who="0" m="54351" /><D131/><U45/><E130/><V6/><F6/><W54/><G108/><T119/><D129/><U111/><E111/><V22/><F22/><N who="3" m="15415" /><G114/><T86/><D119/><U97/><E3/><V14/><F14/><W76/><G112/><T103/><D128/><U75/><E107/><V32/><F32/><W11/><G15/><T78/><D20/><N who="1" m="13591" /><E104/><V120/><F120/><W51/><G51/><N who="0" m="29159" /><D12/><U69/><E69/><V34/><F34/><W23/><G23/><T48/><D48/><N who="1" m="26671" /><E10/><V24/><F24/><W77/><G9/><T31/><D31/><U102/><E47/><V27/><F27/><W98/><G11/><T1/><D1/><RYUUKYOKU ba="2,2" sc="194,-10,282,-10,247,30,257,-10" hai2="36,37,49,52,59,63,67,68,80,84,88,100,101" />
</Scene>
<Scene>
<INIT seed="2,3,2,0,4,80" ten="184,272,277,247" oya="2" hai0="108,14,57,23,61,104,37,102,32,66,107,18,30" hai1="2,63,122,81,106,8,129,16,75,124,110,115,64" hai2="127,52,65,41,109,59,21,70,83,17,58,47,4" hai3="78,116,74,38,90,1,48,131,94,98,89,103,55"/><V119/><F119/><W72/><G116/><T12/><D37/><U53/><E115/><V28/><F127/><W56/><G1/><T112/><D112/><U121/><E106/><V20/><F4/><W114/><G114/><T62/><D108/><U46/><E110/><V111/><F70/><W51/><G38/><T0/><D0/><U125/><E129/><V15/><F65/><W22/><G131/><T105/><D12/><N who="1" m="7175" /><E2/><V44/><F58/><W68/><G68/><T19/><D19/><U99/><E99/><V39/><F47/><W25/><G48/><T82/><D62/><U34/><E34/><V10/><F83/><W132/><G132/><T67/><D67/><U29/><E29/><V49/><REACH who="2" step="1"/><F10/><REACH who="2" ten="184,272,267,247" step="2"/><W35/><G56/><T36/><D82/><U5/><E5/><V43/><F43/><W27/><G55/><T93/><D57/><N who="1" m="36975" /><E53/><V101/><F101/><W24/><G103/><T96/><D66/><U134/><E46/><V71/><F71/><W100/><G100/><T84/><D102/><U79/><E134/><V130/><F130/><W69/><G69/><T7/><D7/><U50/><E50/><V6/><F6/><W11/><G51/><T45/><D107/><U3/><E3/><V40/><F40/><W113/><G11/><T126/><D104/><U26/><E125/><V73/><F73/><W42/><G72/><T87/><D126/><U135/><E135/><V60/><F60/><W54/><G74/><T76/><D105/><U123/><E124/><V31/><F31/><W95/><G113/><T128/><D128/><U118/><E118/><RYUUKYOKU ba="3,3" sc="184,-15,272,15,267,15,247,-15" hai1="26,75,79,81,121,122,123" hai2="15,17,20,21,28,39,41,44,49,52,59,109,111" />
</Scene>
<Scene>
<INIT seed="2,4,3,4,1,68" ten="169,287,282,232" oya="2" hai0="134,19,12,132,99,22,65,63,79,48,111,2,103" hai1="124,52,58,42,17,49,89,18,77,46,11,122,0" hai2="88,60,55,31,131,33,36,41,87,101,94,57,97" hai3="82,39,7,108,29,105,59,119,25,84,130,95,118"/><V35/><F131/><W85/><G105/><T24/><D2/><U115/><E115/><V15/><F15/><W125/><G130/><T81/><D111/><U13/><E0/><V135/><F135/><N who="0" m="51754" /><D48/><N who="1" m="26711" /><E124/><V98/><F98/><W53/><G125/><T78/><D24/><U6/><E122/><V62/><F62/><W104/><G104/><N who="0" m="63615" /><D81/><U129/><E129/><V71/><F71/><AGARI ba="4,3" hai="12,19,22,63,65,71,78,79" m="63615,51754" machi="71" ten="30,1000,0" yaku="20,1" doraHai="68" who="0" fromWho="2" sc="169,52,287,0,282,-22,232,0" />
</Scene>
<Scene>
<INIT seed="3,0,0,2,0,28" ten="221,287,260,232" oya="3" hai0="57,13,85,2,37,53,47,52,58,65,75,14,92" hai1="43,104,9,15,96,87,27,38,5,105,7,69,63" hai2="21,117,131,106,49,120,10,24,83,46,123,22,98" hai3="118,112,127,30,74,77,126,40,3,0,72,130,78"/><W125/><G118/><T110/><D75/><N who="3" m="28713" /><G30/><T79/><D110/><U67/><E38/><V91/><F117/><W6/><G40/><T25/><D2/><N who="3" m="553" /><G6/><T111/><D37/><U135/><E43/><V45/><F10/><W89/><G112/><T80/><D111/><U42/><E42/><V32/><F131/><W48/><G48/><N who="0" m="28703" /><D25/><U119/><E119/><V16/><F49/><W95/><G130/><T82/><D82/><U97/><E5/><V132/><F83/><W68/><G68/><T64/><D92/><U101/><E87/><AGARI ba="0,0" hai="77,78,87,89,95,125,126,127" m="553,28713" machi="87" ten="40,2000,0" yaku="18,1" doraHai="28" who="3" fromWho="1" sc="221,0,287,-20,260,0,232,20" />
</Scene>
<Scene>
<INIT seed="3,1,0,5,0,59" ten="221,267,260,252" oya="3" hai0="132,33,93,5,114,61,87,125,18,36,89,133,107" hai1="95,98,108,78,97,48,25,73,57,46,17,92,96" hai2="83,76,34,24,82,39,120,116,109,79,63,49,113" hai3="26,86,27,131,30,9,72,8,122,28,111,70,119"/><W56/><G122/><T112/><D36/><U85/><E108/><V11/><F39/><W118/><G70/><T2/><D33/><U134/><E73/><V128/><F113/><N who="0" m="43626" /><D107/><U14/><E25/><N who="3" m="9226" /><G72/><T135/><D18/><U69/><E69/><V103/><F116/><N who="3" m="44587" /><G86/><T31/><D125/><U115/><E134/><V65/><F120/><W21/><G56/><T10/><D31/><N who="3" m="11817" /><G111/><T110/><D110/><U102/><E57/><V16/><F79/><W68/><G68/><T60/><AGARI ba="1,0" hai="2,5,10,60,61,87,89,93,132,133,135" m="43626" machi="60" ten="40,8000,1" yaku="20,1,11,1,52,2" doraHai="59" who="0" fromWho="0" sc="221,83,267,-21,260,-21,252,-41" />
</Scene>
<Scene>
<INIT seed="4,0,0,2,0,36" ten="304,246,239,211" oya="0" hai0="10,15,45,28,100,124,21,101,4,37,89,108,1" hai1="107,42,16,33,120,113,75,115,97,59,93,133,102" hai2="84,9,61,24,5,67,50,78,121,94,2,90,53" hai3="14,22,88,60,31,19,118,128,25,72,111,29,104"/><T106/><D124/><U18/><E120/><V52/><F121/><W56/><G111/><T32/><D108/><U77/><E33/><V117/><F117/><W134/><G118/><T66/><D106/><U64/><E133/><V44/><F24/><W46/><G104/><T125/><D125/><U114/><E93/><V130/><F130/><W82/><G128/><T116/><D116/><U30/><E30/><V0/><F78/><W105/><G105/><T81/><D66/><U35/><E35/><V86/><F86/><N who="3" m="50263" /><G72/><T92/><D81/><N who="1" m="45247" /><E42/><V69/><REACH who="2" step="1"/><F0/><REACH who="2" ten="304,246,229,211" step="2"/><W119/><G119/><T38/><D1/><U68/><E68/><V55/><AGARI ba="0,1" hai="2,5,9,44,50,52,53,55,61,67,69,84,90,94" machi="55" ten="20,12000,2" yaku="1,1,2,1,0,1,7,1,54,1,53,1" doraHai="36" doraHaiUra="47" who="2" fromWho="2" sc="304,-60,246,-30,229,130,211,-30" />
</Scene>
<Scene>
<INIT seed="5,0,0,3,2,107" ten="244,216,359,181" oya="1" hai0="86,85,23,28,61,72,10,122,30,80,49,26,117" hai1="62,1,130,40,24,133,116,115,54,121,2,106,18" hai2="11,109,43,64,95,82,125,52,50,119,112,90,89" hai3="87,102,9,56,33,118,17,114,15,135,34,70,45"/><U134/><E106/><V57/><F109/><W39/><G70/><T74/><D117/><U3/><E116/><V19/><F119/><W63/><G118/><T124/><D124/><U96/><E121/><V47/><F125/><W29/><G102/><T77/><D122/><U5/><E96/><V98/><F112/><W12/><G114/><T75/><D61/><U127/><E115/><V79/><F64/><W38/><G135/><N who="1" m="51722" /><E40/><V37/><F11/><W108/><G108/><T132/><D132/><U99/><E99/><V58/><F19/><W120/><G120/><T71/><D71/><U53/><E127/><V32/><F32/><W76/><G29/><T27/><D10/><N who="1" m="2351" /><E130/><V111/><F111/><W103/><G103/><T42/><D85/><U46/><E46/><V78/><F58/><W25/><G45/><T113/><D113/><U123/><E123/><V7/><F7/><W88/><G39/><T44/><D86/><U128/><E128/><V100/><F79/><W21/><G76/><T31/><D31/><U126/><E126/><V59/><F59/><W13/><G38/><T6/><D6/><U83/><E83/><V91/><F100/><W68/><G68/><T69/><D69/><U55/><E62/><V131/><F131/><W67/><REACH who="3" step="1"/><G9/><REACH who="3" ten="244,216,359,171" step="2"/><T84/><REACH who="0" step="1"/><D75/><AGARI ba="0,1" hai="37,43,47,50,52,57,75,78,82,89,90,91,95,98" machi="75" ten="30,3900,0" yaku="7,1,52,1,54,1" doraHai="107" who="2" fromWho="0" sc="244,-39,216,0,359,49,171,0" />
</Scene>
<Scene>
<INIT seed="6,0,0,0,3,27" ten="205,216,408,171" oya="2" hai0="14,76,106,16,32,72,30,74,23,90,107,11,40" hai1="78,82,29,123,15,8,50,9,68,20,3,18,124" hai2="13,77,130,12,65,118,61,41,125,28,80,112,10" hai3="127,128,129,79,67,102,116,99,58,2,105,53,98"/><V60/><F118/><W6/><G116/><T88/><D32/><U97/><E68/><V55/><F112/><W62/><G79/><T37/><D37/><U57/><E124/><V96/><F125/><W47/><G127/><T120/><D120/><U113/><E113/><V19/><F130/><N who="3" m="50283" /><G98/><T5/><D40/><U114/><E114/><V17/><F41/><W85/><G85/><T1/><D30/><U122/><E97/><V34/><F55/><W33/><G33/><T92/><D90/><U36/><E36/><V63/><F96/><W51/><G6/><T87/><REACH who="0" step="1"/><D76/><REACH who="0" ten="195,216,408,171" step="2"/><U103/><E29/><V121/><F121/><W73/><G2/><T131/><D131/><U108/><E3/><V94/><F28/><W52/><G73/><AGARI ba="0,1" hai="1,5,11,14,16,23,72,73,74,87,88,92,106,107" machi="73" ten="40,5200,0" yaku="1,1,54,2,53,0" doraHai="27" doraHaiUra="46" who="0" fromWho="3" sc="195,62,216,0,408,0,171,-52" />
</Scene>
<Scene>
<INIT seed="7,0,0,3,5,93" ten="257,216,408,119" oya="3" hai0="41,89,115,92,71,36,53,42,57,125,56,4,99" hai1="21,64,60,110,105,66,54,77,109,114,78,103,129" hai2="116,35,62,44,8,19,134,130,94,113,52,117,95" hai3="74,108,112,49,51,76,107,32,40,101,2,30,98"/><W83/><G2/><T104/><D71/><U17/><E105/><V22/><F35/><W28/><G112/><T14/><D104/><U11/><E114/><V133/><F8/><W46/><G108/><T124/><D115/><U18/><E103/><V79/><F113/><W75/><G75/><T10/><D56/><N who="1" m="34839" /><E110/><V88/><F79/><N who="1" m="30217" /><E129/><V16/><F94/><W70/><G70/><T97/><D97/><U91/><E91/><V86/><F130/><W37/><G32/><T13/><D13/><N who="1" m="7359" /><E109/><V45/><F44/><W65/><REACH who="3" step="1"/><G65/><REACH who="3" ten="257,216,408,109" step="2"/><T5/><D125/><U68/><E68/><V20/><F117/><W59/><G59/><T132/><D124/><U0/><E0/><V23/><F116/><W67/><G67/><T100/><D57/><U50/><E50/><AGARI ba="0,1" hai="28,30,37,40,46,49,50,51,74,76,83,98,101,107" machi="50" ten="40,7700,0" yaku="1,1,52,1,53,1" doraHai="93" doraHaiUra="106" who="3" fromWho="1" sc="257,0,216,-77,408,0,109,87" />
</Scene>
<Scene>
<INIT seed="7,1,0,1,4,102" ten="257,139,408,196" oya="3" hai0="127,82,27,67,32,114,7,71,68,6,50,104,128" hai1="48,74,62,116,66,109,98,79,95,70,129,65,63" hai2="46,112,73,4,133,125,26,121,69,36,85,115,105" hai3="107,33,120,9,3,19,86,43,28,21,5,10,8"/><W108/><G43/><T76/><D128/><U1/><E129/><V122/><F105/><W64/><G107/><T84/><D127/><U40/><E109/><V0/><F73/><W83/><G64/><T77/><D77/><U53/><E116/><V11/><F69/><W132/><G108/><T37/><D37/><U13/><E1/><V92/><F125/><W52/><G120/><N who="2" m="46185" /><F133/><W16/><G132/><T75/><D114/><U38/><E74/><V41/><F26/><N who="3" m="18583" /><G52/><T22/><D32/><U134/><E79/><V58/><F58/><W24/><G86/><T23/><D23/><U55/><E134/><V101/><F101/><W117/><G83/><T35/><D35/><U131/><E131/><V100/><F100/><W126/><G126/><T118/><D118/><U93/><E13/><V96/><F96/><W59/><G59/><T130/><D104/><U90/><E38/><V81/><F92/><W119/><G9/><T39/><D39/><U78/><E78/><AGARI ba="1,0" hai="0,4,11,36,41,46,78,81,85,112,115" m="46185" machi="78" ten="30,1000,0" yaku="13,1" doraHai="102" who="2" fromWho="1" sc="257,0,139,-13,408,13,196,0" owari="257,6.0,126,-37.0,421,51.0,196,-20.0" />
</Scene>
</mjloggm>