<mjloggm ver="2.3"><GO type="169"/><UN n0="%41%53%41%50%49%4E" n1="%E5%B1%B1%E4%B8%8B%E3%83%80%E3%82%A4%E3%82%B9%E3%82%B1" n2="%E3%81%84%E3%81%AC%E3%81%98%E3%82%83%E3%82%89%E3%81%97" n3="%79%61%73%75%6F%7A%7A" dan="19,17,17,16" rate="2262,2119,2215,2095" sx="M,M,M,M"/><TAIKYOKU oya="0"/>

<Scene>
<INIT seed="0,0,0,4,2,31" ten="250,250,250,250" oya="0" hai0="112,115,111,63,52,48,127,70,19,32,132,5,124" hai1="80,46,83,6,88,20,117,81,23,90,101,119,27" hai2="41,47,126,39,54,120,58,65,131,89,76,96,82" hai3="45,18,123,92,99,69,61,125,33,95,35,113,16"/><T85/><D5/><U87/><E6/><V86/><F120/><W24/><G113/><N who="0" m="43595" /><D85/><U50/><E101/><V84/><F126/><N who="0" m="48170" /><D19/><U57/><E57/><V122/><F131/><W75/><G75/><T4/><D4/><U116/><E87/><V114/><F122/><W91/><G125/><T78/><D78/><U56/><E56/><V49/><F114/><W73/><G73/><T129/><D32/><U72/><E72/><V66/><REACH who="2" step="1"/><F96/><REACH who="2" ten="250,250,240,250" step="2"/><W1/><G123/><T98/><D98/><U40/><REACH who="1" step="1"/><E23/><REACH who="1" ten="250,240,240,250" step="2"/><V2/><F2/><W59/><G1/><T29/><D129/><U104/><E104/><V67/><F67/><W38/><G99/><T74/><D74/><U12/><E12/><V135/><F135/><W51/><G24/><T11/><D132/><U55/><E55/><V37/><F37/><W110/><G38/><T109/><D11/><U94/><E94/><AGARI ba="0,2" hai="39,41,47,49,54,58,65,66,76,82,84,86,89,94" machi="94" ten="30,2000,0" yaku="1,1,7,1,53,0" doraHai="31" doraHaiUra="128" who="2" fromWho="1" sc="250,0,240,-20,240,40,250,0" />
</Scene>
<Scene>
<INIT seed="1,0,0,4,1,83" ten="250,220,280,250" oya="1" hai0="36,31,53,28,132,100,16,46,108,58,126,32,107" hai1="17,6,91,26,55,90,2,124,75,119,114,99,125" hai2="34,81,23,10,40,9,70,24,56,102,43,41,117" hai3="109,47,86,130,104,103,94,60,4,11,101,95,45"/><U131/><E119/><V127/><F70/><W52/><G104/><T122/><D32/><U44/><E114/><V105/><F117/><W82/><G130/><T120/><D108/><U118/><E75/><V63/><F34/><W73/><G73/><T13/><D132/><U88/><E118/><V123/><F123/><N who="0" m="47146" /><D126/><N who="1" m="48747" /><E131/><V20/><F127/><W61/><G109/><T50/><D100/><N who="3" m="38473" /><G4/><T113/><D107/><U134/><E134/><V97/><F81/><W67/><G67/><T92/><D92/><N who="3" m="35369" /><G11/><N who="0" m="6207" /><D113/><U49/><E99/><V96/><F96/><W135/><G135/><T29/><D36/><U54/><E6/><V35/><F35/><W106/><G106/><T65/><D65/><U5/><E5/><V84/><F9/><W85/><G82/><T76/><D76/><U1/><E55/><V116/><F10/><W98/><G98/><T38/><D38/><U0/><E0/><V66/><F116/><W115/><G115/><T21/><D21/><AGARI ba="0,0" hai="1,2,17,21,26,44,49,54,88,90,91" m="48747" machi="21" ten="30,2900,0" yaku="18,1,54,1" doraHai="83" who="1" fromWho="0" sc="250,-29,220,29,280,0,250,0" />
</Scene>
<Scene>
<INIT seed="1,1,0,2,4,34" ten="221,249,280,250" oya="1" hai0="114,132,30,115,92,40,82,2,37,60,74,83,131" hai1="99,120,13,94,103,36,9,91,6,116,125,135,63" hai2="98,24,127,96,53,130,48,109,134,7,104,89,119" hai3="16,26,97,66,78,105,100,112,56,49,101,41,81"/><U84/><E120/><V58/><F119/><W20/><G100/><T12/><D131/><U51/><E116/><V31/><F130/><W85/><G112/><T11/><D132/><U59/><E36/><V68/><F68/><W32/><G32/><T133/><D133/><U72/><E72/><V75/><F75/><W54/><G66/><T55/><D30/><U23/><E135/><V124/><F134/><W14/><REACH who="3" step="1"/><G41/><REACH who="3" ten="221,249,280,240" step="2"/><T102/><D40/><U86/><E125/><V4/><F127/><W128/><G128/><T29/><D102/><U108/><E108/><V45/><F124/><W77/><G77/><T50/><D114/><U87/><E51/><V61/><F48/><W106/><G106/><T38/><D50/><U73/><E73/><V62/><F104/><W33/><G33/><T64/><D74/><U10/><E10/><V123/><F109/><W1/><G1/><T3/><D115/><U18/><E103/><V5/><F123/><W122/><G122/><T67/><D37/><U93/><E91/><V46/><F89/><W57/><G57/><T70/><D11/><U25/><REACH who="1" step="1"/><E99/><REACH who="1" ten="221,239,280,240" step="2"/><V0/><F98/><W107/><G107/><T76/><D38/><U118/><E118/><V71/><F96/><W95/><G95/><T117/><D92/><U35/><E35/><V27/><F62/><W111/><G111/><T121/><D60/><U80/><E80/><V79/><F61/><W113/><G113/><T129/><D83/><U65/><AGARI ba="1,2" hai="6,9,13,18,23,25,59,63,65,84,86,87,93,94" machi="65" ten="30,6000,0" yaku="1,1,0,1,8,1,53,0" doraHai="34" doraHaiUra="69" who="1" fromWho="1" sc="221,-21,239,83,280,-21,240,-21" />
</Scene>
<Scene>
<INIT seed="1,2,0,3,2,64" ten="200,322,259,219" oya="1" hai0="60,17,82,93,28,40,49,9,48,88,125,35,70" hai1="135,27,72,97,25,7,128,92,107,73,74,46,16" hai2="98,106,30,26,53,8,133,2,24,115,31,50,101" hai3="102,86,132,127,43,118,37,14,117,33,51,112,58"/><U20/><E107/><V103/><F133/><W90/><G33/><T79/><D125/><U99/><E135/><V95/><F115/><W84/><G132/><T105/><D105/><U124/><E124/><V91/><F103/><W32/><G32/><T116/><D116/><U5/><E128/><V75/><F75/><W131/><G127/><T18/><D35/><U15/><E46/><V42/><F42/><W38/><G102/><T80/><D28/><U122/><E122/><V34/><F8/><W52/><G112/><T123/><D123/><U63/><E63/><V12/><F12/><W83/><G131/><T54/><D40/><U89/><REACH who="1" step="1"/><E99/><REACH who="1" ten="200,312,259,219" step="2"/><V22/><F106/><W113/><G113/><T81/><D60/><U68/><E68/><V4/><F98/><W119/><G43/><T56/><D70/><U94/><E94/><V120/><F95/><N who="3" m="54727" /><G14/><T23/><D93/><U3/><E3/><V39/><F2/><W121/><G121/><T10/><D80/><U76/><E76/><AGARI ba="2,1" hai="37,38,51,52,58,76,83,86,117,118,119" m="54727" machi="76" ten="30,2000,0" yaku="12,1,54,1" doraHai="64" who="3" fromWho="1" sc="200,0,312,-26,259,0,219,36" />
</Scene>
<Scene>
<INIT seed="2,0,0,5,4,72" ten="200,286,259,255" oya="2" hai0="19,8,87,120,59,56,135,106,119,81,28,22,124" hai1="10,57,74,13,107,116,15,45,33,123,37,18,52" hai2="84,24,30,29,36,41,34,38,40,90,55,73,122" hai3="71,60,132,27,99,26,68,31,125,21,39,126,95"/><V7/><F73/><W1/><G1/><T61/><D120/><U66/><E33/><V42/><F122/><W82/><G39/><T35/><D106/><U110/><E107/><V53/><F7/><W83/><G132/><T85/><D135/><U75/><E116/><V70/><F70/><N who="3" m="26667" /><G60/><T43/><D119/><U67/><E110/><V54/><REACH who="2" step="1"/><F30/><REACH who="2" ten="200,286,249,255" step="2"/><W62/><G31/><T80/><D28/><U3/><E74/><V47/><F47/><W117/><G117/><T88/><D35/><U86/><E75/><V25/><F25/><W121/><G121/><T93/><D124/><U129/><E123/><V16/><F16/><N who="3" m="12583" /><G27/><T92/><D19/><U127/><E18/><V9/><F9/><W102/><G62/><T77/><D8/><U46/><E10/><V100/><F100/><W118/><G118/><T89/><D22/><U20/><E20/><V17/><F17/><W14/><G14/><T5/><D61/><U128/><E13/><V105/><F105/><W12/><G12/><T69/><D69/><U112/><E15/><V32/><F32/><W63/><G63/><T0/><D5/><U65/><E66/><V133/><F133/><W79/><G126/><T2/><D0/><U44/><E3/><V4/><F4/><W101/><G102/><T104/><D2/><U134/><E67/><V111/><F111/><W103/><G101/><T109/><D104/><U108/><E65/><V50/><F50/><W48/><G48/><T58/><D109/><U97/><E108/><V131/><F131/><W96/><G125/><T49/><D89/><U64/><E134/><RYUUKYOKU ba="0,1" sc="200,15,286,-15,249,15,255,-15" hai0="43,49,56,58,59,77,80,81,85,87,88,92,93" hai2="24,29,34,36,38,40,41,42,53,54,55,84,90" />
</Scene>
<Scene>
<INIT seed="2,1,1,2,5,116" ten="215,271,264,240" oya="2" hai0="134,89,130,100,47,31,77,55,62,127,4,112,105" hai1="135,42,133,40,70,50,75,91,36,16,93,38,118" hai2="63,117,97,8,7,125,111,12,44,96,71,94,113" hai3="45,67,87,84,13,56,109,1,119,20,39,46,81"/><V85/><F117/><W72/><G1/><T86/><D112/><U104/><E104/><V58/><F113/><W99/><G72/><T108/><D108/><U35/><E75/><V48/><F71/><W19/><G119/><T17/><D130/><U69/><E35/><V90/><F125/><W37/><G109/><T102/><D127/><U80/><E80/><V121/><F121/><W53/><G67/><T98/><D134/><N who="1" m="51211" /><E16/><V65/><REACH who="2" step="1"/><F111/><REACH who="2" ten="215,271,254,240" step="2"/><W78/><G39/><N who="1" m="14890" /><E118/><V6/><F6/><W28/><G37/><T131/><D4/><U2/><E70/><V27/><F27/><N who="3" m="16487" /><G99/><T23/><D98/><U124/><E69/><V10/><F10/><N who="3" m="6583" /><G87/><T30/><D86/><U79/><E124/><V126/><F126/><W34/><G34/><T73/><D73/><U114/><E114/><V132/><F132/><W128/><G128/><T106/><D131/><U26/><E26/><V122/><F122/><W0/><G0/><T88/><D23/><U115/><E2/><V82/><F82/><W15/><G15/><T11/><D11/><U83/><E83/><V21/><F21/><W24/><G24/><T68/><D68/><U18/><E115/><V29/><F29/><W5/><G5/><T22/><D30/><U41/><E18/><V43/><AGARI ba="1,2" hai="7,8,12,43,44,48,58,63,65,85,90,94,96,97" machi="43" ten="20,7800,0" yaku="1,1,0,1,7,1,8,1,53,0" doraHai="116" doraHaiUra="123" who="2" fromWho="2" sc="215,-27,271,-27,254,101,240,-27" />
</Scene>
<Scene>
<INIT seed="2,2,0,2,2,5" ten="188,244,355,213" oya="2" hai0="61,103,84,111,119,91,41,97,15,45,100,69,16" hai1="121,98,17,51,1,108,31,90,0,6,79,67,58" hai2="116,71,113,118,59,65,8,42,19,2,75,86,40" hai3="55,48,70,35,102,76,92,128,23,33,88,127,99"/><V110/><F113/><W39/><G39/><T66/><D111/><U131/><E108/><V14/><F75/><W62/><G128/><T68/><D68/><U77/><E131/><V38/><F71/><W74/><G127/><T57/><D69/><U130/><E130/><V93/><F110/><W106/><G70/><T25/><D25/><U30/><E121/><V34/><F34/><W107/><G107/><T73/><D97/><U85/><E0/><V52/><F65/><W133/><G133/><T36/><D73/><U9/><E98/><V112/><F112/><W22/><G62/><T82/><REACH who="0" step="1"/><D119/><REACH who="0" ten="178,244,355,213" step="2"/><U104/><E85/><V24/><F24/><W123/><G74/><T47/><D47/><U53/><E58/><V132/><F86/><W10/><G99/><T122/><D122/><U78/><E104/><V60/><F59/><W11/><G106/><T81/><D81/><U50/><E31/><V101/><F118/><W54/><G123/><T109/><D109/><U134/><E30/><V26/><F26/><W64/><G92/><T29/><D29/><U49/><E134/><V94/><F93/><W129/><G129/><T37/><D37/><U18/><E90/><V63/><F94/><W114/><G88/><T87/><D87/><U120/><E120/><V4/><F38/><W135/><G114/><T43/><D43/><U83/><E83/><V21/><F42/><W126/><G135/><T13/><D13/><U20/><E1/><V95/><F116/><W89/><G89/><T44/><D44/><U117/><E117/><V7/><F132/><W3/><G3/><RYUUKYOKU ba="2,1" sc="178,30,244,-10,355,-10,213,-10" hai0="15,16,36,41,45,57,61,66,82,84,91,100,103" />
</Scene>
<Scene>
<INIT seed="3,3,1,0,5,131" ten="208,234,345,203" oya="3" hai0="72,71,33,32,135,95,109,64,124,5,44,82,98" hai1="19,132,104,3,29,62,17,53,18,55,42,68,46" hai2="21,84,54,6,36,34,50,112,115,67,8,60,122" hai3="83,69,91,108,65,2,51,4,92,49,41,134,7"/><W59/><G69/><T37/><D109/><U110/><E110/><V113/><F36/><W11/><G4/><T27/><D124/><U100/><E3/><V76/><F122/><W96/><G108/><T52/><D5/><U80/><E29/><V118/><F118/><W99/><G134/><T75/><D135/><U13/><E132/><V101/><F34/><W22/><G41/><T103/><D37/><U77/><E100/><V117/><F117/><W14/><G2/><T119/><D119/><U15/><E104/><V40/><F40/><W127/><G127/><T25/><D32/><U88/><E88/><V9/><F101/><W102/><G22/><T26/><D33/><U86/><E55/><V85/><F21/><W58/><G83/><T107/><D107/><U10/><E13/><V126/><F76/><W111/><G111/><T28/><D28/><U30/><E30/><V48/><F126/><W73/><G73/><T39/><D39/><U24/><E24/><V133/><F133/><W97/><G65/><T45/><D45/><U16/><E68/><N who="2" m="42087" /><F50/><N who="3" m="18955" /><G102/><T93/><D64/><U121/><E121/><V79/><F79/><W61/><G61/><T35/><D71/><U87/><E62/><V105/><F105/><W106/><G106/><N who="0" m="63863" /><D35/><U0/><E53/><V23/><F23/><W56/><AGARI ba="3,1" hai="7,11,14,56,58,59,91,92,96,97,99" m="18955" machi="56" ten="30,1500,0" yaku="8,1" doraHai="131" who="3" fromWho="3" sc="208,-8,234,-8,345,-8,203,34" />
</Scene>
<Scene>
<INIT seed="3,4,0,4,4,107" ten="200,226,337,237" oya="3" hai0="21,27,16,70,37,58,65,135,28,0,34,1,12" hai1="76,84,74,6,125,9,30,77,90,110,104,132,91" hai2="64,60,7,49,79,73,133,4,71,24,63,113,78" hai3="114,116,82,32,83,31,111,120,41,86,18,123,100"/><W106/><G41/><T40/><D135/><U66/><E66/><V124/><F113/><W11/><G32/><T57/><D70/><U61/><E61/><V94/><F133/><W29/><G18/><T87/><D65/><U112/><E30/><V95/><F124/><W3/><G11/><T56/><REACH who="0" step="1"/><D87/><REACH who="0" ten="190,226,337,237" step="2"/><U17/><E132/><V45/><F64/><W119/><G86/><T52/><D52/><U109/><E112/><V38/><F71/><W67/><G67/><T26/><D26/><U50/><E84/><V98/><F24/><W108/><G3/><T2/><D2/><U75/><E125/><V35/><F63/><W10/><G10/><T97/><D97/><U105/><E109/><N who="3" m="42058" /><G31/><T103/><D103/><U44/><E110/><V89/><F60/><W81/><G29/><T93/><D93/><U115/><E9/><V5/><F95/><W25/><G25/><T59/><N who="0" m="14336" /><DORA hai="72" /><T122/><D122/><N who="3" m="46633" /><G114/><T33/><D33/><U102/><E115/><V43/><F94/><W131/><G131/><T47/><AGARI ba="4,1" hai="0,1,12,16,21,27,28,34,37,40,47" m="14336" machi="47" ten="40,8000,1" yaku="1,1,0,1,54,1,53,1" doraHai="107,72" doraHaiUra="118,69" who="0" fromWho="0" sc="190,102,226,-24,337,-24,237,-44" />
</Scene>
<Scene>
<INIT seed="4,0,0,4,2,28" ten="292,202,313,193" oya="0" hai0="57,112,44,107,133,131,46,123,1,121,2,9,10" hai1="88,124,21,39,120,32,93,65,101,91,130,79,82" hai2="18,103,19,69,81,50,35,87,31,105,17,8,75" hai3="30,129,13,60,22,115,118,119,34,108,47,52,58"/><T27/><D107/><U110/><E120/><V51/><F75/><W41/><G118/><T102/><D102/><U128/><E39/><V127/><F69/><W29/><G119/><T12/><D112/><U106/><E110/><V122/><F122/><W5/><G108/><T99/><D99/><N who="1" m="61759" /><E65/><V16/><F127/><W59/><G115/><T132/><D131/><N who="1" m="50219" /><E124/><V54/><F51/><W62/><G129/><T38/><D57/><U24/><E32/><V6/><F19/><W73/><G73/><T49/><D49/><U3/><E93/><V92/><F105/><W117/><G117/><T77/><D12/><U42/><E42/><V71/><F71/><W111/><G34/><T45/><D45/><U0/><E0/><V25/><F92/><W104/><G104/><T67/><D67/><U23/><E23/><V7/><F103/><W109/><G109/><T15/><D15/><U86/><E3/><V135/><F135/><W78/><G111/><T125/><D125/><U84/><E84/><V90/><REACH who="2" step="1"/><F8/><REACH who="2" ten="292,202,303,193" step="2"/><W89/><G60/><T94/><D94/><U98/><E98/><V14/><F14/><W126/><G13/><T114/><D114/><U83/><E83/><V66/><F66/><W70/><G62/><T64/><D64/><U4/><E4/><V61/><F61/><W85/><G5/><T96/><D96/><U72/><E72/><V55/><F55/><W36/><G52/><T63/><D63/><U68/><E68/><V56/><AGARI ba="0,1" hai="6,7,16,17,18,25,31,35,50,54,56,81,87,90" machi="56" ten="30,7900,0" yaku="1,1,0,1,52,1,54,1,53,0" doraHai="28" doraHaiUra="97" who="2" fromWho="2" sc="292,-39,202,-20,303,89,193,-20" />
</Scene>
<Scene>
<INIT seed="5,0,0,2,5,85" ten="253,182,392,173" oya="1" hai0="36,52,102,17,30,0,59,58,70,118,111,98,92" hai1="127,2,107,65,123,130,134,97,121,38,31,112,95" hai2="10,96,27,4,11,74,76,106,18,131,87,46,55" hai3="14,86,90,16,113,53,83,47,13,135,60,35,26"/><U32/><RYUUKYOKU type="yao9" ba="0,0" sc="253,0,182,0,392,0,173,0" hai1="2,31,32,38,65,95,97,107,112,121,123,127,130,134" />
</Scene>
<Scene>
<INIT seed="5,1,0,1,0,5" ten="253,182,392,173" oya="1" hai0="81,66,107,45,89,30,113,37,134,12,61,2,91" hai1="18,87,62,112,86,0,9,93,42,13,6,117,46" hai2="65,125,70,34,102,25,114,40,21,64,123,43,126" hai3="72,115,3,74,100,1,108,55,39,53,63,88,80"/><U28/><E117/><V49/><F123/><W128/><G63/><T57/><D107/><U29/><E112/><V109/><F109/><W38/><G100/><T8/><D2/><N who="3" m="521" /><G108/><T132/><D113/><U58/><E0/><V54/><F34/><W110/><G110/><T101/><D101/><U15/><E42/><V27/><F114/><W118/><G115/><T85/><D30/><N who="1" m="11883" /><E93/><V44/><F102/><W83/><G118/><T94/><D45/><U69/><E46/><V31/><F27/><W50/><G50/><T79/><D37/><N who="3" m="13833" /><G128/><T77/><D89/><U75/><E69/><V76/><F76/><W11/><G11/><T51/><D51/><U97/><E75/><N who="3" m="28714" /><G88/><T60/><D60/><U135/><E135/><N who="0" m="51753" /><D94/><U20/><E97/><V71/><F70/><W73/><N who="3" m="28722" /><W92/><DORA hai="82" /><G92/><T4/><AGARI ba="1,0" hai="4,8,12,57,61,66,77,79,81,85,91" m="51753" machi="4" ten="30,4000,0" yaku="20,1,52,2" doraHai="5,82" who="0" fromWho="0" sc="253,43,182,-21,392,-11,173,-11" />
</Scene>
<Scene>
<INIT seed="6,0,0,1,5,68" ten="296,161,381,162" oya="2" hai0="10,85,80,122,97,113,65,89,3,6,15,2,110" hai1="66,83,77,91,24,5,104,125,57,38,27,71,41" hai2="60,100,0,62,39,134,131,42,78,8,4,82,12" hai3="47,20,128,31,55,7,109,123,124,46,94,29,18"/><V63/><F131/><W37/><G7/><T49/><D110/><U92/><E104/><V105/><F134/><W56/><G128/><T44/><D122/><U130/><E130/><V51/><F51/><W117/><G123/><T95/><D113/><U1/><E125/><V67/><F12/><W101/><G117/><T58/><D58/><U108/><E71/><V79/><F79/><W76/><G124/><T73/><D73/><N who="1" m="43439" /><E57/><V50/><F50/><W32/><G76/><T120/><D120/><U14/><E14/><V11/><F11/><W90/><G101/><T23/><D23/><U127/><E66/><V118/><F118/><W96/><G109/><T103/><D65/><U98/><E127/><V88/><F88/><W69/><G69/><T53/><AGARI ba="0,0" hai="2,3,6,10,15,44,49,53,80,85,89,95,97,103" machi="53" ten="20,1500,0" yaku="0,1,7,1" doraHai="68" who="0" fromWho="0" sc="296,15,161,-4,381,-7,162,-4" />
</Scene>
<Scene>
<INIT seed="7,0,0,5,1,132" ten="311,157,374,158" oya="3" hai0="108,111,33,129,77,104,40,114,117,52,78,107,65" hai1="45,55,17,120,41,81,24,27,79,113,26,29,105" hai2="43,73,116,99,101,59,53,56,25,134,19,32,36" hai3="47,112,13,124,35,135,70,102,131,66,30,38,123"/><W9/><G102/><T109/><D33/><U7/><E105/><N who="0" m="40521" /><D52/><U121/><E113/><V91/><F73/><W1/><G13/><T106/><D65/><U22/><E7/><V31/><F116/><W118/><G9/><T21/><D21/><U95/><E95/><V10/><F134/><W115/><G47/><T92/><D40/><U80/><E55/><V37/><F91/><W130/><G66/><T110/><D117/><U28/><E28/><V58/><F53/><W4/><G4/><T128/><D106/><U62/><E62/><V20/><F10/><W125/><G1/><T3/><D3/><U82/><E79/><N who="0" m="30217" /><D114/><N who="3" m="43561" /><G38/><T42/><D42/><U85/><E85/><V89/><F43/><W14/><G70/><T122/><D92/><U76/><E76/><V2/><F59/><W100/><G14/><T34/><D34/><U8/><E8/><V96/><F58/><W50/><G50/><T46/><D46/><U75/><E75/><V5/><F56/><W87/><G87/><T74/><D74/><U93/><E93/><V61/><F2/><W44/><G44/><T119/><D119/><U127/><E27/><V71/><F25/><N who="3" m="18895" /><G118/><T103/><D103/><U126/><E26/><V86/><F101/><W15/><G100/><T84/><D84/><U97/><E29/><V51/><F86/><W64/><G64/><T49/><D49/><N who="1" m="26799" /><E97/><V90/><F51/><W23/><G135/><T83/><D111/><U12/><E24/><V68/><F37/><W94/><G94/><T6/><D108/><U11/><E11/><V98/><F36/><W57/><G23/><RYUUKYOKU ba="0,0" sc="311,-10,157,30,374,-10,158,-10" hai1="12,17,22,80,81,82,120,121,126,127" owari="301,10.0,187,-21.0,364,46.0,148,-35.0" />
</Scene>
</mjloggm>