<mjloggm ver="2.3"><GO type="169" lobby="0"/><UN n0="%E3%80%93%E6%9D%BE%E4%BA%95%EF%BC%A3%EF%BC%B3%E3%80%93" n1="%E2%99%AA%E3%83%A2%E3%83%8E%E3%82%AF%E3%83%AD" n2="%41%53%41%50%49%4E" n3="%6D%65%24%6F" dan="17,18,18,16" rate="2165.39,2220.29,2268.96,2085.99" sx="M,F,M,M"/><TAIKYOKU oya="0"/>

<Scene>
<INIT seed="0,0,0,4,0,57" ten="250,250,250,250" oya="0" hai0="133,0,125,124,27,68,77,98,40,53,61,131,81" hai1="97,92,17,44,91,24,56,105,87,117,96,88,3" hai2="75,135,26,119,5,134,79,111,14,104,30,129,110" hai3="28,13,115,51,38,12,35,122,107,78,85,67,99"/><T34/><D0/><U7/><E117/><V72/><F104/><W70/><G38/><T121/><D121/><U82/><E44/><V41/><F41/><W6/><G122/><T4/><D4/><U39/><E39/><V52/><F119/><W36/><G36/><T32/><D40/><U132/><E132/><N who="2" m="50731" /><F79/><W29/><G115/><T86/><D133/><U120/><E120/><V21/><F129/><W106/><G35/><T60/><D131/><U109/><E109/><N who="2" m="41483" /><F5/><W118/><G118/><T23/><D68/><U1/><E7/><V11/><F11/><W48/><G6/><T123/><D123/><U37/><E37/><V112/><F112/><W54/><G78/><T116/><D116/><U47/><E47/><V130/><F14/><W93/><G106/><T33/><D98/><U15/><E24/><V108/><F130/><W74/><G107/><T42/><D42/><U9/><E105/><V101/><F101/><W59/><G74/><T89/><D53/><U63/><E97/><V20/><F20/><W103/><G85/><T95/><D81/><U126/><E126/><N who="0" m="48745" /><D77/><U31/><REACH who="1" step="1"/><E31/><AGARI ba="0,0" hai="23,27,31,32,33,34,60,61,86,89,95" m="48745" machi="31" ten="40,7700,0" yaku="18,1,52,2" doraHai="57" who="0" fromWho="1" sc="250,77,250,-77,250,0,250,0" />
</Scene>
<Scene>
<INIT seed="0,1,0,2,5,100" ten="327,173,250,250" oya="0" hai0="62,28,108,126,41,30,46,66,119,89,1,103,52" hai1="112,75,17,118,130,40,96,25,43,135,49,14,95" hai2="70,55,115,39,76,120,131,18,26,19,80,10,68" hai3="13,93,88,60,61,23,35,79,15,21,99,129,111"/><T44/><D119/><U73/><E118/><V121/><F115/><W127/><G35/><T33/><D1/><U110/><E110/><V82/><F39/><W122/><G111/><T123/><D108/><U34/><E130/><V83/><F76/><W90/><G129/><T53/><D123/><U58/><E135/><V2/><F131/><W69/><G122/><T42/><D126/><U74/><E112/><V54/><F80/><W4/><G127/><T133/><D133/><U67/><E34/><V38/><F38/><W109/><G109/><T77/><D77/><U106/><E25/><V20/><F26/><W124/><G124/><T128/><D128/><U113/><E113/><V36/><F36/><W31/><G69/><T16/><D103/><U105/><E67/><V78/><F78/><W94/><G79/><T47/><D33/><U85/><E85/><V91/><F20/><W64/><G64/><T134/><D134/><U63/><E63/><V37/><F37/><W114/><G114/><T57/><D89/><U0/><E0/><V51/><F2/><W32/><G32/><T3/><D3/><U107/><E58/><V102/><F102/><W117/><G117/><T12/><D53/><U72/><N who="1" m="18432" /><DORA hai="87" /><U84/><E84/><V132/><F132/><W9/><G31/><N who="0" m="11819" /><D66/><U92/><E49/><V11/><F51/><W27/><G27/><T24/><D24/><U97/><E43/><V86/><F86/><N who="3" m="52375" /><G15/><T116/><D116/><U6/><E40/><V104/><F104/><W48/><G48/><T98/><D98/><U22/><E97/><V29/><F29/><RYUUKYOKU ba="1,0" sc="327,10,173,-30,250,10,250,10" hai0="12,16,41,42,44,46,47,52,57,62" hai2="10,11,18,19,54,55,68,70,82,83,91,120,121" hai3="4,9,13,21,23,60,61,90,94,99" />
</Scene>
<Scene>
<INIT seed="0,2,0,5,1,113" ten="337,143,260,260" oya="0" hai0="40,123,112,87,37,76,39,19,30,58,69,134,90" hai1="43,93,89,36,91,99,106,92,108,117,63,45,131" hai2="5,48,11,78,75,110,59,103,60,70,98,12,127" hai3="86,129,133,85,8,114,53,66,71,23,94,121,0"/><T27/><D69/><U104/><E108/><V124/><F110/><W109/><G109/><T95/><D112/><U84/><E131/><V6/><F70/><W77/><G114/><T62/><D134/><U101/><E117/><V31/><F48/><W20/><G129/><T16/><D123/><U128/><E128/><V55/><F31/><W9/><G133/><T81/><D40/><U132/><E132/><V79/><F6/><W120/><G71/><T107/><D107/><U13/><E63/><V74/><F78/><W73/><G66/><T118/><D118/><U7/><E7/><V42/><F42/><W47/><G73/><T116/><D116/><U61/><E13/><V57/><F57/><W115/><G115/><T1/><D1/><U17/><E17/><V25/><F25/><W82/><G94/><T14/><D39/><U80/><REACH who="1" step="1"/><E61/><REACH who="1" ten="337,133,260,260" step="2"/><V28/><F12/><W10/><G120/><T38/><D19/><U26/><E26/><V56/><F5/><W125/><G121/><T33/><D16/><U22/><E22/><V88/><F60/><W97/><G0/><T34/><D14/><U100/><E100/><V46/><F103/><W49/><G20/><T41/><D34/><U4/><E4/><V64/><F11/><W102/><G23/><T52/><REACH who="0" step="1"/><D41/><REACH who="0" ten="327,133,260,260" step="2"/><U105/><E105/><V111/><F111/><W67/><G9/><T29/><D29/><U51/><E51/><V3/><F28/><W135/><G8/><T96/><AGARI ba="2,2" hai="27,30,33,37,38,52,58,62,76,81,87,90,95,96" machi="96" ten="20,12000,1" yaku="1,1,0,1,7,1,54,1,53,1" doraHai="113" doraHaiUra="54" who="0" fromWho="0" sc="327,146,133,-42,260,-42,260,-42" />
</Scene>
<Scene>
<INIT seed="0,3,0,1,3,50" ten="473,91,218,218" oya="0" hai0="109,131,22,20,59,83,53,27,127,3,35,17,126" hai1="0,44,47,117,88,66,111,92,63,24,48,8,120" hai2="67,91,77,21,56,113,106,103,14,94,1,15,95" hai3="12,58,2,105,115,108,112,122,76,110,54,9,85"/><T104/><D3/><U40/><E117/><V16/><F113/><N who="3" m="43595" /><G105/><T121/><D121/><U4/><E111/><N who="3" m="42538" /><G2/><T134/><D109/><U55/><E120/><V6/><F1/><W61/><G122/><T45/><D104/><U78/><E78/><V32/><F32/><W133/><G76/><T13/><D134/><U10/><E24/><V72/><F72/><W130/><G85/><T74/><D45/><U97/><E10/><N who="2" m="4439" /><F106/><W18/><G133/><T28/><D131/><AGARI ba="3,0" hai="9,12,18,54,58,61,130,131" m="42538,43595" machi="131" ten="40,2600,0" yaku="14,1,52,1" doraHai="50" who="3" fromWho="0" sc="473,-35,91,0,218,0,218,35" />
</Scene>
<Scene>
<INIT seed="1,0,0,4,3,119" ten="438,91,218,253" oya="1" hai0="130,55,51,4,63,28,107,105,76,87,79,43,117" hai1="111,7,122,3,98,80,17,34,108,115,26,12,113" hai2="106,18,19,31,56,88,116,65,66,14,91,125,89" hai3="35,24,10,110,64,73,133,84,27,50,83,102,62"/><U5/><E98/><V114/><F116/><W44/><G73/><T15/><D117/><U39/><E39/><V121/><F106/><W13/><G133/><T97/><D130/><U118/><E118/><V123/><F31/><W52/><G110/><N who="1" m="42026" /><E80/><V60/><F125/><W101/><G35/><T40/><D97/><U41/><E41/><V128/><F128/><W22/><G64/><T127/><D40/><U71/><E71/><V0/><F0/><W6/><G62/><T92/><D43/><U132/><E132/><V124/><F124/><W21/><G21/><T9/><D107/><U69/><E69/><V61/><F114/><N who="1" m="43529" /><E3/><V120/><REACH who="2" step="1"/><F14/><REACH who="2" ten="438,91,208,253" step="2"/><W126/><G126/><T59/><D127/><U93/><E93/><V54/><F54/><W129/><G129/><T99/><D105/><U86/><E122/><V78/><F78/><N who="3" m="46199" /><G24/><T134/><D134/><U23/><E86/><V90/><N who="2" m="22528" /><DORA hai="67" /><V46/><F46/><W2/><G2/><T82/><D79/><U103/><E103/><V58/><AGARI ba="0,1" hai="18,19,56,58,60,61,65,66,120,121,123" m="22528" machi="58" ten="50,12000,2" yaku="1,1,0,1,9,1,52,3,54,1,53,0" doraHai="119,67" doraHaiUra="74,47" who="2" fromWho="2" sc="438,-30,91,-60,208,130,253,-30" />
</Scene>
<Scene>
<INIT seed="2,0,0,0,1,76" ten="408,31,338,223" oya="2" hai0="44,128,115,129,118,48,77,0,124,19,89,79,60" hai1="116,78,58,61,68,91,30,51,132,55,122,28,112" hai2="80,59,31,74,14,93,24,83,94,92,65,97,71" hai3="39,63,47,52,113,46,36,34,72,25,70,101,100"/><V56/><F74/><W95/><G72/><T134/><D115/><U84/><E116/><V62/><F97/><W106/><G106/><T90/><D118/><U15/><E112/><V20/><F71/><W69/><G113/><T10/><D134/><U5/><E132/><V38/><F38/><W11/><G11/><T49/><D124/><U123/><E78/><V41/><F41/><W42/><G34/><T21/><D60/><U3/><E3/><V22/><F56/><W114/><G114/><T120/><D120/><N who="1" m="46123" /><E5/><V27/><F14/><W2/><G2/><T99/><D10/><U23/><E15/><V131/><F131/><N who="0" m="50250" /><D0/><U110/><E110/><V87/><F87/><W7/><G7/><T103/><D79/><U45/><E23/><V73/><F73/><W104/><G104/><N who="0" m="63615" /><D77/><U18/><E68/><V1/><F1/><W82/><G82/><T9/><D9/><U102/><E102/><V88/><F88/><N who="0" m="33898" /><D44/><U75/><E75/><V121/><F121/><W12/><G47/><T135/><D135/><U66/><E18/><AGARI ba="0,0" hai="18,20,22,24,27,31,59,62,65,80,83,92,93,94" machi="18" ten="40,7700,0" yaku="8,1,52,2" doraHai="76" who="2" fromWho="1" sc="408,0,31,-77,338,77,223,0" owari="408,21.0,-46,-55.0,415,52.0,223,-18.0" />
</Scene>
</mjloggm>