<mjloggm ver="2.3"><GO type="169" lobby="0"/><UN n0="%41%53%41%50%49%4E" n1="%E3%82%A2%E3%83%AD%E3%82%A8%E3%82%AF%E3%83%B3" n2="%E3%83%A4%E3%82%AD%E3%83%B3" n3="%67%69%6A%79%75%74%75" dan="18,16,16,16" rate="2255.98,2103.68,2067.26,2094.11" sx="M,M,M,M"/><TAIKYOKU oya="0"/>

<Scene>
<INIT seed="0,0,0,0,5,25" ten="250,250,250,250" oya="0" hai0="0,101,64,73,48,17,133,81,27,45,126,3,86" hai1="82,31,51,32,5,114,16,14,71,128,94,62,104" hai2="69,131,10,21,29,123,90,97,89,8,113,110,60" hai3="95,26,66,24,106,49,12,52,83,40,84,33,50"/><T76/><D133/><U4/><E104/><V72/><F72/><W54/><G106/><T56/><D126/><U116/><E116/><V120/><F113/><W57/><G40/><T91/><D101/><U18/><E114/><V98/><F110/><W23/><G66/><T61/><D17/><U124/><E124/><V79/><F79/><W58/><G33/><T130/><D27/><U132/><E132/><V107/><F107/><W112/><G112/><T9/><D9/><U115/><E115/><V122/><F131/><W92/><G12/><T55/><REACH who="0" step="1"/><D130/><REACH who="0" ten="240,250,250,250" step="2"/><U99/><E128/><V111/><F10/><W7/><G7/><T74/><D74/><U68/><E5/><V135/><F8/><W36/><G36/><T102/><D102/><U129/><E129/><V121/><F135/><W103/><G103/><T70/><D70/><U108/><E68/><V38/><F38/><W43/><G26/><T39/><D39/><U47/><E4/><V34/><F69/><W30/><REACH who="3" step="1"/><G43/><REACH who="3" ten="240,250,250,240" step="2"/><T134/><D134/><U19/><E71/><V42/><F42/><W119/><G119/><T53/><D53/><U1/><E19/><V20/><F123/><W15/><G15/><T125/><D125/><U109/><E16/><V46/><F122/><W96/><G96/><T67/><D67/><U80/><E18/><V35/><F98/><W28/><G28/><T85/><D85/><U75/><E31/><V77/><F97/><W88/><AGARI ba="0,2" hai="23,24,30,49,50,52,54,57,58,83,84,88,92,95" machi="88" ten="20,16000,3" yaku="1,1,0,1,7,1,9,1,8,1,52,1,54,2,53,1" doraHai="25" doraHaiUra="78" who="3" fromWho="3" sc="240,-80,250,-40,250,-40,240,180" />
</Scene>
<Scene>
<INIT seed="1,0,0,4,3,62" ten="160,210,210,420" oya="1" hai0="44,35,118,81,1,113,27,90,47,69,94,116,97" hai1="100,50,29,117,53,72,82,126,120,48,76,134,66" hai2="80,101,22,125,23,98,24,9,11,74,105,59,5" hai3="55,73,33,87,112,96,28,84,32,95,128,127,133"/><U89/><E117/><V43/><F125/><W70/><G73/><T114/><D1/><U19/><E120/><V99/><F43/><W41/><G70/><T93/><D69/><U57/><E126/><V46/><F46/><W8/><G127/><T130/><D35/><U103/><E134/><V6/><F99/><W79/><G41/><T10/><D27/><U64/><E29/><V91/><F59/><W63/><G112/><T102/><D10/><U85/><E50/><V107/><F107/><W110/><G8/><T132/><D47/><U34/><E34/><V39/><F39/><W20/><G95/><T108/><D44/><U129/><E129/><V77/><F91/><W109/><G63/><T12/><D12/><U38/><E38/><V3/><REACH who="2" step="1"/><F24/><REACH who="2" ten="160,210,200,420" step="2"/><W40/><G40/><T14/><D90/><U58/><E58/><V13/><AGARI ba="0,1" hai="3,5,6,9,11,13,22,23,74,77,80,98,101,105" machi="13" ten="20,5200,0" yaku="1,1,2,1,0,1,7,1,53,0" doraHai="62" doraHaiUra="25" who="2" fromWho="2" sc="160,-13,210,-26,200,62,420,-13" />
</Scene>
<Scene>
<INIT seed="2,0,0,0,1,64" ten="147,184,262,407" oya="2" hai0="91,106,54,93,122,12,107,78,17,9,132,76,27" hai1="1,71,30,68,94,117,10,125,134,0,52,101,131" hai2="121,95,126,119,79,135,60,133,19,113,43,55,87" hai3="21,26,53,111,6,29,13,51,110,88,39,69,81"/><V109/><F113/><W84/><G39/><T92/><D122/><U2/><E117/><V62/><F119/><W7/><G69/><T102/><D132/><N who="2" m="50762" /><F121/><W67/><G67/><T4/><D102/><U56/><E134/><V83/><F43/><W70/><G70/><T128/><D128/><U98/><E131/><V14/><F126/><W40/><G40/><T112/><D112/><U28/><E125/><V82/><F95/><W103/><G103/><T65/><D93/><U34/><E10/><N who="2" m="6615" /><F109/><N who="3" m="41483" /><G13/><T22/><D65/><U115/><E115/><V33/><F33/><W50/><G50/><T61/><D106/><U36/><E36/><V86/><F55/><W123/><G123/><T105/><D107/><U57/><E34/><V127/><F127/><W100/><G100/><T116/><D105/><U49/><REACH who="1" step="1"/><E56/><AGARI ba="0,0" hai="6,7,21,26,29,51,53,56,81,84,88" m="41483" machi="56" ten="30,2000,0" yaku="14,1,54,1" doraHai="64" who="3" fromWho="1" sc="147,0,184,-20,262,0,407,20" />
</Scene>
<Scene>
<INIT seed="3,0,0,0,4,80" ten="147,164,262,427" oya="3" hai0="13,4,114,116,123,18,85,120,130,30,87,131,14" hai1="90,40,110,19,105,112,101,25,33,135,45,77,91" hai2="62,42,57,98,125,132,17,38,69,96,39,11,72" hai3="61,75,36,1,129,0,23,27,37,46,63,22,35"/><W121/><G75/><T133/><D116/><U68/><E112/><V6/><F69/><W95/><G35/><T28/><D114/><U111/><E68/><V7/><F72/><W109/><G95/><T60/><D60/><U51/><E135/><V15/><F132/><W118/><G27/><T74/><D74/><U86/><E105/><V79/><F125/><W104/><G46/><T9/><D133/><U115/><E115/><V76/><F42/><W134/><G134/><T106/><D106/><U103/><E77/><N who="2" m="29771" /><F39/><W56/><G104/><T44/><D44/><U117/><E117/><V20/><F38/><W59/><G118/><T119/><D119/><U64/><E64/><N who="2" m="38991" /><F7/><W34/><G34/><T24/><D120/><U48/><E33/><V10/><F10/><W8/><G8/><N who="0" m="4231" /><D123/><U113/><E113/><V55/><F55/><W89/><G121/><T41/><D41/><U88/><E40/><V94/><F94/><W29/><G129/><N who="0" m="49163" /><D24/><AGARI ba="0,0" hai="6,11,15,17,20,24,96,98" m="38991,29771" machi="24" ten="30,1000,0" yaku="8,1" doraHai="80" who="2" fromWho="0" sc="147,-10,164,0,262,10,427,0" />
</Scene>
<Scene>
<INIT seed="4,0,0,3,4,116" ten="137,164,272,427" oya="0" hai0="91,124,130,63,72,83,97,61,20,29,43,59,9" hai1="86,55,93,51,45,66,119,31,109,8,2,41,54" hai2="23,106,95,67,135,24,81,11,71,79,10,50,16" hai3="39,111,134,5,65,84,128,3,1,133,102,62,77"/><T131/><D124/><U60/><E119/><V125/><F106/><W53/><G39/><T19/><D29/><U87/><E109/><V114/><F125/><W76/><G111/><T56/><D9/><U52/><E31/><V36/><F36/><W74/><G74/><T40/><D72/><U35/><E35/><V28/><F114/><W104/><G53/><N who="0" m="33935" /><D131/><U132/><E132/><V113/><F113/><W121/><G128/><T15/><D130/><U48/><E93/><V12/><F135/><W105/><G5/><T82/><D97/><U112/><E112/><V73/><F50/><W88/><G134/><T126/><D126/><U37/><E2/><V99/><F67/><W21/><G65/><N who="0" m="39167" /><D91/><U26/><E8/><V115/><F115/><W117/><G88/><T64/><D64/><U34/><E34/><V98/><F71/><W68/><G68/><T22/><D22/><U44/><E26/><V47/><F47/><W4/><G21/><T89/><D89/><U90/><E45/><V6/><F95/><W122/><G117/><T101/><D101/><U7/><E90/><V120/><F98/><W80/><G102/><T57/><D57/><U25/><E25/><V96/><F96/><W46/><G133/><T94/><D94/><U17/><E44/><V107/><F99/><W0/><G46/><T110/><D110/><U70/><E66/><V13/><F107/><W58/><G105/><T123/><D123/><N who="3" m="47113" /><G104/><T92/><D92/><U27/><E70/><V30/><F120/><W108/><G108/><T118/><D118/><U78/><E37/><V103/><F103/><RYUUKYOKU ba="0,0" sc="137,15,164,-15,272,15,427,-15" hai0="15,19,20,40,43,82,83" hai2="6,10,11,12,13,16,23,24,28,30,73,79,81" />
</Scene>
<Scene>
<INIT seed="4,1,0,3,2,109" ten="152,149,287,412" oya="0" hai0="74,100,121,3,115,19,50,41,72,2,77,125,80" hai1="119,29,10,46,36,37,85,24,120,43,73,7,110" hai2="12,106,90,60,47,22,15,122,62,49,89,20,123" hai3="133,31,68,82,8,21,39,13,101,129,116,18,42"/><T114/><D121/><U98/><E120/><V56/><F106/><W97/><G116/><T59/><D125/><U27/><E110/><V51/><F56/><W81/><G68/><T83/><D100/><U86/><E119/><V71/><REACH who="2" step="1"/><F47/><REACH who="2" ten="152,149,277,412" step="2"/><W111/><G111/><T113/><D59/><U9/><E46/><V79/><F79/><W14/><G133/><T34/><D34/><U102/><E37/><V69/><AGARI ba="1,1" hai="12,15,20,22,49,51,60,62,69,71,89,90,122,123" machi="69" ten="25,12000,2" yaku="1,1,0,1,22,2,53,2" doraHai="109" doraHaiUra="84" who="2" fromWho="2" sc="152,-61,149,-31,277,133,412,-31" />
</Scene>
<Scene>
<INIT seed="5,0,0,2,5,15" ten="91,118,410,381" oya="1" hai0="25,41,64,22,85,96,32,130,4,44,102,123,34" hai1="103,45,82,52,70,72,39,129,127,95,59,122,6" hai2="40,56,88,109,8,31,99,66,116,126,98,68,81" hai3="28,7,27,61,67,135,108,50,101,105,107,36,18"/><U47/><E122/><V93/><F109/><W24/><G108/><T121/><D130/><U26/><E129/><V13/><F116/><W1/><G36/><T75/><D75/><U132/><E70/><V58/><F126/><W77/><G101/><T20/><D64/><U117/><E117/><V112/><F112/><W83/><G50/><N who="0" m="26895" /><D4/><U33/><E127/><V42/><F68/><W125/><G135/><T69/><D85/><U118/><E118/><V63/><F31/><W76/><G28/><N who="0" m="17463" /><D20/><U124/><E124/><V94/><F81/><W46/><G83/><T92/><D69/><U71/><E71/><V89/><F58/><W3/><G46/><T19/><D19/><AGARI ba="0,0" hai="8,13,19,40,42,56,63,66,88,89,93,94,98,99" machi="19" ten="30,8000,1" yaku="7,1,9,1,8,1,52,1,54,1" doraHai="15" who="2" fromWho="0" sc="91,-80,118,0,410,80,381,0" />
</Scene>
<Scene>
<INIT seed="6,0,0,3,0,41" ten="11,118,490,381" oya="2" hai0="14,107,85,55,38,124,69,83,64,56,71,0,60" hai1="2,6,67,73,134,97,61,127,104,7,62,25,24" hai2="28,87,4,44,80,86,31,77,105,122,37,22,48" hai3="66,109,51,34,19,121,74,129,54,116,53,26,17"/><V117/><F37/><W130/><G109/><T35/><D107/><U94/><E73/><V126/><F117/><W106/><G106/><T21/><D0/><U90/><E127/><V119/><F119/><W89/><G74/><T29/><D124/><U40/><E134/><V93/><F105/><W102/><G102/><T111/><D111/><U3/><E104/><V131/><F126/><W92/><G116/><T20/><D38/><U13/><E40/><V16/><F4/><W49/><G66/><T27/><D14/><U23/><E25/><N who="2" m="14535" /><F131/><N who="3" m="50187" /><G121/><T101/><D101/><U39/><E39/><V82/><F93/><W36/><G36/><T98/><D98/><U133/><E133/><V79/><F122/><W12/><G34/><T10/><D10/><U125/><E125/><V84/><F84/><N who="3" m="52263" /><G26/><T52/><D55/><AGARI ba="0,0" hai="28,31,44,48,55,77,79,80,82,86,87" m="14535" machi="55" ten="30,5800,0" yaku="8,1,52,1,54,1" doraHai="41" who="2" fromWho="0" sc="11,-58,118,0,490,58,381,0" owari="-47,-55.0,118,-28.0,548,65.0,381,18.0" />
</Scene>
</mjloggm>