<mjloggm ver="2.3"><GO type="169" lobby="0"/><UN n0="%41%53%41%50%49%4E" n1="%E9%9D%92%E6%9C%A8%E8%8C%82" n2="%43%52%41%57%4C" n3="%E3%81%90%E3%81%9D%E3%83%BC" dan="19,16,16,16" rate="2222,2050,2048,2047" sx="M,M,M,M"/><TAIKYOKU oya="0"/>

<Scene>
<INIT seed="0,0,0,2,1,125" ten="250,250,250,250" oya="0" hai0="40,88,111,79,16,27,28,69,124,101,10,81,53" hai1="32,63,7,19,90,34,91,120,4,55,60,47,99" hai2="121,123,8,83,41,130,65,133,25,126,67,132,66" hai3="35,97,128,135,109,11,22,71,56,127,50,36,6"/><T38/><D69/><U122/><E19/><V57/><F126/><W62/><G127/><T104/><D124/><U134/><E55/><V44/><F25/><W119/><G119/><T78/><D111/><U21/><E21/><V110/><F110/><W84/><G35/><T73/><D79/><U0/><E47/><V59/><F83/><W68/><G22/><T33/><D40/><U87/><E87/><V14/><F14/><W3/><G50/><T13/><D38/><U24/><E24/><V23/><F23/><W12/><G12/><T93/><D53/><U18/><E18/><V94/><F94/><W30/><G56/><N who="2" m="21577" /><F8/><W64/><G62/><T100/><REACH who="0" step="1"/><D104/><REACH who="0" ten="240,250,250,250" step="2"/><U31/><E122/><V26/><F123/><W103/><G36/><T75/><D75/><U80/><E120/><V117/><F121/><W43/><G109/><T102/><D102/><U42/><E42/><V15/><F41/><W29/><G103/><T95/><D95/><U17/><E90/><V116/><F116/><W48/><G71/><T129/><D129/><U46/><E91/><V45/><F117/><W113/><G128/><T2/><D2/><U112/><E0/><V61/><F130/><W108/><G68/><T72/><D72/><U49/><E34/><V39/><F39/><W86/><G3/><T118/><D118/><U37/><E32/><V70/><F70/><W85/><G43/><T77/><D77/><U89/><E37/><V5/><F67/><W96/><G64/><T74/><D74/><U9/><E89/><V107/><F66/><W58/><G108/><T51/><D51/><RYUUKYOKU ba="0,1" sc="240,30,250,-10,250,-10,250,-10" hai0="10,13,16,27,28,33,73,78,81,88,93,100,101" />
</Scene>
<Scene>
<INIT seed="0,1,1,4,0,119" ten="270,240,240,240" oya="0" hai0="28,81,110,3,105,38,116,50,122,8,53,65,103" hai1="132,57,36,48,52,37,128,126,55,47,13,23,133" hai2="135,97,20,18,62,64,73,130,104,41,69,70,100" hai3="58,31,94,129,51,120,59,11,2,91,63,92,74"/><T5/><D116/><U78/><E78/><V71/><F73/><W43/><G74/><T83/><D38/><U72/><E72/><V29/><F130/><W1/><G129/><T125/><D125/><U101/><E101/><V56/><F135/><N who="1" m="51785" /><E128/><V46/><F29/><W117/><G117/><T124/><D124/><U134/><E126/><V66/><F66/><W102/><G31/><T22/><D122/><U10/><E23/><V4/><F4/><W109/><G109/><T84/><D110/><U24/><E24/><V77/><F77/><W30/><G30/><T68/><D84/><U21/><E21/><V79/><F79/><W6/><G1/><T25/><D65/><U45/><E134/><V96/><F96/><W35/><G35/><T27/><D68/><U39/><E13/><V49/><F71/><W42/><G120/><T82/><D27/><AGARI ba="1,1" hai="18,20,27,41,46,49,56,62,64,69,70,97,100,104" machi="27" ten="30,1000,0" yaku="7,1" doraHai="119" who="2" fromWho="0" sc="270,-13,240,0,240,23,240,0" />
</Scene>
<Scene>
<INIT seed="1,0,0,3,5,134" ten="257,240,263,240" oya="1" hai0="0,132,102,127,89,114,122,68,55,108,73,57,47" hai1="16,53,87,125,80,4,88,50,131,54,121,56,15" hai2="110,51,85,75,90,3,11,44,111,28,29,84,103" hai3="12,99,91,41,116,83,118,81,123,2,22,65,1"/><U104/><E121/><V72/><F103/><W106/><G123/><T18/><D18/><U133/><E104/><V120/><F120/><W129/><G129/><T71/><D89/><U34/><E133/><V5/><F29/><W32/><G32/><T62/><D102/><U86/><E131/><V117/><F28/><W35/><G35/><T40/><D73/><U27/><E4/><V42/><F117/><W97/><G65/><T96/><D96/><N who="3" m="36937" /><G41/><T98/><D98/><U43/><E43/><V95/><REACH who="2" step="1"/><F85/><REACH who="2" ten="257,240,253,240" step="2"/><W135/><G116/><T70/><D122/><U93/><E34/><V77/><F77/><W46/><G118/><T79/><D79/><U17/><E87/><V101/><F101/><W115/><G135/><T63/><D132/><U67/><E86/><V66/><F66/><W92/><G91/><T128/><D128/><U26/><E88/><V10/><F10/><W82/><G106/><T64/><D64/><U23/><E67/><V130/><F130/><W107/><G107/><T49/><D70/><U14/><E93/><V124/><F124/><W30/><G92/><T59/><D127/><U52/><E125/><V38/><F38/><W7/><G83/><T94/><D94/><U19/><E80/><V13/><F13/><N who="1" m="4617" /><E27/><V100/><F100/><W61/><G82/><T60/><D71/><U112/><E112/><V24/><F24/><W126/><G81/><T58/><D114/><U6/><E6/><V113/><F113/><W119/><G7/><T69/><D68/><U8/><E8/><V105/><F105/><W25/><G126/><T39/><D69/><RYUUKYOKU ba="0,1" sc="257,-15,240,15,253,15,240,-15" hai1="16,17,19,23,26,50,52,53,54,56" hai2="3,5,11,42,44,51,72,75,84,90,95,110,111" />
</Scene>
<Scene>
<INIT seed="1,1,1,1,5,19" ten="242,255,268,225" oya="1" hai0="84,124,79,62,49,6,36,71,3,42,1,77,51" hai1="15,75,117,66,134,44,130,89,53,20,73,64,26" hai2="45,128,61,17,113,39,30,81,118,25,9,125,80" hai3="24,5,95,13,68,135,87,56,32,101,27,2,107"/><U108/><E117/><V105/><F118/><W23/><G68/><T72/><D124/><U34/><E134/><V90/><F105/><W104/><G135/><T60/><D84/><U114/><E114/><V86/><F125/><W4/><G2/><T16/><D71/><U98/><E130/><V92/><F113/><W106/><G13/><T122/><D122/><U0/><E0/><V115/><F115/><W7/><G32/><T29/><D29/><U129/><E129/><V38/><F128/><W46/><G46/><T28/><D28/><U120/><E120/><V10/><F61/><W109/><G109/><T82/><D77/><U59/><E108/><V99/><F80/><W123/><G123/><T112/><D112/><U50/><E34/><V100/><F17/><W8/><G8/><T40/><D1/><U58/><E15/><V85/><F85/><W35/><G35/><T94/><D94/><N who="1" m="56655" /><E75/><V65/><F65/><N who="1" m="25193" /><E73/><V121/><F121/><W102/><G27/><T110/><D110/><U63/><E63/><N who="0" m="24105" /><D6/><U119/><E119/><V57/><F38/><W47/><G47/><T127/><D3/><U67/><E67/><V43/><F57/><W132/><G132/><T70/><D127/><U31/><AGARI ba="1,1" hai="20,26,31,44,50,53,58,59" m="25193,56655" machi="31" ten="30,3000,0" yaku="8,1,52,1" doraHai="19" who="1" fromWho="1" sc="242,-11,255,43,268,-11,225,-11" />
</Scene>
<Scene>
<INIT seed="1,2,0,2,0,75" ten="231,298,257,214" oya="1" hai0="70,21,131,34,102,83,117,121,91,31,46,95,14" hai1="63,54,59,115,119,1,53,100,124,118,40,112,93" hai2="3,0,126,94,12,6,69,33,79,47,96,78,55" hai3="44,56,106,125,97,76,30,135,132,109,130,81,133"/><U39/><E1/><V80/><F69/><W101/><G30/><T9/><D117/><U26/><E26/><V28/><F126/><W74/><G125/><T61/><D34/><U92/><E124/><V129/><F129/><W8/><G8/><T123/><D131/><U127/><E127/><V42/><F33/><W43/><G130/><T77/><D102/><U2/><E2/><V16/><F28/><W60/><G109/><T66/><D46/><U5/><E5/><V114/><F114/><W85/><G56/><T19/><D31/><U104/><E104/><V49/><F0/><W98/><G60/><T11/><D121/><U134/><E134/><V110/><F6/><W62/><G62/><T36/><D36/><U86/><E93/><V122/><F3/><W13/><G13/><T35/><D35/><U88/><E100/><V38/><F80/><W67/><G67/><T71/><D71/><U48/><E115/><V50/><F110/><W120/><G98/><T4/><D123/><U64/><E112/><V52/><F122/><W45/><G120/><T18/><D18/><U99/><E99/><V103/><F38/><N who="3" m="21623" /><G45/><T58/><D4/><U37/><E37/><V25/><F25/><W65/><G65/><T41/><D41/><U84/><E84/><AGARI ba="2,0" hai="74,76,81,84,85,97,101,106,132,133,135" m="21623" machi="84" ten="30,2000,0" yaku="20,1,52,1" doraHai="75" who="3" fromWho="1" sc="231,0,298,-26,257,0,214,26" />
</Scene>
<Scene>
<INIT seed="2,0,0,4,0,24" ten="231,272,257,240" oya="2" hai0="40,82,25,21,54,103,128,11,20,78,65,50,60" hai1="135,2,116,94,55,104,7,30,84,56,122,58,59" hai2="133,61,67,13,28,46,53,9,52,132,51,108,79" hai3="123,48,69,109,34,130,63,119,92,66,115,3,71"/><V121/><F121/><W90/><G3/><T16/><D128/><U33/><E116/><V44/><F79/><W62/><G119/><T98/><D40/><U127/><E104/><V81/><F81/><W120/><G34/><T32/><D32/><U93/><E122/><V105/><F105/><W1/><G1/><T38/><D38/><U126/><E135/><N who="2" m="51787" /><F108/><W17/><G109/><T95/><D11/><N who="1" m="2551" /><E84/><V70/><F28/><W101/><G101/><T5/><D5/><U14/><E14/><V74/><F74/><W22/><G130/><T35/><D35/><U19/><E55/><N who="2" m="21067" /><F51/><W131/><G48/><T26/><D54/><U86/><E19/><AGARI ba="0,0" hai="9,13,19,44,46,61,67,70" m="21067,51787" machi="19" ten="30,2900,0" yaku="20,1,54,1" doraHai="24" who="2" fromWho="1" sc="231,0,272,-29,257,29,240,0" />
</Scene>
<Scene>
<INIT seed="2,1,0,3,1,30" ten="231,243,286,240" oya="2" hai0="118,33,54,113,62,60,28,35,81,23,22,100,97" hai1="6,67,110,129,93,92,31,57,12,116,91,115,1" hai2="79,27,111,69,29,102,50,96,82,78,5,83,120" hai3="44,123,72,134,19,18,74,40,126,125,36,45,108"/><V104/><F120/><W61/><G123/><T59/><D113/><U9/><E110/><V56/><F69/><W15/><G108/><T37/><D37/><U73/><E115/><V124/><F111/><W55/><G134/><T17/><D118/><U130/><E73/><V49/><F124/><N who="3" m="47723" /><G19/><T95/><D28/><U41/><E41/><V10/><F56/><N who="3" m="34975" /><G45/><T101/><D101/><U47/><E47/><V99/><F50/><W94/><G94/><T133/><D133/><U4/><E116/><V76/><F49/><W34/><G34/><T135/><D135/><U70/><E70/><V98/><F104/><W16/><G18/><T89/><D23/><AGARI ba="1,0" hai="15,16,23,36,40,44,72,74" m="34975,47723" machi="23" ten="30,2000,0" yaku="18,1,54,1" doraHai="30" who="3" fromWho="0" sc="231,-23,243,0,286,0,240,23" />
</Scene>
<Scene>
<INIT seed="3,0,0,4,3,90" ten="208,243,286,263" oya="3" hai0="70,42,43,129,1,22,14,86,13,41,78,63,10" hai1="128,106,95,135,80,44,47,134,5,130,82,20,79" hai2="126,21,60,131,68,46,56,35,66,85,16,6,7" hai3="76,23,36,37,102,45,94,39,55,28,64,114,122"/><W58/><G114/><T112/><D112/><U72/><E5/><V132/><F35/><W4/><G122/><T15/><D129/><N who="1" m="49771" /><E106/><V12/><F131/><W121/><G121/><T123/><D123/><U49/><E80/><V65/><F132/><N who="1" m="50729" /><E20/><V105/><F105/><W88/><G76/><T75/><D75/><U110/><E110/><V30/><F30/><W0/><G102/><T103/><D103/><U113/><E113/><V3/><F3/><W107/><G107/><T115/><D115/><U67/><E67/><V62/><F6/><W77/><G77/><T104/><D104/><U116/><E116/><V120/><F7/><W119/><G64/><T24/><D1/><U127/><E49/><V2/><F120/><W40/><G119/><T57/><D10/><U118/><E118/><V52/><F2/><W100/><G100/><T84/><D78/><U98/><E127/><V33/><F33/><W109/><G109/><T29/><REACH who="0" step="1"/><D70/><REACH who="0" ten="198,243,286,263" step="2"/><U54/><E54/><AGARI ba="0,1" hai="13,14,15,22,24,29,41,42,43,54,57,63,84,86" machi="54" ten="40,8000,1" yaku="1,1,2,1,8,1,53,1" doraHai="90" doraHaiUra="25" who="0" fromWho="1" sc="198,90,243,-80,286,0,263,0" />
</Scene>
<Scene>
<INIT seed="4,0,0,5,5,81" ten="288,163,286,263" oya="0" hai0="58,27,41,32,86,84,4,18,109,23,100,91,8" hai1="42,61,24,116,121,48,89,72,44,132,39,9,97" hai2="85,92,56,47,94,57,71,88,5,2,64,0,21" hai3="118,53,34,130,55,15,78,62,101,69,113,125,102"/><T93/><D109/><U122/><E121/><V131/><F71/><W45/><G34/><T76/><D32/><U50/><E122/><V126/><F131/><W128/><G118/><T35/><D35/><U6/><E72/><V83/><F126/><W49/><G78/><T36/><D36/><U115/><E132/><V30/><F2/><W19/><G125/><T13/><D41/><U10/><E116/><V117/><F117/><W127/><G127/><T11/><D100/><U28/><E61/><N who="2" m="37927" /><F0/><W65/><G55/><T95/><D76/><U60/><E60/><V20/><F5/><W133/><G133/><T107/><D107/><U74/><E74/><V135/><F135/><W52/><G53/><T1/><D58/><U17/><E17/><V134/><F134/><W75/><G75/><T80/><REACH who="0" step="1"/><D86/><REACH who="0" ten="278,163,286,263" step="2"/><U14/><E39/><V104/><F104/><W66/><G101/><T99/><D99/><U87/><E97/><V7/><F57/><W43/><G102/><T70/><D70/><U106/><E106/><V37/><F37/><W120/><G120/><T38/><D38/><U123/><E123/><V114/><F47/><W68/><G43/><T3/><D3/><U26/><E44/><V77/><F77/><W111/><G111/><T40/><D40/><U59/><E42/><V12/><F114/><W46/><G113/><T33/><D33/><U119/><E115/><V105/><F105/><W98/><G98/><T29/><AGARI ba="0,1" hai="1,4,8,11,13,18,23,27,29,80,84,91,93,95" machi="29" ten="20,7800,0" yaku="1,1,0,1,7,1,52,1,53,0" doraHai="81" doraHaiUra="67" who="0" fromWho="0" sc="278,88,163,-26,286,-26,263,-26" />
</Scene>
<Scene>
<INIT seed="4,1,0,1,1,81" ten="366,137,260,237" oya="0" hai0="5,47,111,94,54,12,118,102,87,51,29,112,77" hai1="9,127,71,122,91,107,117,28,66,101,34,92,20" hai2="0,26,61,93,63,48,8,49,40,103,131,64,41" hai3="39,95,35,30,17,27,42,78,62,74,125,31,128"/><T7/><D118/><U110/><E117/><V134/><F131/><W59/><G128/><T70/><D70/><U65/><E110/><V126/><F134/><W6/><G6/><T37/><D111/><U86/><E122/><V116/><F116/><W43/><G125/><T84/><D37/><U57/><E127/><V33/><F126/><W88/><G30/><T44/><D112/><U120/><E120/><V114/><F114/><W11/><G39/><T121/><D121/><U99/><E9/><V16/><F0/><W19/><G78/><T15/><D29/><U23/><E66/><V50/><F33/><W82/><G82/><N who="0" m="47567" /><D102/><U105/><E105/><V129/><F129/><W46/><G74/><T85/><D44/><U67/><E57/><N who="2" m="36911" /><F63/><W32/><G32/><T83/><D94/><U36/><E67/><V80/><F80/><W52/><G11/><N who="0" m="4207" /><D83/><N who="1" m="49631" /><E36/><V24/><F93/><W98/><REACH who="3" step="1"/><G46/><REACH who="3" ten="366,137,260,227" step="2"/><T55/><D7/><U123/><E123/><V89/><F8/><W72/><G72/><T21/><D54/><U133/><E133/><V106/><F40/><AGARI ba="1,1" hai="17,19,27,31,35,40,42,43,52,59,62,88,95,98" machi="40" ten="40,5200,0" yaku="1,1,54,2,53,0" doraHai="81" doraHaiUra="108" who="3" fromWho="2" sc="366,0,137,0,260,-55,227,65" />
</Scene>
<Scene>
<INIT seed="5,0,0,5,1,81" ten="366,137,205,292" oya="1" hai0="1,57,56,65,50,15,108,106,100,47,8,125,115" hai1="117,54,103,111,71,51,59,134,63,91,9,128,38" hai2="44,66,85,12,110,82,90,19,112,4,70,76,39" hai3="25,120,43,2,49,122,101,0,123,17,60,84,64"/><U42/><E103/><V68/><F110/><W74/><G74/><T37/><D108/><U41/><E111/><V28/><F112/><W131/><G131/><T69/><D1/><U24/><E24/><V75/><F4/><W87/><G101/><T83/><D115/><U97/><E117/><V77/><F28/><W99/><G99/><T80/><D125/><U52/><E128/><V14/><F14/><W33/><G2/><T46/><D37/><U18/><E134/><V31/><F31/><W129/><G0/><T132/><D132/><U6/><E18/><V118/><F118/><W89/><G89/><T67/><D106/><U116/><E116/><V102/><F102/><W96/><G96/><T21/><D100/><U20/><E20/><V26/><F26/><W35/><G129/><T48/><D21/><U92/><E38/><V119/><F119/><W34/><G17/><T107/><D15/><N who="1" m="5559" /><E71/><V78/><F75/><W114/><G25/><T36/><D36/><U124/><E124/><V133/><F133/><W113/><G113/><T45/><D45/><AGARI ba="0,0" hai="41,42,45,51,52,54,59,63,91,92,97" m="5559" machi="45" ten="30,2900,0" yaku="8,1,54,1" doraHai="81" who="1" fromWho="0" sc="366,-29,137,29,205,0,292,0" />
</Scene>
<Scene>
<INIT seed="5,1,0,0,0,66" ten="337,166,205,292" oya="1" hai0="27,115,62,125,88,85,57,87,111,108,94,50,71" hai1="67,26,114,84,93,127,91,117,102,119,82,44,65" hai2="12,123,9,64,72,122,4,38,5,1,128,22,100" hai3="56,110,3,30,25,18,0,118,124,106,24,83,49"/><U75/><E114/><V46/><F72/><W134/><G110/><T92/><D115/><U28/><E127/><V45/><F128/><W23/><G106/><T103/><D125/><U40/><E102/><V95/><F64/><W89/><G124/><T10/><D71/><U41/><E41/><V86/><F122/><W116/><G134/><T130/><D130/><U7/><E7/><N who="2" m="2635" /><F38/><W104/><G104/><T48/><D108/><U107/><E107/><V52/><F1/><W73/><G56/><T113/><D113/><U32/><E75/><V68/><F68/><W58/><G58/><T132/><D132/><U109/><E109/><V80/><F22/><N who="3" m="15671" /><G49/><N who="0" m="19051" /><D111/><U99/><E117/><N who="3" m="45162" /><G89/><N who="0" m="53295" /><D27/><U6/><E119/><V97/><F123/><W20/><G20/><T11/><D103/><U2/><E2/><V60/><F45/><W112/><G112/><T17/><D17/><U54/><E6/><V77/><F46/><W55/><G55/><AGARI ba="1,0" hai="10,11,55,57,62,87,88,94" m="53295,19051" machi="55" ten="30,2000,0" yaku="8,1,54,1" doraHai="66" who="0" fromWho="3" sc="337,23,166,0,205,0,292,-23" />
</Scene>
<Scene>
<INIT seed="6,0,0,3,2,6" ten="360,166,205,269" oya="2" hai0="91,37,83,123,60,44,82,124,4,49,14,59,68" hai1="52,22,46,24,102,39,42,75,78,96,35,23,118" hai2="134,77,100,58,98,133,33,55,135,88,10,36,8" hai3="87,103,117,104,94,70,93,95,101,26,2,45,40"/><V110/><F33/><W32/><G70/><T111/><D111/><U11/><E118/><V57/><F36/><W9/><G117/><T27/><D123/><U1/><E35/><V63/><F110/><W65/><G65/><T67/><D124/><U126/><E126/><V85/><F58/><W131/><G131/><T116/><D116/><U113/><E113/><V19/><F19/><W21/><G32/><T20/><D37/><U5/><E24/><V89/><F77/><W73/><G73/><T47/><D68/><U13/><E13/><V12/><F12/><W38/><G87/><N who="0" m="50679" /><D83/><N who="1" m="45535" /><E52/><V127/><F127/><W121/><G121/><T106/><D106/><AGARI ba="0,0" hai="1,5,11,22,23,39,42,46,96,102,106" m="45535" machi="106" ten="30,2000,0" yaku="25,1,52,1" doraHai="6" who="1" fromWho="0" sc="360,-20,166,20,205,0,269,0" />
</Scene>
<Scene>
<INIT seed="7,0,0,3,0,74" ten="340,186,205,269" oya="3" hai0="119,0,75,15,104,34,58,9,47,25,27,3,45" hai1="124,103,97,2,17,21,60,70,40,90,5,26,133" hai2="84,113,94,33,114,110,93,10,1,126,88,20,18" hai3="117,62,49,130,71,79,48,44,77,76,37,121,106"/><W16/><G117/><T50/><D119/><U72/><E124/><V59/><F110/><W54/><G121/><T116/><D116/><U115/><E115/><N who="2" m="44043" /><F126/><W31/><G106/><T65/><D75/><U120/><E133/><V123/><F123/><W102/><G102/><T83/><D83/><U85/><E120/><V19/><F33/><W6/><G31/><T80/><D80/><U134/><E134/><V56/><F94/><W81/><G37/><T109/><D109/><U22/><E72/><V30/><F30/><W66/><G6/><T57/><D104/><U69/><E40/><V28/><F28/><W8/><G130/><T35/><D50/><U42/><E42/><V91/><F91/><W12/><G49/><T64/><D15/><U11/><E22/><V105/><F105/><W101/><G101/><T125/><D125/><U67/><E97/><V89/><F89/><W131/><G131/><T135/><D135/><U4/><E103/><V73/><F73/><AGARI ba="0,0" hai="8,12,16,44,48,54,62,66,71,73,76,77,79,81" machi="73" ten="30,12000,1" yaku="7,1,52,3,54,1" doraHai="74" who="3" fromWho="2" sc="340,0,186,0,205,-120,269,120" owari="340,14.0,186,-21.0,85,-41.0,389,48.0" />
</Scene>
</mjloggm>