<mjloggm ver="2.3"><GO type="169"/><UN n0="%41%53%41%50%49%4E" n1="%E3%83%AD%E3%83%AA%E3%83%BC%E3%82%BF%E3%81%AA%E7%84%BC%E8%82%89" n2="%E6%A1%9C%E7%8C%AB" n3="%E3%83%87%E3%82%B8%E3%82%BF%E3%83%AB%E4%BB%99%E4%BA%BA" dan="19,17,16,18" rate="2202,2152,2039,2216" sx="M,M,F,F"/><TAIKYOKU oya="0"/>

<Scene>
<INIT seed="0,0,0,4,1,94" ten="250,250,250,250" oya="0" hai0="53,70,97,10,82,106,129,19,45,116,28,57,33" hai1="125,11,135,126,22,59,121,77,88,100,91,63,27" hai2="118,25,104,49,131,56,115,87,65,71,103,89,5" hai3="17,75,92,123,98,44,124,105,35,114,102,32,48"/><T81/><D116/><U13/><E121/><V36/><F115/><W37/><G123/><T90/><D70/><U41/><E41/><V110/><F36/><W4/><G114/><T108/><D129/><U112/><E112/><V55/><F118/><W62/><G124/><N who="1" m="47722" /><E77/><V9/><F131/><W47/><G75/><T43/><D108/><U96/><E135/><V60/><F110/><W69/><G4/><T95/><D106/><N who="1" m="63751" /><E13/><V20/><F104/><W73/><G73/><T40/><D40/><U72/><E11/><V80/><F103/><W99/><G37/><T128/><D19/><N who="1" m="12767" /><E72/><V134/><F134/><W107/><G17/><T54/><D10/><U67/><AGARI ba="0,0" hai="59,63,67,88,91" m="12767,63751,47722" machi="67" ten="30,4000,0" yaku="18,1,52,1,54,1" doraHai="94" who="1" fromWho="1" sc="250,-20,250,40,250,-10,250,-10" />
</Scene>
<Scene>
<INIT seed="1,0,0,0,5,18" ten="230,290,240,240" oya="1" hai0="65,77,81,38,36,96,124,2,7,97,19,90,123" hai1="103,4,58,68,102,49,5,126,120,87,14,78,112" hai2="94,56,1,3,100,9,132,8,42,35,133,60,118" hai3="57,79,41,6,116,135,113,111,52,63,104,54,86"/><U48/><E68/><V40/><F118/><W70/><G116/><T0/><D123/><U114/><E120/><V107/><F35/><W82/><G111/><T109/><D109/><U23/><E126/><V24/><F107/><W61/><G113/><T11/><D124/><U69/><E69/><V99/><F24/><W44/><G104/><T13/><D65/><U85/><E58/><V89/><F100/><W16/><G6/><T91/><D2/><U125/><E125/><V17/><F17/><W101/><G101/><T74/><D96/><U122/><E122/><V117/><F117/><W59/><G70/><T62/><D62/><U29/><E14/><V64/><F8/><W15/><G135/><N who="2" m="51785" /><F9/><W84/><G82/><T50/><D50/><U30/><REACH who="1" step="1"/><E78/><REACH who="1" ten="230,280,240,240" step="2"/><V130/><F130/><W66/><G79/><T39/><REACH who="0" step="1"/><D97/><REACH who="0" ten="220,280,240,240" step="2"/><U37/><E37/><V72/><F3/><W28/><G66/><T115/><D115/><U88/><E88/><V131/><F1/><W134/><G134/><T21/><AGARI ba="0,2" hai="0,7,11,13,19,21,36,38,39,74,77,81,90,91" machi="21" ten="30,4000,0" yaku="1,1,0,1,52,1,53,0" doraHai="18" doraHaiUra="22" who="0" fromWho="0" sc="220,60,280,-20,240,-10,240,-10" />
</Scene>
<Scene>
<INIT seed="2,0,0,2,5,71" ten="280,260,230,230" oya="2" hai0="0,107,43,44,28,66,114,129,100,131,50,3,17" hai1="48,14,29,102,110,4,16,104,80,105,39,46,25" hai2="127,18,97,99,49,132,53,24,109,122,101,106,9" hai3="69,56,77,41,42,65,6,67,117,37,34,120,98"/><V103/><F122/><W2/><G120/><T112/><D28/><U91/><E110/><V15/><F132/><W31/><G117/><T7/><D66/><U85/><E102/><V133/><F133/><W47/><G42/><T116/><D116/><U61/><E61/><V63/><F127/><W33/><G67/><T115/><D7/><U75/><E75/><V73/><F73/><W60/><G31/><T11/><D100/><U96/><E4/><V62/><F24/><W93/><G77/><T52/><D107/><U32/><E96/><V58/><REACH who="2" step="1"/><F109/><REACH who="2" ten="280,260,220,230" step="2"/><W20/><G69/><T72/><D72/><U82/><E82/><V88/><F88/><W13/><G33/><T90/><D90/><U38/><E105/><AGARI ba="0,1" hai="9,15,18,49,53,58,62,63,97,99,101,103,105,106" machi="105" ten="30,5800,0" yaku="1,1,7,1,9,1,53,0" doraHai="71" doraHaiUra="125" who="2" fromWho="1" sc="280,0,260,-58,220,68,230,0" />
</Scene>
<Scene>
<INIT seed="2,1,0,5,1,56" ten="280,202,288,230" oya="2" hai0="17,7,25,100,70,133,111,34,134,124,82,27,24" hai1="62,89,71,93,8,33,6,18,5,13,83,125,60" hai2="96,88,1,109,41,116,59,118,66,90,69,54,129" hai3="80,72,128,68,65,19,2,35,108,113,123,132,28"/><V95/><F1/><W30/><RYUUKYOKU type="yao9" ba="1,0" sc="280,0,202,0,288,0,230,0" hai3="2,19,28,30,35,65,68,72,80,108,113,123,128,132" />
</Scene>
<Scene>
<INIT seed="2,2,0,1,3,30" ten="280,202,288,230" oya="2" hai0="118,78,121,69,2,21,23,67,70,131,135,32,116" hai1="81,64,106,124,130,108,43,18,122,117,8,72,86" hai2="17,55,134,3,47,126,61,88,93,87,60,85,58" hai3="66,5,62,33,80,45,29,128,24,110,114,19,103"/><V0/><F134/><W105/><G110/><T1/><BYE who="1" /><D78/><U111/><E111/><V51/><F126/><W83/><G128/><T31/><D31/><U57/><E57/><V9/><F85/><W13/><G114/><UN n1="%E3%83%AD%E3%83%AA%E3%83%BC%E3%82%BF%E3%81%AA%E7%84%BC%E8%82%89" /><T56/><D56/><U112/><E64/><V129/><F129/><W6/><G45/><T76/><D76/><U84/><E81/><V74/><F74/><W52/><G6/><T27/><D131/><U59/><E59/><V107/><F107/><W73/><G5/><T96/><D67/><U91/><E84/><V102/><F102/><W109/><G52/><T65/><D65/><U79/><E86/><V25/><F61/><W127/><G73/><T40/><D27/><U4/><E79/><V34/><F34/><W71/><G127/><T16/><D96/><U125/><E125/><V15/><REACH who="2" step="1"/><F25/><REACH who="2" ten="280,202,278,230" step="2"/><W132/><G132/><T113/><D32/><U100/><E124/><V115/><F115/><W28/><G109/><T75/><D75/><U26/><E72/><V7/><F7/><W41/><G103/><T99/><D135/><U20/><E100/><V77/><F77/><W50/><G105/><T104/><D104/><U53/><E106/><V119/><F119/><W39/><G33/><T14/><D118/><U63/><E117/><V54/><AGARI ba="2,1" hai="0,3,9,15,17,47,51,54,55,58,60,87,88,93" machi="54" ten="20,7800,0" yaku="1,1,0,1,7,1,54,1,53,0" doraHai="30" doraHaiUra="92" who="2" fromWho="2" sc="280,-28,202,-28,278,94,230,-28" />
</Scene>
<Scene>
<INIT seed="2,3,0,4,4,128" ten="252,174,372,202" oya="2" hai0="76,133,125,10,31,19,103,36,85,24,37,44,119" hai1="72,121,66,23,18,89,0,21,15,46,48,113,11" hai2="35,50,129,61,122,25,33,105,116,98,81,5,107" hai3="86,13,27,112,79,58,63,70,49,29,110,82,17"/><V64/><F122/><W87/><G110/><T118/><D125/><U106/><E121/><V3/><F116/><N who="0" m="44586" /><D44/><U59/><E106/><V62/><F129/><W91/><G112/><T43/><D43/><U127/><E72/><V80/><F62/><W12/><G70/><T101/><D76/><U83/><E127/><V8/><F35/><W135/><G49/><T16/><D85/><N who="1" m="50367" /><E0/><V84/><F50/><W52/><G17/><N who="0" m="6731" /><D133/><U42/><E113/><V32/><F32/><W47/><G135/><T9/><D31/><U4/><E18/><V60/><F60/><AGARI ba="3,0" hai="4,11,15,21,23,42,46,48,59,60,66" m="50367" machi="60" ten="30,1000,0" yaku="8,1" doraHai="128" who="1" fromWho="2" sc="252,0,174,19,372,-19,202,0" />
</Scene>
<Scene>
<INIT seed="3,0,0,1,4,97" ten="252,193,353,202" oya="3" hai0="38,43,60,1,85,14,4,123,90,76,21,24,61" hai1="37,72,54,121,26,135,106,29,44,105,129,45,99" hai2="55,13,118,124,125,52,53,18,39,62,28,114,130" hai3="82,128,33,64,104,30,81,133,11,91,7,22,58"/><W83/><G104/><T20/><D123/><U100/><E121/><V86/><F118/><W16/><G133/><T88/><D1/><U27/><E135/><V42/><F114/><W117/><G128/><T32/><D32/><U110/><E129/><V9/><F130/><W89/><G117/><T84/><D76/><U108/><E105/><V74/><F74/><W77/><G77/><T127/><D127/><N who="2" m="48714" /><F28/><W115/><G115/><T59/><D43/><N who="1" m="22639" /><E72/><V112/><F112/><W5/><G33/><T51/><D38/><U94/><E106/><V73/><F73/><W65/><G30/><N who="0" m="17671" /><D85/><U8/><E8/><V120/><F120/><W92/><G91/><T79/><D79/><U101/><E54/><V50/><F86/><N who="3" m="52279" /><G11/><N who="0" m="4455" /><D21/><N who="1" m="15567" /><E45/><N who="2" m="23775" /><F62/><N who="0" m="24170" /><D84/><U111/><E27/><V75/><F75/><W17/><G17/><T36/><D36/><U68/><E68/><V66/><F66/><N who="3" m="25707" /><G58/><AGARI ba="0,0" hai="9,13,18,50,52,53,55,58" m="23775,48714" machi="58" ten="30,2000,0" yaku="18,1,54,1" doraHai="97" who="2" fromWho="3" sc="252,0,193,0,353,20,202,-20" />
</Scene>
<Scene>
<INIT seed="4,0,0,4,0,40" ten="252,193,373,182" oya="0" hai0="26,43,12,93,66,2,60,74,57,27,61,46,44" hai1="67,72,89,111,32,9,99,21,29,122,34,36,4" hai2="28,76,52,77,41,118,135,132,88,6,94,109,86" hai3="103,125,23,11,25,14,79,83,19,63,82,8,33"/><T70/><D2/><U130/><E72/><V68/><F109/><W18/><G125/><T55/><D74/><U81/><E111/><V117/><F68/><W98/><G33/><T35/><D35/><U75/><E122/><V39/><F28/><W97/><G8/><T54/><D54/><U102/><E130/><V42/><F6/><W16/><G63/><T71/><D71/><U121/><E121/><V10/><F10/><W17/><G97/><T108/><D108/><U38/><E67/><V47/><F42/><W37/><G37/><T73/><D73/><U84/><E75/><V48/><F77/><W5/><REACH who="3" step="1"/><G79/><REACH who="3" ten="252,193,373,172" step="2"/><T91/><D61/><U22/><E36/><V116/><F76/><W64/><G64/><T129/><D66/><U133/><E38/><V7/><F7/><W80/><G80/><T105/><D70/><U3/><E32/><V15/><F15/><W78/><G78/><T1/><D1/><U30/><E34/><V104/><REACH who="2" step="1"/><F104/><AGARI ba="0,1" hai="5,11,14,16,17,18,19,23,25,82,83,98,103,104" machi="104" ten="40,2600,0" yaku="1,1,54,1,53,0" doraHai="40" doraHaiUra="115" who="3" fromWho="2" sc="252,0,193,0,373,-26,172,36" />
</Scene>
<Scene>
<INIT seed="5,0,0,0,2,40" ten="252,193,347,208" oya="1" hai0="129,117,42,105,11,44,50,75,6,76,56,69,1" hai1="99,24,119,12,30,107,80,38,10,106,71,97,114" hai2="121,112,89,135,16,57,72,95,21,85,60,64,22" hai3="96,53,18,26,29,5,35,93,83,59,116,91,108"/><U130/><E119/><V131/><F121/><W63/><G116/><T77/><D117/><U43/><E114/><V66/><F72/><W120/><G108/><T78/><D69/><U74/><E71/><V132/><F112/><W39/><G120/><T52/><D105/><U79/><E130/><V8/><F131/><W92/><G5/><T104/><D104/><U31/><E107/><V125/><F125/><W49/><G39/><T61/><REACH who="0" step="1"/><D129/><REACH who="0" ten="242,193,347,208" step="2"/><U98/><E106/><V133/><F66/><W13/><G83/><AGARI ba="0,1" hai="1,6,11,42,44,50,52,56,61,75,76,77,78,83" machi="83" ten="40,8000,1" yaku="1,1,2,1,52,1,54,1,53,0" doraHai="40" doraHaiUra="134" who="0" fromWho="3" sc="242,90,193,0,347,0,208,-80" />
</Scene>
<Scene>
<INIT seed="6,0,0,0,1,63" ten="332,193,347,128" oya="2" hai0="2,54,35,69,84,4,93,101,23,80,42,38,36" hai1="18,55,124,120,13,89,59,12,83,67,112,20,97" hai2="65,77,44,24,0,123,76,46,91,66,48,98,47" hai3="27,68,118,6,108,129,39,71,11,88,121,34,81"/><V131/><F123/><W10/><G118/><T56/><D35/><U41/><E120/><V107/><F0/><W14/><G121/><T114/><D69/><U75/><E112/><V119/><F119/><W96/><G108/><T104/><D104/><U74/><E41/><V103/><F131/><W125/><G129/><T26/><D114/><U73/><E124/><V113/><F113/><W95/><G125/><T21/><D42/><U37/><E37/><V1/><F1/><W132/><G132/><T92/><D21/><U134/><E134/><V9/><F9/><W130/><G130/><T126/><D126/><U31/><E31/><V29/><F48/><W28/><G39/><T135/><D135/><U100/><E12/><V50/><F50/><W87/><REACH who="3" step="1"/><G10/><REACH who="3" ten="332,193,347,118" step="2"/><T43/><D36/><U57/><E75/><V72/><F72/><W133/><G133/><T115/><D38/><U117/><E74/><V109/><F109/><W70/><G70/><T45/><D115/><U90/><E73/><V25/><F25/><W60/><G60/><T30/><D26/><U33/><E117/><V7/><F7/><W17/><G17/><T53/><D4/><U86/><E18/><V116/><F116/><W82/><G82/><T49/><D80/><U127/><E83/><V51/><F51/><W8/><G8/><T128/><D49/><U64/><E127/><V99/><F24/><W40/><G40/><T110/><D43/><U102/><E33/><V122/><F122/><W94/><G94/><T5/><D128/><U15/><E20/><V58/><F107/><W52/><G52/><RYUUKYOKU ba="0,1" sc="332,-10,193,-10,347,-10,118,30" hai3="6,11,14,27,28,34,68,71,81,87,88,95,96" />
</Scene>
<Scene>
<INIT seed="7,1,1,3,0,131" ten="322,183,337,148" oya="3" hai0="25,126,100,98,15,76,93,111,134,23,96,30,57" hai1="49,4,94,61,28,78,122,119,106,22,102,19,9" hai2="7,0,121,51,44,125,92,32,13,67,73,113,127" hai3="42,114,14,110,26,6,11,37,105,46,39,56,123"/><W3/><G123/><T54/><D134/><U107/><E122/><V95/><F0/><W104/><G114/><T16/><D126/><N who="2" m="48138" /><F121/><W2/><G110/><T59/><D111/><U20/><E61/><V38/><F38/><W12/><G39/><T55/><D76/><U69/><E78/><V10/><F113/><W62/><G26/><T109/><D109/><U47/><E22/><V35/><F73/><W72/><G72/><T40/><D40/><U84/><E28/><V31/><F67/><W86/><G86/><T68/><D68/><U83/><E69/><V60/><F60/><W64/><REACH who="3" step="1"/><G12/><REACH who="3" ten="322,183,337,138" step="2"/><T115/><D115/><U103/><E84/><V5/><F35/><W128/><G128/><T97/><D15/><U21/><E119/><V116/><F116/><W90/><G90/><T108/><D108/><U41/><E103/><V24/><F5/><W117/><G117/><T89/><D100/><U1/><E102/><V91/><F91/><W88/><G88/><T66/><D89/><U65/><E4/><V45/><F24/><W8/><G8/><T77/><D77/><U118/><E9/><V17/><F7/><W124/><G124/><T48/><D25/><U50/><E118/><V53/><F32/><W34/><G34/><T52/><D23/><U133/><E20/><V81/><F31/><W132/><G132/><T58/><D30/><U63/><E21/><V18/><F18/><W130/><G130/><T71/><D16/><U74/><E19/><V33/><F33/><W70/><G70/><T135/><D71/><U27/><E133/><V80/><F17/><RYUUKYOKU ba="1,2" sc="322,-10,183,-10,337,-10,138,30" hai3="2,3,6,11,14,37,42,46,56,62,64,104,105" />
</Scene>
<Scene>
<INIT seed="7,2,2,5,3,20" ten="312,173,327,168" oya="3" hai0="104,37,79,128,100,56,36,18,24,85,2,58,34" hai1="81,54,105,69,129,19,130,53,75,76,90,126,61" hai2="82,118,74,7,116,66,64,110,21,134,14,107,103" hai3="55,9,63,8,35,71,23,133,1,83,40,127,42"/><W131/><G35/><T98/><D2/><U15/><E105/><V95/><F107/><W92/><G131/><N who="1" m="50186" /><E126/><V12/><F110/><W47/><G127/><T102/><D128/><U70/><E90/><V123/><F123/><W44/><G133/><T6/><D6/><U52/><E61/><V59/><F74/><W86/><G92/><T109/><D109/><U67/><E67/><V0/><F82/><W13/><G1/><T17/><D104/><U51/><E51/><V49/><F134/><W29/><G71/><T32/><D85/><U38/><E38/><V108/><F108/><W50/><G63/><T106/><D106/><U60/><E60/><V77/><F77/><N who="3" m="46447" /><G44/><T99/><D24/><U121/><E121/><V97/><F0/><W68/><G68/><T28/><D28/><U89/><E89/><V112/><F112/><W43/><G29/><T132/><D132/><U45/><E45/><V31/><F31/><W125/><G125/><T88/><D88/><U57/><E57/><V41/><F41/><N who="3" m="10499" /><W115/><DORA hai="73" /><G115/><T94/><D94/><U87/><E75/><V96/><F95/><W119/><G119/><T101/><D101/><U135/><E135/><V4/><F103/><W72/><G72/><T16/><D79/><U26/><E26/><V11/><F49/><W3/><G3/><T80/><D36/><U65/><E65/><V5/><F116/><W78/><G78/><T120/><D37/><U114/><E114/><V22/><F118/><W10/><G13/><T91/><D120/><U117/><E117/><V33/><F14/><W46/><G46/><RYUUKYOKU ba="2,2" sc="312,-15,173,15,327,-15,168,15" hai1="15,19,52,53,54,69,70,76,81,87" hai3="8,9,10,23,47,50,55" />
</Scene>
<Scene>
<INIT seed="7,3,2,5,2,124" ten="297,188,312,183" oya="3" hai0="43,64,106,5,14,20,116,112,135,118,84,1,121" hai1="23,95,34,94,57,129,19,63,49,26,119,58,134" hai2="110,73,51,54,21,65,100,113,92,17,72,0,2" hai3="7,77,70,3,39,76,75,85,16,31,50,15,69"/><W78/><G39/><T105/><D121/><U98/><E134/><V60/><F110/><W132/><G75/><T122/><D122/><U128/><E119/><V40/><F40/><W48/><G132/><T103/><D1/><U46/><E34/><V74/><F113/><W59/><G31/><T28/><D135/><U114/><E114/><V107/><F107/><W91/><G69/><T33/><D112/><U27/><E27/><V96/><F21/><N who="3" m="11423" /><G70/><T99/><D106/><U125/><E125/><V29/><F29/><W90/><G3/><T61/><D43/><N who="1" m="24799" /><E58/><V82/><F17/><W55/><G7/><T4/><D84/><U62/><E62/><V35/><F35/><W133/><G133/><T115/><D115/><U126/><E126/><V87/><F65/><W30/><G30/><T32/><D32/><U130/><E98/><V79/><REACH who="2" step="1"/><F60/><REACH who="2" ten="297,188,302,183" step="2"/><N who="3" m="35967" /><G90/><T104/><D118/><U102/><E102/><V41/><F41/><W117/><G117/><T108/><D116/><U47/><E47/><AGARI ba="3,3" hai="0,2,47,51,54,72,73,74,79,82,87,92,96,100" machi="47" ten="40,1300,0" yaku="1,1,53,0" doraHai="124" doraHaiUra="56" who="2" fromWho="1" sc="297,0,188,-22,302,52,183,0" owari="297,10.0,166,-33.0,354,45.0,183,-22.0" />
</Scene>
</mjloggm>