<mjloggm ver="2.3"><GO type="169" lobby="0"/><UN n0="%E3%81%B9%E3%81%A3%E3%81%93%E3%83%BC%E2%99%AA" n1="%41%53%41%50%49%4E" n2="%E3%82%B9%E3%83%86%E3%83%AB%E3%82%B9%6B%69%6E%6F" n3="%E3%81%A4%E3%81%AE%E3%81%A0%E2%98%86%E3%81%B2%E3%82%8D" dan="17,18,16,18" rate="2152.12,2261.11,2036.30,2214.20" sx="F,M,F,F"/><TAIKYOKU oya="0"/>

<Scene>
<INIT seed="0,0,0,1,5,115" ten="250,250,250,250" oya="0" hai0="81,82,56,117,79,28,106,6,36,30,124,18,67" hai1="2,120,116,24,113,72,71,96,109,50,78,126,12" hai2="83,114,43,34,80,0,98,9,99,91,127,88,84" hai3="13,70,133,93,10,25,31,129,103,48,73,74,44"/><T52/><D106/><U45/><E12/><V77/><F34/><W5/><G70/><T130/><D36/><U105/><E24/><V14/><F0/><W101/><G133/><T100/><D100/><U123/><E50/><V54/><F43/><W76/><G129/><T131/><D6/><U121/><E121/><V4/><F114/><W37/><G37/><T87/><D67/><U65/><E65/><V40/><F40/><W89/><G74/><T119/><D18/><U55/><E55/><V53/><F127/><W94/><G76/><T8/><D8/><U38/><E45/><V20/><F20/><W26/><G73/><T33/><D124/><U41/><E96/><V69/><F69/><W21/><G25/><T17/><D17/><U57/><E57/><V32/><F32/><W90/><G94/><T112/><D112/><U64/><E78/><V85/><F77/><W22/><G22/><T135/><D135/><U42/><E64/><V125/><F125/><W92/><G92/><T15/><D15/><U62/><E62/><V47/><F47/><W104/><G104/><T39/><D82/><U11/><E11/><V111/><F111/><W51/><G44/><T23/><D23/><U108/><E123/><V35/><F35/><W7/><G7/><T134/><D33/><U86/><E108/><V59/><F54/><W107/><G107/><T102/><D134/><U128/><E109/><V122/><F122/><W49/><G93/><T66/><D39/><U29/><E120/><V110/><F110/><W97/><G97/><T1/><D79/><U63/><E126/><RYUUKYOKU ba="0,0" sc="250,-15,250,-15,250,15,250,15" hai2="4,9,14,53,59,80,83,84,85,88,91,98,99" hai3="5,10,13,21,26,31,48,49,51,89,90,101,103" />
</Scene>
<Scene>
<INIT seed="1,1,0,0,5,98" ten="235,235,265,265" oya="1" hai0="117,122,107,75,20,118,61,64,92,16,110,57,41" hai1="130,52,31,62,10,83,69,58,48,73,116,46,3" hai2="7,76,17,121,54,50,135,120,114,55,132,18,47" hai3="96,127,113,82,60,49,125,100,53,21,119,43,39"/><U129/><E116/><V4/><F114/><W12/><G113/><T70/><D107/><U85/><E73/><V2/><F76/><W59/><G119/><T104/><D104/><U42/><E69/><V88/><F2/><W32/><G32/><T94/><D75/><U67/><E31/><V123/><F47/><W44/><G82/><T103/><D122/><U131/><E10/><V15/><F15/><W72/><G72/><T79/><D79/><U124/><E3/><V95/><F50/><W27/><G12/><T28/><D41/><U77/><REACH who="1" step="1"/><E124/><REACH who="1" ten="235,225,265,265" step="2"/><V89/><F123/><W90/><G125/><T33/><D70/><U102/><E102/><V99/><F99/><W14/><G127/><T91/><D117/><U51/><E51/><V87/><F87/><W22/><G49/><T134/><D118/><U106/><E106/><V38/><REACH who="2" step="1"/><F95/><REACH who="2" ten="235,225,255,265" step="2"/><W0/><G0/><T108/><D94/><U1/><E1/><V71/><F71/><W74/><G74/><T126/><D92/><U63/><E63/><V97/><F97/><W78/><G96/><T65/><D61/><U66/><AGARI ba="1,2" hai="42,46,48,52,58,62,66,67,77,83,85,129,130,131" machi="66" ten="40,12000,1" yaku="1,1,0,1,19,1,54,1,53,1" doraHai="98" doraHaiUra="40" who="1" fromWho="1" sc="235,-41,225,143,255,-41,265,-41" />
</Scene>
<Scene>
<INIT seed="1,2,0,2,3,98" ten="194,368,214,224" oya="1" hai0="125,111,54,78,91,95,109,43,94,114,130,67,131" hai1="7,59,44,4,40,75,97,66,35,71,105,100,113" hai2="85,112,127,123,72,62,12,51,68,9,11,27,5" hai3="33,106,49,133,28,17,89,57,26,45,69,64,38"/><U13/><E113/><V32/><F72/><W81/><G133/><T124/><D67/><U87/><E75/><V117/><F123/><W25/><G106/><T42/><D54/><U90/><E35/><V77/><F117/><W29/><G17/><T41/><D114/><U121/><E121/><V2/><F112/><W30/><G81/><T101/><D78/><U65/><E71/><V61/><F51/><W63/><G89/><T50/><D50/><U128/><E128/><N who="0" m="49193" /><D91/><U93/><E13/><V79/><F127/><N who="0" m="48714" /><D101/><U118/><E118/><V1/><F85/><W132/><G132/><T8/><D8/><U3/><E59/><V73/><F11/><W88/><G88/><T16/><D16/><U110/><E66/><V96/><F9/><W134/><G134/><T70/><D70/><U135/><E65/><V10/><F68/><W21/><G69/><T92/><AGARI ba="2,0" hai="41,42,43,92,94,95,109,111" m="48714,49193" machi="92" ten="40,8000,1" yaku="28,2,19,1,18,1" doraHai="98" who="0" fromWho="0" sc="194,86,368,-42,214,-22,224,-22" />
</Scene>
<Scene>
<INIT seed="2,0,0,3,4,84" ten="280,326,192,202" oya="2" hai0="14,71,93,6,97,11,95,132,44,53,3,5,47" hai1="82,107,120,134,41,91,60,116,13,37,103,45,100" hai2="52,36,0,115,117,96,80,61,119,78,32,123,94" hai3="76,64,42,98,34,83,77,17,133,127,18,102,75"/><V51/><F115/><W35/><G133/><T135/><D71/><U66/><E116/><V105/><F123/><W58/><G127/><T1/><D14/><U15/><E134/><N who="0" m="51241" /><D53/><U68/><E120/><V112/><F112/><W113/><G113/><T85/><D85/><U104/><E91/><V92/><F36/><W62/><G42/><T19/><D19/><U70/><E82/><V99/><F32/><W39/><G39/><T25/><D25/><U126/><E126/><V129/><F0/><N who="0" m="74" /><D11/><U79/><E79/><V86/><F105/><W56/><G77/><T38/><D38/><U2/><E2/><V9/><F9/><W48/><G35/><T46/><D97/><U7/><E68/><V20/><F20/><W29/><G34/><T54/><D54/><U12/><REACH who="1" step="1"/><E7/><AGARI ba="0,0" hai="5,6,7,44,46,47,93,95" m="74,51241" machi="7" ten="40,5200,0" yaku="28,2,20,1" doraHai="84" who="0" fromWho="1" sc="280,52,326,-52,192,0,202,0" />
</Scene>
<Scene>
<INIT seed="3,0,0,0,2,109" ten="332,274,192,202" oya="3" hai0="67,21,93,1,57,6,134,81,124,26,86,75,7" hai1="18,46,39,111,33,61,82,132,12,15,31,13,60" hai2="92,49,101,43,5,11,40,34,64,121,22,117,98" hai3="131,84,128,89,51,17,32,63,8,114,54,35,85"/><W19/><G63/><T0/><D134/><U70/><E111/><V71/><F34/><W58/><G85/><T52/><D124/><U47/><E132/><V130/><F117/><W73/><G73/><T38/><D38/><U90/><E18/><V113/><F113/><W4/><G114/><T108/><D108/><U23/><E33/><V66/><F130/><N who="3" m="49707" /><G35/><T50/><D75/><U68/><E39/><V36/><F36/><W106/><G106/><T97/><D67/><U24/><E68/><V129/><F129/><W78/><G78/><N who="0" m="46391" /><D0/><U120/><E120/><V135/><F135/><W27/><G32/><T30/><D1/><U104/><E104/><V103/><F22/><W3/><G27/><T74/><D74/><U20/><E20/><V48/><F121/><W53/><G53/><T42/><D42/><U110/><E70/><V126/><F126/><W41/><G41/><T79/><D79/><U115/><E115/><V88/><F43/><W28/><G28/><T94/><D94/><AGARI ba="0,0" hai="3,4,8,17,19,51,54,58,84,89,94" m="49707" machi="94" ten="30,1500,0" yaku="19,1" doraHai="109" who="3" fromWho="0" sc="332,-15,274,0,192,0,202,15" />
</Scene>
<Scene>
<INIT seed="3,1,0,5,2,28" ten="317,274,192,217" oya="3" hai0="102,126,83,8,101,67,105,27,97,107,20,114,70" hai1="24,0,103,42,108,71,92,35,113,53,76,134,37" hai2="31,89,48,63,14,32,88,99,73,124,36,123,129" hai3="75,43,84,72,69,40,132,23,61,33,118,39,121"/><W86/><G121/><T9/><D126/><U38/><E113/><V81/><F36/><W58/><G118/><T74/><D114/><U117/><E0/><V50/><F124/><W96/><G69/><T94/><D74/><U131/><E71/><V5/><F123/><W60/><G96/><T119/><D119/><U127/><E127/><V12/><F63/><W54/><G23/><T55/><D83/><U133/><E76/><V78/><F129/><W17/><G17/><T1/><D1/><U85/><E131/><V6/><F99/><W98/><G98/><T34/><D55/><U7/><E103/><V93/><F93/><W13/><G13/><T62/><D102/><U15/><E92/><V46/><F14/><W49/><G39/><T3/><D3/><U106/><E15/><V130/><F130/><W29/><G132/><T45/><D94/><U52/><E37/><V10/><F6/><W41/><G72/><T30/><D45/><U95/><E7/><V64/><F64/><W22/><G75/><T128/><D107/><U112/><E106/><V21/><F21/><W44/><G33/><T57/><D128/><U100/><E112/><V11/><F11/><N who="0" m="4170" /><D20/><U122/><E117/><V109/><F109/><W18/><G18/><T120/><D120/><U77/><E108/><V65/><F65/><N who="3" m="39063" /><G61/><T25/><D25/><AGARI ba="1,0" hai="22,25,29,40,41,43,44,49,54,84,86" m="39063" machi="25" ten="30,1500,0" yaku="8,1" doraHai="28" who="3" fromWho="0" sc="317,-18,274,0,192,0,217,18" />
</Scene>
<Scene>
<INIT seed="3,2,0,4,4,3" ten="299,274,192,235" oya="3" hai0="103,18,122,90,10,118,117,128,13,86,48,126,36" hai1="104,27,74,91,22,100,106,19,135,79,113,31,77" hai2="43,14,41,59,83,97,82,37,68,16,25,70,66" hai3="132,38,20,50,44,119,39,114,84,6,23,28,102"/><W105/><G119/><T45/><D122/><U34/><E113/><V94/><F37/><W125/><G114/><T73/><D73/><U134/><E91/><V40/><F25/><W92/><G132/><N who="1" m="50730" /><E100/><V35/><F35/><W24/><G125/><T0/><D126/><U12/><E74/><V71/><F66/><W15/><G105/><AGARI ba="2,0" hai="12,19,22,27,31,34,77,79,104,105,106" m="50730" machi="105" ten="30,1000,0" yaku="20,1" doraHai="3" who="1" fromWho="3" sc="299,0,274,16,192,0,235,-16" />
</Scene>
<Scene>
<INIT seed="4,0,0,2,4,100" ten="299,290,192,219" oya="0" hai0="28,129,135,60,61,58,46,9,110,72,22,88,54" hai1="133,37,74,99,44,131,56,96,90,50,130,36,14" hai2="34,103,20,106,1,7,87,3,33,118,64,113,4" hai3="51,25,84,16,121,120,78,29,11,101,108,6,111"/><T10/><D72/><U97/><E74/><V21/><F64/><W94/><G51/><T0/><D0/><N who="2" m="74" /><F87/><W65/><G65/><T116/><D116/><U13/><E133/><V53/><F53/><W43/><G43/><T15/><D135/><U80/><E56/><V8/><F103/><W39/><G39/><N who="1" m="14922" /><E80/><V62/><F62/><W95/><G6/><N who="2" m="2089" /><F106/><W127/><G78/><T128/><D46/><U63/><E63/><V23/><F118/><W66/><G66/><T79/><D79/><U93/><E93/><V35/><F113/><W92/><G101/><T67/><D61/><U112/><E90/><V71/><F71/><W132/><G84/><T85/><D67/><U104/><E112/><V26/><F8/><W98/><G98/><T32/><D9/><U76/><E76/><V122/><F122/><N who="3" m="47211" /><G132/><T134/><D134/><U55/><E104/><V17/><AGARI ba="0,0" hai="17,20,21,23,26,33,34,35" m="2089,74" machi="17" ten="40,8000,1" yaku="35,5" doraHai="100" who="2" fromWho="2" sc="299,-40,290,-20,192,80,219,-20" />
</Scene>
<Scene>
<INIT seed="5,0,0,4,3,130" ten="259,270,272,199" oya="1" hai0="102,116,16,49,63,6,3,50,135,15,4,64,103" hai1="93,73,5,110,101,43,70,65,78,88,106,109,91" hai2="48,26,87,75,76,95,47,86,25,90,129,56,107" hai3="57,108,111,121,38,21,62,71,105,77,20,42,46"/><U31/><E43/><V72/><F107/><W24/><G121/><T97/><D116/><U18/><E5/><N who="0" m="2153" /><D135/><U7/><E7/><V118/><F118/><W10/><G105/><T134/><D134/><U60/><E31/><V125/><F129/><W32/><G10/><N who="0" m="6263" /><D3/><U120/><E120/><V80/><F56/><W1/><G1/><T99/><D64/><U66/><E18/><V84/><F125/><W127/><G127/><T85/><D85/><U69/><E106/><V54/><REACH who="2" step="1"/><F86/><REACH who="2" ten="259,270,262,199" step="2"/><W68/><G68/><T12/><D97/><N who="1" m="59567" /><E70/><V94/><F94/><W82/><G71/><T0/><D99/><U122/><E69/><V11/><F11/><W53/><G32/><T52/><D0/><U13/><E122/><V79/><F79/><W36/><G21/><T81/><D81/><U2/><E2/><V22/><F22/><W19/><REACH who="3" step="1"/><G38/><REACH who="3" ten="259,270,262,189" step="2"/><T119/><D119/><U30/><E109/><V14/><F14/><W115/><G115/><T132/><D12/><U59/><E110/><V61/><F61/><W128/><G128/><T37/><D37/><U126/><E13/><V28/><F28/><W44/><G44/><T33/><D33/><U117/><E30/><V55/><F55/><W17/><G17/><T113/><D63/><N who="1" m="38143" /><E126/><V27/><AGARI ba="0,2" hai="25,26,27,47,48,54,72,75,76,80,84,87,90,95" machi="27" ten="30,7900,0" yaku="1,1,0,1,53,2" doraHai="130" doraHaiUra="104" who="2" fromWho="2" sc="259,-20,270,-39,262,99,189,-20" />
</Scene>
<Scene>
<INIT seed="6,0,0,3,3,131" ten="239,231,361,169" oya="2" hai0="118,42,134,101,24,44,23,104,30,26,94,91,122" hai1="45,110,11,114,52,83,119,102,62,67,111,27,1" hai2="108,127,37,59,35,89,86,81,70,58,19,5,93" hai3="36,13,88,46,17,112,92,75,3,2,95,64,109"/><V29/><F70/><W18/><G109/><T120/><D118/><U15/><E119/><V90/><F5/><W56/><G75/><T54/><D54/><U25/><E114/><V71/><F71/><W96/><G112/><T78/><D78/><U47/><E1/><V0/><F0/><W98/><G36/><T38/><D134/><U79/><E102/><V43/><F108/><W40/><G64/><T61/><D61/><U107/><E107/><V7/><F7/><W32/><G32/><T69/><D69/><U8/><E111/><V82/><F127/><W76/><G76/><T105/><D101/><U77/><E110/><V128/><F128/><W6/><G6/><T14/><D14/><U123/><E123/><V4/><F4/><W60/><G46/><N who="1" m="17418" /><E67/><V115/><F43/><W57/><G40/><T129/><D129/><U53/><E79/><V39/><F19/><W84/><G84/><T12/><D105/><U133/><E133/><V113/><F35/><W99/><G99/><T124/><D104/><U55/><E62/><V20/><F86/><W126/><G126/><T87/><D124/><U130/><E130/><V63/><F63/><W85/><G85/><T132/><D132/><U48/><E48/><V80/><F80/><W100/><G60/><T73/><D73/><N who="1" m="43439" /><E15/><V41/><F41/><W97/><G97/><T106/><D106/><U103/><E103/><V121/><F121/><W22/><REACH who="3" step="1"/><G17/><REACH who="3" ten="239,231,361,159" step="2"/><N who="0" m="10663" /><D120/><U10/><E55/><V125/><F125/><W28/><G28/><T51/><D122/><U33/><E33/><V66/><F29/><W116/><G116/><RYUUKYOKU ba="0,1" sc="239,-15,231,15,361,-15,159,15" hai1="8,10,11,25,27,52,53" hai3="2,3,13,18,22,56,57,88,92,95,96,98,100" />
</Scene>
<Scene>
<INIT seed="7,1,1,3,1,106" ten="224,246,346,174" oya="3" hai0="113,78,115,77,85,25,66,112,129,80,116,134,87" hai1="2,65,56,122,30,111,100,43,104,10,15,16,12" hai2="3,36,8,91,47,34,11,55,60,97,22,94,128" hai3="20,103,105,84,50,126,28,37,120,69,125,7,58"/><W29/><G69/><T133/><D66/><U26/><E111/><V70/><F34/><W76/><G37/><T79/><D116/><U23/><E122/><V44/><F36/><W32/><G32/><T41/><D41/><U92/><E104/><V13/><F70/><W35/><G35/><T75/><D25/><U54/><E43/><V83/><F3/><W72/><G120/><T21/><D21/><N who="1" m="15695" /><E2/><V39/><F83/><N who="3" m="45447" /><G7/><T46/><D46/><N who="2" m="17450" /><F128/><W48/><G20/><T114/><D114/><U119/><E119/><V4/><F39/><W107/><G107/><T31/><D129/><U121/><E121/><V109/><F109/><W82/><G29/><T0/><D0/><U90/><E100/><V98/><F98/><N who="3" m="61687" /><G28/><T38/><D31/><U102/><E102/><V88/><F4/><W61/><G61/><T14/><D38/><U9/><E65/><V135/><F60/><W59/><G82/><N who="0" m="47327" /><D14/><U81/><E81/><AGARI ba="1,1" hai="75,77,78,80,81,87,112,113,115,133,134" m="47327" machi="81" ten="40,8000,1" yaku="15,1,11,1,34,2,52,1" doraHai="106" who="0" fromWho="1" sc="224,93,246,-83,346,0,174,0" owari="317,12.0,163,-34.0,346,45.0,174,-23.0" />
</Scene>
</mjloggm>