<mjloggm ver="2.3"><GO type="169"/><UN n0="%E3%81%84%E3%81%97%E3%81%97%E3%82%93%49%44%E7%B4%9B%E5%A4%B1" n1="%41%53%41%50%49%4E" n2="%E3%81%A1%E3%81%8F%E3%81%8D" n3="%E6%9C%88%E5%8D%83%E4%B8%80%E5%A4%9C" dan="16,19,18,16" rate="2093,2195,2197,2053" sx="M,M,M,F"/><TAIKYOKU oya="0"/>

<Scene>
<INIT seed="0,0,0,1,0,113" ten="250,250,250,250" oya="0" hai0="53,67,76,115,135,51,6,119,5,82,36,88,81" hai1="61,75,83,74,19,98,2,70,94,22,47,39,37" hai2="58,107,68,92,104,126,28,21,89,33,1,24,112" hai3="65,57,118,46,117,25,121,55,30,125,15,45,20"/><T123/><D36/><U103/><E2/><V34/><F112/><W122/><G65/><T124/><D115/><U7/><E7/><V27/><F68/><W100/><G100/><T40/><D40/><U101/><E101/><V109/><F1/><W18/><G125/><T120/><D67/><U14/><E70/><V12/><F126/><W31/><G31/><T10/><D124/><U72/><E61/><V134/><F109/><W54/><G55/><T133/><D88/><U132/><E132/><N who="0" m="50761" /><D82/><U84/><REACH who="1" step="1"/><E47/><REACH who="1" ten="250,240,250,250" step="2"/><V41/><F134/><W13/><G46/><N who="0" m="27895" /><D119/><U49/><E49/><V17/><F58/><W95/><G45/><T71/><D71/><U35/><E35/><V50/><F50/><W79/><G118/><T43/><D43/><U128/><E128/><V110/><F41/><W130/><G117/><T44/><D44/><U106/><E106/><V59/><F59/><W52/><G57/><T62/><D62/><U32/><E32/><V38/><F107/><W77/><G130/><T131/><D131/><U87/><E87/><V63/><F104/><W16/><G121/><N who="0" m="46667" /><D10/><U42/><E42/><V105/><F63/><W60/><G60/><T0/><D0/><U66/><E66/><V4/><F38/><W97/><G122/><T56/><D56/><U90/><AGARI ba="0,1" hai="14,19,22,37,39,72,74,75,83,84,90,94,98,103" machi="90" ten="30,2000,0" yaku="1,1,0,1,53,0" doraHai="113" doraHaiUra="73" who="1" fromWho="1" sc="250,-10,240,30,250,-5,250,-5" />
</Scene>
<Scene>
<INIT seed="1,0,0,5,5,86" ten="240,270,245,245" oya="1" hai0="64,96,25,111,116,52,46,71,119,61,51,33,77" hai1="16,73,76,98,115,135,43,133,125,7,74,5,82" hai2="92,99,12,6,114,44,28,45,126,2,79,54,130" hai3="3,60,59,4,108,88,75,78,15,62,19,81,121"/><U11/><E115/><V57/><F2/><W94/><G121/><T34/><D111/><U50/><E125/><V58/><F126/><W31/><G108/><T80/><D96/><U1/><E73/><V65/><F114/><W47/><G31/><T124/><D124/><U40/><E7/><V21/><F79/><W17/><G47/><T10/><D10/><U93/><E50/><N who="2" m="30935" /><F130/><W120/><G120/><T48/><D48/><U35/><E35/><V55/><F65/><W41/><G41/><T95/><D95/><U118/><E118/><V109/><F109/><W132/><G132/><N who="1" m="50762" /><E16/><N who="2" m="10375" /><F28/><W23/><G59/><T67/><D67/><U63/><E63/><N who="2" m="36319" /><F6/><W97/><REACH who="3" step="1"/><G17/><REACH who="3" ten="240,270,245,235" step="2"/><T8/><D119/><U128/><E128/><V113/><F113/><W13/><G13/><T112/><D116/><U36/><E36/><V83/><F44/><W87/><G87/><T26/><D112/><U56/><E56/><V134/><F45/><W123/><G123/><T101/><D46/><U84/><E84/><V107/><F134/><W20/><G20/><T127/><D127/><U110/><E110/><V89/><F107/><W24/><G24/><T69/><D26/><U9/><E9/><AGARI ba="0,1" hai="3,4,9,15,19,23,60,62,75,78,81,88,94,97" machi="9" ten="40,5200,0" yaku="1,1,52,1,54,1,53,0" doraHai="86" doraHaiUra="103" who="3" fromWho="1" sc="240,0,270,-52,245,0,235,62" />
</Scene>
<Scene>
<INIT seed="2,0,0,1,4,86" ten="240,218,245,297" oya="2" hai0="79,58,13,45,1,14,20,100,99,2,96,128,129" hai1="60,87,43,69,31,38,25,6,83,42,64,55,8" hai2="62,27,102,48,105,23,36,35,29,101,131,49,66" hai3="32,70,103,17,63,76,61,120,82,54,10,16,115"/><V84/><F36/><W80/><G120/><T133/><D79/><U75/><E75/><V110/><F131/><N who="0" m="50250" /><D133/><U4/><E55/><V90/><F110/><W56/><G115/><T113/><D113/><U68/><E68/><V92/><F35/><W50/><G32/><T122/><D122/><U65/><E65/><V77/><F77/><W7/><G103/><T93/><D58/><U37/><E37/><V0/><F0/><N who="0" m="106" /><D20/><U40/><E38/><V46/><F105/><W81/><G76/><T135/><D135/><U71/><E71/><V85/><F85/><W111/><G111/><T72/><D72/><U104/><E104/><V121/><F121/><W30/><G30/><T15/><D45/><U59/><E69/><V3/><F3/><W21/><G70/><T94/><D100/><N who="2" m="38506" /><F46/><W41/><G41/><T52/><D52/><U5/><E8/><V130/><F130/><W109/><G109/><T24/><D24/><U19/><E25/><V126/><F126/><W34/><G34/><T53/><D53/><U118/><E42/><V114/><F114/><W97/><G21/><T108/><D108/><U107/><E43/><V67/><F67/><W112/><G112/><T78/><D78/><N who="1" m="46583" /><E40/><V11/><F11/><W51/><G10/><T44/><D44/><U125/><E107/><V89/><F66/><W119/><G54/><T33/><D33/><U73/><E73/><V57/><F62/><W91/><G61/><T117/><D117/><U12/><E60/><V124/><F124/><W127/><G127/><T98/><AGARI ba="0,0" hai="13,14,15,93,94,96,98,99" m="106,50250" machi="98" ten="40,5200,0" yaku="28,2,19,1" doraHai="86" who="0" fromWho="0" sc="240,52,218,-13,245,-26,297,-13" />
</Scene>
<Scene>
<INIT seed="3,0,0,1,1,56" ten="292,205,219,284" oya="3" hai0="81,14,86,77,134,99,88,59,108,0,30,103,124" hai1="70,29,13,73,23,114,26,10,113,127,52,32,42" hai2="111,41,80,107,55,118,12,5,75,131,44,95,65" hai3="33,87,69,78,126,48,125,112,135,61,46,15,74"/><W50/><G112/><T18/><D0/><U101/><E73/><V47/><F107/><W72/><G33/><T39/><D39/><U96/><E70/><V89/><F118/><W34/><G34/><T43/><D43/><U45/><E127/><N who="3" m="48650" /><G135/><T117/><D117/><U19/><E32/><V129/><F111/><W100/><G100/><T128/><D124/><U1/><E1/><V91/><F5/><W106/><G106/><T7/><D30/><U9/><E9/><V16/><F65/><N who="3" m="41135" /><G15/><T20/><D108/><U123/><E123/><V25/><F25/><W116/><G116/><T109/><D109/><U94/><E52/><V6/><F55/><N who="3" m="30103" /><G50/><AGARI ba="0,0" hai="10,13,19,23,26,29,42,45,50,94,96,101,113,114" machi="50" ten="30,1000,0" yaku="7,1" doraHai="56" who="1" fromWho="3" sc="292,0,205,10,219,0,284,-10" />
</Scene>
<Scene>
<INIT seed="4,0,0,5,4,14" ten="292,215,219,274" oya="0" hai0="53,23,84,68,67,41,119,62,63,48,46,96,10" hai1="25,76,26,18,36,12,100,99,1,33,103,57,116" hai2="47,61,81,122,86,127,35,82,28,101,19,91,80" hai3="20,38,130,135,30,60,123,102,13,94,29,104,9"/><T87/><D119/><U111/><E116/><V50/><F122/><W118/><G118/><T27/><D10/><U49/><E111/><V90/><F127/><W42/><G123/><T89/><D63/><U115/><E36/><V8/><F101/><W117/><G104/><T34/><D34/><U6/><E115/><V5/><F61/><W66/><G130/><T106/><D106/><U85/><E33/><V95/><F35/><W56/><G135/><T93/><REACH who="0" step="1"/><D41/><REACH who="0" ten="282,215,219,274" step="2"/><U45/><E1/><V131/><F131/><W51/><G9/><T37/><D37/><U75/><E6/><V59/><F5/><W71/><G38/><T77/><D77/><U74/><E76/><V129/><F129/><W125/><G117/><T11/><D11/><U69/><E69/><V0/><F0/><W126/><G71/><T121/><D121/><U109/><E109/><V4/><F4/><W54/><G42/><T73/><D73/><U112/><E74/><V16/><F8/><W2/><G2/><T120/><D120/><U3/><E75/><V31/><F90/><W113/><G125/><T88/><D88/><U105/><E3/><V79/><F79/><W128/><G126/><T40/><D40/><U32/><E105/><V107/><F107/><W72/><G72/><T124/><D124/><U132/><E32/><V70/><F70/><W97/><G128/><T78/><D78/><U134/><E103/><V92/><F91/><W83/><G102/><T52/><D52/><U43/><E100/><V58/><F50/><W22/><G54/><T133/><D133/><U65/><E132/><RYUUKYOKU ba="0,1" sc="282,30,215,-10,219,-10,274,-10" hai0="23,27,46,48,53,62,67,68,84,87,89,93,96" />
</Scene>
<Scene>
<INIT seed="4,1,1,0,1,72" ten="312,205,209,264" oya="0" hai0="30,86,74,65,47,15,19,20,56,108,49,114,135" hai1="110,80,7,3,51,79,10,61,28,104,69,5,48" hai2="102,52,40,2,0,123,17,90,121,16,34,101,55" hai3="111,130,103,12,35,84,98,71,33,32,118,54,120"/><T78/><D74/><U76/><E104/><V82/><F40/><W81/><G118/><T113/><D135/><U29/><E110/><V99/><F82/><W96/><G111/><T57/><D108/><U67/><E7/><V4/><F4/><W11/><G71/><T75/><D75/><U83/><E83/><V129/><F99/><W66/><G66/><T119/><D119/><U92/><E80/><V134/><F90/><W132/><G132/><T18/><D86/><U122/><E122/><V62/><F62/><W14/><G120/><N who="2" m="46153" /><F34/><W25/><G130/><T1/><D1/><N who="2" m="618" /><F129/><W87/><G81/><T59/><D59/><U23/><E92/><V89/><F89/><W38/><G103/><N who="2" m="39433" /><F134/><W107/><G35/><T94/><D57/><U63/><E63/><V105/><F105/><W68/><G107/><T26/><D56/><U13/><E3/><V43/><F43/><W70/><G32/><T27/><D94/><U73/><E73/><V109/><F109/><W6/><G33/><T46/><D47/><U41/><E41/><V39/><F39/><W115/><G38/><T117/><D46/><U125/><E51/><V9/><F9/><W100/><G11/><T126/><D49/><U88/><E48/><V53/><AGARI ba="1,1" hai="16,17,52,53,55" m="39433,618,46153" machi="53" ten="40,8000,1" yaku="28,2,54,2" doraHai="72" who="2" fromWho="2" sc="312,-41,205,-21,209,93,264,-21" />
</Scene>
<Scene>
<INIT seed="5,0,0,2,2,40" ten="271,184,302,243" oya="1" hai0="14,88,41,4,61,64,98,36,21,129,55,37,131" hai1="132,100,127,79,112,60,56,43,109,76,42,105,69" hai2="83,31,22,44,89,26,113,39,123,133,20,16,19" hai3="10,15,75,104,50,68,85,130,62,18,8,99,95"/><U51/><E69/><V17/><F123/><W70/><G75/><T9/><D55/><U125/><E112/><V87/><F113/><W117/><G130/><N who="0" m="49675" /><D41/><U91/><E132/><V7/><F133/><W49/><G104/><T120/><D120/><U73/><E109/><V71/><F71/><W58/><G85/><T108/><D108/><U35/><E35/><V5/><F39/><W81/><G81/><T102/><D21/><U29/><E29/><N who="2" m="17607" /><F44/><W110/><G110/><T82/><D82/><U74/><E91/><V1/><F1/><W121/><G121/><T38/><D88/><U28/><E28/><V96/><F96/><W94/><G117/><T59/><D38/><U25/><E25/><AGARI ba="0,0" hai="5,7,16,17,19,22,25,31,83,87,89" m="17607" machi="25" ten="30,2000,0" yaku="8,1,54,1" doraHai="40" who="2" fromWho="1" sc="271,0,184,-20,302,20,243,0" />
</Scene>
<Scene>
<INIT seed="6,0,0,0,4,53" ten="271,164,322,243" oya="2" hai0="84,128,132,57,99,6,3,44,47,126,13,14,25" hai1="70,23,82,52,51,4,15,64,86,103,29,98,36" hai2="42,54,2,120,100,79,81,22,88,11,101,46,102" hai3="96,50,71,9,30,83,115,35,105,28,73,67,27"/><V69/><F120/><W118/><G118/><T78/><D3/><U24/><E36/><V21/><F69/><W32/><G50/><T65/><D99/><U91/><E70/><V59/><F2/><W49/><G49/><T109/><D109/><U129/><E129/><V123/><F123/><W106/><G9/><T125/><D25/><U18/><E64/><V121/><F121/><W45/><G45/><T119/><D119/><U26/><E4/><V124/><F11/><W7/><G7/><T60/><D128/><U76/><E76/><V68/><F68/><W97/><G115/><T62/><D132/><U127/><E127/><N who="0" m="48649" /><D62/><U39/><E39/><V56/><F79/><N who="3" m="44527" /><G96/><T112/><D112/><U61/><E61/><V117/><F117/><W92/><G92/><T5/><D5/><U40/><E40/><V58/><F124/><W63/><G97/><T104/><D104/><U10/><E26/><AGARI ba="0,0" hai="26,27,28,30,32,35,63,67,71,105,106" m="44527" machi="26" ten="30,2000,0" yaku="33,2" doraHai="53" who="3" fromWho="1" sc="271,0,164,-20,322,0,243,20" />
</Scene>
<Scene>
<INIT seed="7,0,0,0,2,7" ten="271,144,322,263" oya="3" hai0="130,21,33,135,134,0,63,115,103,133,73,39,80" hai1="77,70,31,124,10,46,101,90,128,117,62,129,69" hai2="13,67,1,99,56,4,53,122,88,64,5,11,108" hai3="126,66,18,95,100,74,48,107,44,132,16,125,111"/><W116/><G116/><T9/><D33/><U123/><E117/><V102/><F108/><W14/><G111/><T22/><D39/><U79/><E123/><V75/><F75/><W23/><G74/><T8/><D103/><U51/><E101/><V42/><F42/><W2/><G2/><T40/><D40/><U32/><E124/><N who="3" m="47722" /><G132/><T121/><D121/><U113/><E113/><V59/><F122/><W120/><G120/><T3/><D115/><U34/><E90/><V93/><F1/><N who="0" m="586" /><D130/><U25/><E62/><N who="2" m="36111" /><F5/><W35/><G35/><T86/><D73/><U60/><E60/><N who="2" m="37919" /><F102/><W36/><G36/><T57/><D22/><U83/><E83/><V84/><F67/><W118/><G66/><N who="0" m="39279" /><D21/><U58/><E58/><V15/><F15/><N who="3" m="9631" /><G118/><T52/><D52/><U87/><E34/><V131/><F131/><W54/><G107/><T82/><D82/><U27/><E32/><V19/><F4/><W43/><G43/><T37/><D37/><U89/><E31/><V12/><F12/><W104/><G104/><T41/><D41/><U94/><E27/><V38/><F38/><W28/><G28/><T29/><D29/><U76/><E25/><V72/><F72/><W47/><G100/><T45/><D45/><U49/><E46/><V20/><F20/><N who="3" m="11351" /><G47/><T106/><D106/><U98/><E129/><V55/><F55/><W114/><G114/><T81/><D135/><U105/><E128/><V92/><F13/><W97/><G95/><T17/><D134/><U78/><E105/><V65/><F65/><W91/><G91/><N who="0" m="51655" /><D133/><U110/><E110/><V119/><F119/><RYUUKYOKU ba="0,0" sc="271,-10,144,-10,322,-10,263,30" hai3="44,48,54,97" />
</Scene>
<Scene>
<INIT seed="7,1,0,3,0,135" ten="261,134,312,293" oya="3" hai0="100,46,126,62,101,125,93,60,54,27,17,73,1" hai1="95,118,87,94,123,36,55,19,105,64,0,124,92" hai2="29,99,40,114,22,112,103,3,115,77,9,8,49" hai3="97,129,56,15,38,127,57,121,74,39,51,43,45"/><W80/><G121/><T18/><D73/><U86/><E123/><V96/><F77/><W42/><G129/><T76/><D76/><U50/><E105/><N who="2" m="63719" /><F3/><W98/><G74/><T69/><D1/><U31/><E0/><V132/><F132/><W25/><G80/><T59/><D46/><U102/><E36/><V66/><F66/><W6/><G127/><N who="0" m="48651" /><D93/><U134/><E124/><V65/><F65/><W110/><G110/><T130/><D130/><U24/><E134/><V81/><F81/><W89/><G39/><T28/><D69/><U35/><E102/><N who="0" m="39529" /><D62/><U70/><E118/><V16/><F99/><N who="3" m="37899" /><G38/><T30/><D30/><U13/><E64/><V128/><F29/><W133/><G133/><T47/><D47/><U107/><E70/><V7/><F128/><W63/><G43/><T119/><D119/><U44/><E107/><V10/><F40/><W106/><G106/><T117/><D117/><U21/><REACH who="1" step="1"/><E35/><AGARI ba="1,0" hai="17,18,27,28,35,54,59,60" m="39529,48651" machi="35" ten="30,7700,0" yaku="18,1,52,3" doraHai="135" who="0" fromWho="1" sc="261,80,134,-80,312,0,293,0" owari="341,45.0,54,-45.0,312,11.0,293,-11.0" />
</Scene>
</mjloggm>