<mjloggm ver="2.3"><GO type="169"/><UN n0="%E3%83%88%E3%83%8B%E3%83%BC%E2%99%AA%E2%99%AA" n1="%E3%82%AA%E3%82%BA%E3%82%B0%E3%83%AB%E3%83%BC%E3%83%97" n2="%E3%83%9A%E3%83%81%E3%83%A7%E3%83%BC%E3%83%AA%E3%83%B3" n3="%41%53%41%50%49%4E" dan="16,16,18,18" rate="2100,2097,2252,2185" sx="M,M,M,M"/><TAIKYOKU oya="0"/>

<Scene>
<INIT seed="0,0,0,2,0,113" ten="250,250,250,250" oya="0" hai0="67,72,26,134,53,66,97,40,45,105,30,94,104" hai1="107,79,101,126,122,71,6,99,42,50,17,120,9" hai2="43,39,18,84,7,81,70,115,90,28,74,23,47" hai3="44,33,60,25,128,130,16,78,118,34,51,103,80"/><T106/><D72/><U19/><E71/><V21/><F115/><W123/><G123/><T0/><D0/><U129/><E79/><V46/><F70/><W109/><G109/><T127/><D53/><U64/><E64/><V13/><F7/><W54/><G103/><T14/><D14/><U24/><E129/><N who="3" m="49770" /><G60/><T82/><D82/><U91/><E126/><V119/><F119/><W87/><G118/><T69/><D127/><U83/><E120/><V62/><F62/><W102/><G102/><T125/><D125/><U98/><E24/><V4/><F4/><W58/><G44/><T93/><D93/><U1/><E122/><V88/><F74/><W36/><G36/><T32/><D134/><U10/><E83/><V11/><F28/><W5/><G5/><T12/><D12/><U85/><E99/><V48/><REACH who="2" step="1"/><F90/><REACH who="2" ten="250,250,240,250" step="2"/><W131/><G131/><T76/><D69/><U135/><E6/><V73/><F73/><W89/><G89/><T56/><D76/><U35/><E91/><V92/><F92/><W31/><G16/><T20/><D32/><AGARI ba="0,1" hai="25,31,32,33,34,51,54,58,78,80,87" m="49770" machi="32" ten="30,1000,0" yaku="19,1" doraHai="113" who="3" fromWho="0" sc="250,-10,250,0,240,0,250,20" />
</Scene>
<Scene>
<INIT seed="1,0,0,2,0,28" ten="240,250,240,270" oya="1" hai0="114,83,60,13,122,35,112,70,111,87,110,24,68" hai1="36,16,124,45,12,132,94,77,127,67,46,33,82" hai2="25,80,126,128,30,8,129,14,125,39,7,10,15" hai3="85,91,56,108,44,0,38,42,4,37,89,59,55"/><U116/><E116/><V19/><F39/><W47/><G108/><N who="0" m="41515" /><D122/><U48/><E36/><V27/><F80/><W131/><G131/><N who="2" m="50249" /><F27/><W53/><G4/><T5/><D60/><U6/><E6/><V99/><F99/><W130/><G130/><T115/><D13/><U86/><E132/><V109/><F109/><W113/><G85/><T51/><D5/><U100/><E67/><V23/><AGARI ba="0,0" hai="7,8,10,14,15,19,23,25,30,125,126" m="50249" machi="23" ten="30,4000,0" yaku="19,1,34,2" doraHai="28" who="2" fromWho="2" sc="240,-10,250,-20,240,40,270,-10" />
</Scene>
<Scene>
<INIT seed="2,0,0,4,0,111" ten="230,230,280,260" oya="2" hai0="125,40,85,18,59,88,13,35,132,0,14,89,116" hai1="11,109,114,2,33,47,64,75,37,71,7,122,118" hai2="20,100,38,24,87,45,3,105,107,60,19,76,82" hai3="92,34,128,65,6,55,113,22,121,90,61,98,129"/><V70/><F3/><W25/><G121/><T74/><D0/><U80/><RYUUKYOKU type="yao9" ba="0,0" sc="230,0,230,0,280,0,260,0" hai1="2,7,11,33,37,47,64,71,75,80,109,114,118,122" />
</Scene>
<Scene>
<INIT seed="2,1,0,2,4,36" ten="230,230,280,260" oya="2" hai0="52,134,112,17,72,43,74,59,2,89,107,10,101" hai1="122,104,90,3,38,125,97,94,69,11,81,102,33" hai2="120,135,114,84,91,54,22,37,34,23,9,45,113" hai3="132,29,4,83,110,75,13,63,56,61,41,116,117"/><V32/><F120/><W108/><G132/><T26/><D112/><U28/><E122/><V1/><F135/><W123/><G123/><T47/><D134/><U5/><E69/><V65/><F65/><W70/><G70/><T18/><D101/><U76/><E125/><V88/><F84/><W60/><G29/><T86/><D107/><U19/><E28/><V39/><F45/><W21/><G56/><T46/><D46/><U12/><E33/><V109/><F9/><N who="3" m="4263" /><G21/><T57/><D57/><U8/><E38/><V15/><F15/><W7/><G7/><T16/><D26/><U133/><E133/><V106/><F54/><W126/><G126/><T58/><D58/><U130/><E130/><V20/><F20/><W27/><G27/><T95/><D2/><U111/><E111/><N who="3" m="42538" /><G41/><T51/><REACH who="0" step="1"/><D10/><REACH who="0" ten="220,230,280,260" step="2"/><U6/><E104/><V44/><F44/><W68/><G68/><T79/><D79/><AGARI ba="1,1" hai="60,61,63,75,79,83,116,117" m="42538,4263" machi="79" ten="30,1000,0" yaku="14,1" doraHai="36" who="3" fromWho="0" sc="220,-13,230,0,280,0,260,23" />
</Scene>
<Scene>
<INIT seed="3,0,0,1,2,23" ten="207,230,280,283" oya="3" hai0="17,27,102,133,82,18,39,37,97,83,100,117,56" hai1="113,76,57,63,40,55,11,52,77,107,29,34,50" hai2="125,61,48,0,66,124,81,103,118,92,122,16,109" hai3="111,41,99,8,25,31,84,28,21,74,123,71,59"/><W80/><G123/><T47/><D117/><U53/><E107/><V119/><F0/><W42/><G71/><T46/><D133/><U2/><E113/><V115/><F115/><W68/><G68/><T1/><D56/><U45/><E2/><V96/><F109/><W126/><G74/><T15/><D1/><U7/><E7/><V130/><F130/><W112/><G112/><T35/><D15/><U22/><E34/><V95/><F122/><W108/><G126/><N who="2" m="48745" /><F81/><W114/><G114/><T20/><D35/><U127/><E11/><V87/><F48/><W86/><G8/><T9/><D9/><U65/><E127/><V98/><F87/><W51/><G99/><N who="2" m="37929" /><F16/><N who="3" m="12455" /><G86/><T72/><D97/><U58/><E58/><N who="2" m="37175" /><F103/><W90/><G59/><T106/><D72/><U10/><E10/><V13/><F13/><W131/><G131/><T134/><D134/><U110/><REACH who="1" step="1"/><E110/><REACH who="1" ten="207,220,280,283" step="2"/><N who="3" m="42026" /><G51/><T73/><D106/><U67/><E67/><V135/><F135/><W36/><G36/><T62/><D37/><U69/><E69/><V44/><F44/><W79/><G79/><T4/><D39/><U129/><E129/><V33/><F33/><W101/><G101/><T64/><D47/><U5/><E5/><V91/><F91/><W26/><G31/><N who="0" m="17895" /><D4/><U60/><E60/><V14/><F119/><W19/><G19/><N who="0" m="7179" /><D46/><U12/><E12/><V24/><F14/><W6/><G6/><T70/><D73/><U121/><E121/><V88/><F118/><W120/><G120/><T54/><D102/><U3/><E3/><V43/><F88/><W49/><G49/><T78/><D100/><RYUUKYOKU ba="0,1" sc="207,-15,220,15,280,-15,283,15" hai1="22,29,40,45,50,52,53,55,57,63,65,76,77" hai3="26,28,41,42,80,84,90" />
</Scene>
<Scene>
<INIT seed="3,1,1,5,0,52" ten="192,235,265,298" oya="3" hai0="88,101,57,115,11,46,132,73,83,59,63,43,127" hai1="58,54,106,90,61,114,133,70,40,112,29,79,94" hai2="24,14,13,121,93,99,116,85,37,12,119,38,87" hai3="47,113,72,20,8,2,68,34,15,7,97,25,64"/><W74/><G113/><T95/><D115/><U100/><E106/><V129/><F24/><W111/><G111/><T110/><D110/><U80/><E100/><V67/><F67/><W86/><G86/><N who="2" m="32777" /><F93/><W39/><G97/><T126/><D101/><U41/><E70/><V18/><F99/><W120/><G120/><T21/><D132/><U56/><E133/><V1/><F18/><N who="3" m="10335" /><G47/><T135/><D135/><U9/><E29/><V48/><F48/><W98/><G39/><N who="2" m="14857" /><F1/><W53/><G98/><N who="0" m="57703" /><D63/><N who="1" m="36247" /><E114/><V60/><F60/><N who="3" m="39943" /><G53/><T28/><D11/><U51/><E112/><V16/><F16/><W62/><G62/><T105/><D105/><U89/><E51/><V27/><F27/><W36/><G36/><N who="0" m="21863" /><D83/><U49/><E49/><V30/><F30/><AGARI ba="1,1" hai="2,7,8,25,30,34,72,74" m="39943,10335" machi="30" ten="30,1500,0" yaku="24,1" doraHai="52" who="3" fromWho="2" sc="192,0,235,0,265,-18,298,28" />
</Scene>
<Scene>
<INIT seed="3,2,0,5,4,24" ten="192,235,247,326" oya="3" hai0="86,133,8,58,48,123,29,59,63,79,69,23,99" hai1="15,9,38,89,81,117,45,50,16,43,68,35,5" hai2="115,82,107,64,36,92,19,110,60,105,2,70,122" hai3="67,113,96,73,75,72,11,77,129,87,111,128,4"/><W52/><G113/><T17/><D123/><U127/><E117/><V114/><F36/><W120/><G120/><T7/><D133/><U71/><E127/><V66/><F2/><W34/><G67/><T40/><D99/><U46/><E35/><V32/><F32/><W106/><G34/><T131/><D131/><N who="3" m="50249" /><G87/><T53/><D69/><U56/><E56/><V12/><F66/><W49/><G111/><T132/><D132/><U61/><E61/><V126/><F60/><W10/><G77/><T109/><D109/><U31/><E31/><V76/><F64/><W100/><G4/><T30/><D40/><U41/><REACH who="1" step="1"/><E5/><REACH who="1" ten="192,225,247,326" step="2"/><V44/><F126/><W42/><G42/><T21/><D59/><AGARI ba="2,1" hai="10,11,49,52,59,72,73,75,96,100,106" m="50249" machi="59" ten="40,3900,0" yaku="19,1,54,1" doraHai="24" who="3" fromWho="0" sc="192,-45,225,0,247,0,326,55" />
</Scene>
<Scene>
<INIT seed="3,3,0,4,4,10" ten="147,225,247,381" oya="3" hai0="88,133,61,116,34,135,82,102,85,18,78,35,104" hai1="126,52,53,84,38,44,45,13,73,76,31,127,20" hai2="33,12,92,5,95,48,49,22,111,11,98,101,112" hai3="3,67,9,21,96,71,57,41,125,129,0,46,43"/><W128/><G71/><T114/><D116/><U124/><E73/><V80/><F111/><W106/><G125/><T66/><D114/><U65/><E65/><V56/><F33/><W42/><G46/><N who="1" m="18026" /><E38/><V90/><F112/><W26/><G9/><T37/><D37/><U117/><E117/><V122/><F122/><W15/><G15/><T97/><D18/><N who="1" m="10319" /><E31/><V86/><F56/><W32/><G32/><T40/><D40/><U29/><E29/><V7/><F7/><W134/><G134/><N who="0" m="51211" /><D78/><U17/><E17/><V1/><F1/><W51/><G21/><T16/><D16/><U14/><E14/><V77/><REACH who="2" step="1"/><F22/><REACH who="2" ten="147,225,237,381" step="2"/><W113/><G113/><T47/><D47/><U99/><E99/><AGARI ba="3,1" hai="5,11,12,48,49,77,80,86,90,92,95,98,99,101" machi="99" ten="30,12000,2" yaku="1,1,2,1,7,1,8,1,52,1,53,1" doraHai="10" doraHaiUra="4" who="2" fromWho="1" sc="147,0,225,-129,237,139,381,0" />
</Scene>
<Scene>
<INIT seed="4,0,0,0,4,118" ten="147,96,376,381" oya="0" hai0="67,64,58,42,111,61,33,54,109,60,94,121,81" hai1="48,88,133,124,120,7,10,69,46,32,38,2,126" hai2="131,130,117,122,113,55,114,13,97,65,98,24,14" hai3="99,50,78,56,44,72,4,85,18,135,57,15,104"/><T31/><D33/><U0/><E69/><V51/><F65/><W3/><G72/><T86/><D31/><U19/><E38/><V105/><F117/><W77/><G135/><T39/><D94/><U35/><E133/><V22/><F122/><W52/><G3/><T128/><D128/><N who="2" m="49194" /><F13/><W87/><G4/><T37/><D86/><N who="3" m="32777" /><G99/><N who="2" m="37897" /><F14/><W73/><G73/><T26/><D81/><U16/><E48/><V11/><F11/><N who="3" m="6527" /><G104/><T100/><D100/><U75/><E46/><N who="2" m="28151" /><F105/><W89/><G89/><T103/><D103/><U115/><E75/><V79/><F79/><AGARI ba="0,0" hai="44,50,52,56,57,77,78,79" m="6527,32777" machi="79" ten="30,2000,0" yaku="8,1,54,1" doraHai="118" who="3" fromWho="2" sc="147,0,96,0,376,-20,381,20" />
</Scene>
<Scene>
<INIT seed="5,0,0,0,2,10" ten="147,96,356,401" oya="1" hai0="56,86,50,130,36,17,43,70,133,53,79,110,2" hai1="78,52,59,112,11,40,58,61,8,68,124,108,93" hai2="42,94,96,27,67,135,55,105,122,111,0,44,82" hai3="118,19,31,81,64,117,5,46,26,49,107,109,74"/><U29/><E112/><V54/><F111/><W16/><G107/><T69/><D2/><U37/><E108/><V92/><F0/><W87/><G74/><T121/><D110/><U106/><E106/><V41/><F67/><W3/><G109/><T89/><D121/><U34/><E124/><V77/><F105/><W12/><G64/><T7/><D7/><U75/><E68/><V113/><F42/><W91/><G3/><T24/><D79/><U126/><E126/><V30/><F113/><W76/><G91/><T80/><D130/><U45/><E93/><V73/><F94/><W127/><G127/><T128/><D128/><U22/><E34/><V38/><F135/><W63/><G63/><T9/><D133/><U101/><E101/><V90/><REACH who="2" step="1"/><F122/><REACH who="2" ten="147,96,346,401" step="2"/><W14/><G118/><T131/><D131/><U35/><E35/><AGARI ba="0,1" hai="27,30,35,38,41,44,54,55,73,77,82,90,92,96" machi="35" ten="30,7700,0" yaku="1,1,2,1,7,1,53,1" doraHai="10" doraHaiUra="71" who="2" fromWho="1" sc="147,0,96,-77,346,87,401,0" />
</Scene>
<Scene>
<INIT seed="6,0,0,4,1,123" ten="147,19,433,401" oya="2" hai0="66,54,133,71,57,94,34,95,49,5,85,23,108" hai1="72,29,90,121,83,82,98,39,97,65,91,89,26" hai2="115,45,42,92,103,7,64,114,109,21,84,33,69" hai3="87,47,4,53,30,16,58,1,62,110,56,25,22"/><V44/><F33/><W125/><G110/><T32/><D133/><U77/><E39/><V124/><F7/><W96/><G125/><T128/><D5/><U2/><E65/><V111/><F124/><W119/><G119/><T52/><D108/><N who="2" m="41546" /><F21/><W113/><G113/><N who="2" m="43017" /><F64/><W10/><G87/><T74/><D85/><U75/><E2/><V105/><F69/><W67/><G96/><N who="1" m="36970" /><E26/><V20/><F105/><W118/><G118/><T37/><D74/><N who="1" m="28203" /><E29/><V70/><F70/><W3/><G47/><N who="2" m="17993" /><F103/><W63/><G30/><T78/><D23/><U38/><E38/><V68/><F68/><W79/><G79/><T80/><D78/><U19/><E19/><V48/><F20/><W117/><G117/><T102/><D37/><U120/><E77/><V131/><F131/><W0/><AGARI ba="0,0" hai="0,1,3,4,10,16,22,25,53,56,58,62,63,67" machi="0" ten="20,2700,0" yaku="0,1,7,1,54,1" doraHai="123" who="3" fromWho="3" sc="147,-7,19,-7,433,-13,401,27" />
</Scene>
<Scene>
<INIT seed="7,0,0,1,4,72" ten="140,12,420,428" oya="3" hai0="116,63,94,59,130,78,47,91,106,36,20,28,58" hai1="3,111,131,32,67,1,120,43,122,12,21,69,13" hai2="102,107,35,81,51,88,5,109,101,129,17,93,70" hai3="119,104,125,39,85,37,52,46,29,127,121,103,86"/><W134/><G121/><T83/><D106/><U60/><E43/><V115/><F109/><W26/><G119/><T64/><D116/><U95/><E95/><V53/><F70/><W90/><G134/><T15/><D130/><U105/><E105/><V40/><F35/><W57/><G103/><N who="2" m="39433" /><F107/><W25/><G104/><T33/><D33/><U80/><E80/><V133/><F133/><W89/><G89/><T128/><D47/><U10/><E69/><V126/><F129/><W97/><G97/><T16/><D36/><N who="3" m="13897" /><G46/><T76/><D28/><U9/><E67/><V117/><F117/><W87/><G90/><T66/><D83/><U48/><E60/><V22/><F126/><N who="3" m="48139" /><G29/><T82/><D82/><U14/><E48/><AGARI ba="0,0" hai="25,26,48,52,57,85,86,87" m="48139,13897" machi="48" ten="40,3900,0" yaku="18,1,54,1" doraHai="72" who="3" fromWho="1" sc="140,0,12,-39,420,0,428,39" owari="140,-26.0,-27,-53.0,420,22.0,467,57.0" />
</Scene>
</mjloggm>