<mjloggm ver="2.3"><GO type="169" lobby="0"/><UN n0="%41%53%41%50%49%4E" n1="%E3%81%82%E3%82%93%E3%81%96%E3%82%93" n2="%E9%8A%80%E9%81%8A%E7%A7%81%E4%BA%BA" n3="%41%6B%61%2D%75%72%61" dan="19,17,16,16" rate="2320.91,2199.99,2048.34,2082.88" sx="M,M,M,M"/><TAIKYOKU oya="0"/>

<Scene>
<INIT seed="0,0,0,5,0,100" ten="250,250,250,250" oya="0" hai0="23,42,50,56,48,81,11,92,121,115,111,80,72" hai1="70,13,84,60,110,98,24,16,90,67,8,37,93" hai2="109,52,49,126,91,51,74,3,119,66,88,27,46" hai3="75,63,6,22,17,21,82,43,131,2,94,104,95"/><T44/><D115/><U125/><E110/><V89/><F74/><W120/><G131/><T36/><D121/><U97/><E125/><V99/><F109/><W122/><G43/><T10/><D111/><U85/><E37/><V20/><F126/><W15/><G104/><T54/><D36/><U105/><REACH who="1" step="1"/><E24/><REACH who="1" ten="250,240,250,250" step="2"/><V61/><F119/><W62/><G122/><T134/><D134/><U41/><E41/><V33/><F33/><W86/><G120/><T101/><D72/><U83/><E83/><V129/><F129/><W128/><G75/><T53/><D42/><U113/><E113/><V79/><F3/><W123/><G2/><T59/><D44/><U127/><E127/><V29/><F79/><W45/><G82/><T112/><D112/><U31/><E31/><V124/><F124/><W38/><G128/><T130/><D130/><U39/><E39/><V135/><F135/><W1/><G38/><T114/><D114/><U12/><E12/><V116/><F116/><W5/><G1/><T26/><D80/><U73/><E73/><V19/><F29/><W117/><G117/><T77/><D81/><U103/><AGARI ba="0,1" hai="8,13,16,60,67,70,84,85,90,93,97,98,103,105" machi="103" ten="30,7900,0" yaku="1,1,0,1,52,1,54,1,53,0" doraHai="100" doraHaiUra="28" who="1" fromWho="1" sc="250,-39,240,89,250,-20,250,-20" />
</Scene>
<Scene>
<INIT seed="1,0,0,5,5,30" ten="211,329,230,230" oya="1" hai0="2,128,75,104,10,116,123,57,122,42,46,16,82" hai1="62,88,3,49,4,126,25,130,67,18,19,110,70" hai2="120,23,91,45,15,108,109,0,37,35,9,56,92" hai3="112,41,74,94,124,90,85,31,53,115,73,103,13"/><U52/><E130/><V121/><F0/><W102/><G41/><T87/><D116/><U129/><E129/><V47/><F23/><W79/><G31/><T48/><D128/><U93/><E126/><V5/><F35/><W69/><G53/><T72/><D104/><U55/><E110/><N who="2" m="42603" /><F56/><W32/><G13/><N who="0" m="7223" /><D57/><U60/><E3/><V20/><F20/><W65/><G32/><T119/><D119/><U81/><E4/><V1/><F1/><W17/><G17/><T86/><D86/><U51/><E81/><V43/><F47/><W117/><G65/><T61/><D61/><U8/><E25/><V59/><F59/><W50/><G69/><T127/><D127/><U113/><E113/><V134/><F134/><W101/><G50/><T97/><D97/><AGARI ba="0,0" hai="5,9,15,37,43,45,91,92,97,120,121" m="42603" machi="97" ten="30,1000,0" yaku="14,1" doraHai="30" who="2" fromWho="0" sc="211,-10,329,0,230,10,230,0" />
</Scene>
<Scene>
<INIT seed="2,0,0,4,3,124" ten="201,329,240,230" oya="2" hai0="74,107,101,43,126,76,75,87,25,110,40,11,108" hai1="90,64,57,97,114,15,127,98,14,100,63,67,103" hai2="132,44,21,135,65,34,36,37,0,93,54,2,56" hai3="77,71,50,3,20,6,117,95,91,116,39,112,33"/><V17/><F34/><W52/><G39/><T9/><D126/><U105/><E114/><V41/><F37/><W113/><G33/><T22/><D87/><U94/><E127/><V72/><F72/><W49/><G77/><T62/><D62/><U125/><E125/><V79/><F79/><W32/><G32/><T104/><D76/><U35/><E35/><V121/><F121/><W106/><G106/><T13/><D13/><U38/><E38/><V46/><F46/><W92/><G71/><T133/><D22/><U89/><E67/><V27/><F65/><W60/><G6/><T26/><REACH who="0" step="1"/><D101/><REACH who="0" ten="191,329,240,230" step="2"/><U123/><E123/><V68/><F0/><W83/><G3/><T61/><D61/><U1/><E1/><V81/><F2/><W119/><G60/><T28/><D28/><U128/><E14/><V102/><F102/><W70/><G20/><T85/><D85/><U10/><E103/><V118/><F21/><W122/><G122/><T24/><D24/><U86/><E86/><V45/><F27/><W73/><G112/><T8/><D8/><U51/><E10/><V129/><F132/><AGARI ba="0,1" hai="9,11,25,26,40,43,74,75,104,107,108,110,132,133" machi="132" ten="25,3200,0" yaku="1,1,22,2,53,0" doraHai="124" doraHaiUra="42" who="0" fromWho="2" sc="191,42,329,0,240,-32,230,0" />
</Scene>
<Scene>
<INIT seed="3,0,0,3,3,3" ten="233,329,208,230" oya="3" hai0="110,92,15,56,128,106,12,24,14,127,117,119,5" hai1="23,97,130,113,45,71,21,32,126,72,52,61,118" hai2="67,87,101,112,46,13,63,43,86,75,44,104,95" hai3="50,102,40,85,34,53,120,133,37,114,84,91,129"/><W17/><G120/><T79/><D106/><U83/><E113/><V62/><F75/><W33/><G114/><T7/><D79/><U135/><E32/><V105/><F112/><W4/><G129/><T49/><D92/><U29/><E130/><V57/><F13/><W28/><G102/><T58/><D128/><U123/><E97/><V111/><F111/><W93/><G17/><T60/><D110/><U31/><E52/><V39/><F46/><W77/><G133/><T88/><D88/><U70/><E61/><V38/><F38/><W9/><G28/><T100/><D100/><U66/><E66/><V122/><F122/><W35/><G40/><T131/><D131/><U134/><E45/><V25/><F25/><W121/><G37/><T10/><D24/><U107/><E83/><V41/><F41/><W27/><G27/><T68/><D127/><U78/><E78/><V125/><F125/><W54/><G121/><T59/><D49/><U64/><E107/><V65/><F95/><W73/><G73/><T48/><D48/><U99/><E72/><V76/><F101/><W124/><G124/><T8/><D15/><U22/><E126/><V103/><F103/><W0/><REACH who="3" step="1"/><G50/><REACH who="3" ten="233,329,208,220" step="2"/><T47/><D47/><U30/><E30/><V96/><F44/><W81/><AGARI ba="0,1" hai="0,4,9,33,34,35,53,54,77,81,84,85,91,93" machi="81" ten="40,18000,2" yaku="1,1,2,1,0,1,52,1,53,2" doraHai="3" doraHaiUra="82" who="3" fromWho="3" sc="233,-60,329,-60,208,-60,220,190" />
</Scene>
<Scene>
<INIT seed="3,1,0,4,3,73" ten="173,269,148,410" oya="3" hai0="81,2,130,66,28,85,26,91,18,39,54,78,60" hai1="42,20,40,41,102,55,65,47,132,80,133,8,25" hai2="126,89,23,59,76,15,10,115,27,44,71,29,53" hai3="95,86,37,121,35,124,45,94,4,99,114,30,52"/><W112/><G121/><T50/><D130/><U104/><E104/><V32/><F71/><W68/><G68/><T12/><D2/><U128/><E102/><V116/><F115/><W97/><G4/><T105/><D105/><U72/><E65/><V6/><F116/><W119/><G119/><T7/><D39/><U111/><E111/><V61/><F126/><W122/><G122/><T31/><D7/><U5/><E128/><V3/><F89/><W83/><G124/><T106/><D106/><U56/><E47/><V24/><F44/><W51/><G37/><T109/><D109/><U90/><E90/><V101/><F101/><W16/><G95/><T84/><D26/><U19/><E72/><V67/><F76/><W117/><G117/><T118/><D118/><U88/><E88/><V0/><REACH who="2" step="1"/><F67/><REACH who="2" ten="173,269,138,410" step="2"/><W34/><G112/><T43/><D66/><U48/><E80/><V77/><F77/><N who="3" m="46447" /><G114/><T131/><D131/><U62/><E133/><V49/><F49/><W75/><G51/><T129/><D129/><U79/><E79/><V134/><F134/><W135/><G135/><T58/><D50/><U9/><E132/><V13/><F13/><W57/><G45/><T74/><D74/><U82/><E82/><V70/><F70/><W92/><G75/><T110/><D110/><U14/><E48/><V63/><F63/><W93/><G99/><T36/><D36/><U1/><E41/><V103/><F103/><W21/><G97/><T127/><D43/><U96/><E96/><V64/><F64/><W113/><G113/><T98/><D98/><U107/><E107/><RYUUKYOKU ba="1,1" sc="173,-15,269,15,138,15,410,-15" hai1="1,5,8,9,14,19,20,25,40,42,55,56,62" hai2="0,3,6,10,15,23,24,27,29,32,53,59,61" />
</Scene>
<Scene>
<INIT seed="4,2,1,4,0,51" ten="158,284,153,395" oya="0" hai0="37,88,50,72,105,14,45,99,135,125,48,84,108" hai1="63,53,46,65,91,27,30,11,102,26,67,61,52" hai2="127,92,130,32,86,114,8,83,24,31,7,124,42" hai3="95,120,16,57,66,128,23,36,78,22,2,43,74"/><T58/><D72/><U89/><E102/><V100/><F114/><W112/><G2/><T87/><D135/><U18/><E46/><V129/><F42/><W5/><G5/><T29/><D125/><N who="2" m="48202" /><F92/><W19/><G128/><T56/><D108/><U62/><E11/><V79/><F100/><W77/><G112/><T10/><D29/><U59/><E18/><V133/><F133/><W96/><G43/><N who="0" m="24639" /><D105/><U115/><E115/><V76/><F76/><W49/><G36/><T40/><D37/><U109/><E109/><V118/><F118/><W70/><G70/><T101/><D101/><U4/><E4/><V60/><F60/><N who="1" m="23145" /><E67/><V82/><F82/><W35/><G74/><T85/><D40/><U3/><E3/><AGARI ba="2,1" hai="3,7,8,24,31,32,79,83,86,129,130" m="48202" machi="3" ten="30,1000,0" yaku="18,1" doraHai="51" who="2" fromWho="1" sc="158,0,284,-16,153,26,395,0" />
</Scene>
<Scene>
<INIT seed="5,0,0,5,3,130" ten="158,268,179,395" oya="1" hai0="11,64,102,46,133,127,8,59,107,97,72,73,94" hai1="53,83,43,52,1,84,21,36,123,128,93,98,4" hai2="129,37,6,86,89,134,54,48,71,67,117,108,34" hai3="30,19,51,82,115,16,55,110,126,9,81,57,105"/><U40/><E123/><V91/><F34/><W63/><G110/><T62/><D127/><U31/><E128/><V106/><F37/><W135/><G105/><T131/><D131/><U90/><E1/><V17/><F129/><W26/><G126/><T80/><D133/><U41/><E4/><V44/><F108/><W39/><G135/><T78/><D73/><U116/><E36/><V5/><F134/><W32/><G115/><T66/><D46/><U14/><E116/><V120/><F120/><W101/><G101/><T47/><D47/><U56/><E31/><V13/><F117/><W112/><G39/><T35/><D35/><U99/><E99/><V10/><F106/><W0/><G112/><T15/><D66/><U79/><REACH who="1" step="1"/><E56/><REACH who="1" ten="158,258,179,395" step="2"/><V111/><F111/><W113/><G113/><T95/><REACH who="0" step="1"/><D11/><REACH who="0" ten="148,258,179,395" step="2"/><U50/><E50/><V74/><F48/><W75/><G51/><T88/><D88/><U96/><E96/><V29/><F91/><W25/><G9/><T42/><D42/><U87/><E87/><V22/><F89/><W38/><G38/><T132/><D132/><U104/><E104/><V58/><F86/><W65/><G75/><T119/><D119/><U103/><E103/><V23/><F74/><W114/><G114/><T109/><D109/><U85/><E85/><V69/><F10/><W92/><G63/><T45/><D45/><U61/><E61/><V77/><F44/><W33/><G81/><T70/><D70/><U100/><E100/><V12/><F71/><W125/><G82/><T76/><D76/><U20/><E20/><V121/><F69/><RYUUKYOKU ba="0,2" sc="148,15,258,15,179,-15,395,-15" hai0="8,15,59,62,64,72,78,80,94,95,97,102,107" hai1="14,21,40,41,43,52,53,79,83,84,90,93,98" />
</Scene>
<Scene>
<INIT seed="5,1,2,4,4,94" ten="163,273,164,380" oya="1" hai0="103,130,108,134,135,71,37,59,11,76,128,43,17" hai1="93,66,48,16,132,121,124,104,7,129,25,96,51" hai2="1,122,47,19,112,50,78,86,8,60,15,55,90" hai3="72,12,111,10,54,82,53,31,24,110,126,26,116"/><U32/><E121/><V70/><F122/><W83/><G126/><T9/><D108/><U117/><E117/><V63/><F78/><W30/><G10/><T2/><D71/><U69/><E7/><V105/><F105/><W131/><G12/><N who="0" m="7311" /><D76/><U42/><E104/><V45/><F1/><W62/><G62/><T99/><D59/><U120/><E120/><V27/><F112/><W3/><G3/><T56/><D56/><U118/><E118/><V44/><F27/><W73/><G116/><T113/><D113/><U28/><E132/><N who="0" m="50729" /><D43/><U67/><E124/><V133/><F133/><W41/><REACH who="3" step="1"/><G41/><REACH who="3" ten="163,273,164,370" step="2"/><T115/><D115/><U4/><E42/><V5/><F5/><W84/><G84/><T119/><D119/><U95/><E4/><V22/><F8/><W20/><G20/><T79/><D11/><U46/><E67/><N who="2" m="41319" /><F63/><W106/><G106/><N who="0" m="63871" /><D2/><U127/><E127/><V13/><F22/><W97/><G97/><T68/><D68/><U91/><E96/><V23/><F13/><W38/><G38/><T85/><D37/><U102/><E69/><V61/><F61/><W101/><G101/><T0/><D0/><U21/><E102/><V29/><F15/><W6/><G6/><T123/><D123/><U18/><E66/><V34/><F23/><W39/><G39/><T75/><D85/><U98/><E21/><V36/><F86/><W81/><G81/><AGARI ba="1,3" hai="75,79,81,128,130" m="63871,50729,7311" machi="81" ten="30,2000,0" yaku="20,1,52,1" doraHai="94" who="0" fromWho="3" sc="163,53,273,0,164,0,370,-23" />
</Scene>
<Scene>
<INIT seed="6,0,0,1,0,27" ten="216,273,164,347" oya="2" hai0="6,53,128,81,45,22,23,89,80,119,46,95,73" hai1="36,98,40,76,111,125,15,133,37,127,48,47,4" hai2="68,115,1,7,116,114,18,55,14,43,11,64,113" hai3="83,90,108,104,71,34,12,126,62,132,35,13,106"/><V122/><F122/><W107/><G108/><T120/><D120/><U124/><E111/><V32/><F116/><W123/><G123/><T72/><D119/><U50/><E133/><V78/><F32/><W110/><G110/><T129/><D6/><U44/><E76/><V57/><F43/><W86/><G132/><T96/><D53/><N who="1" m="29831" /><E98/><V29/><F78/><W118/><G126/><T131/><D46/><U135/><E135/><V66/><F68/><W52/><G118/><T33/><D33/><U39/><E15/><V85/><F85/><W24/><G71/><T5/><D45/><N who="1" m="25895" /><E4/><V75/><F75/><N who="0" m="28746" /><D5/><U59/><E59/><V26/><F26/><W130/><G35/><T99/><D99/><U8/><E8/><N who="2" m="2159" /><F29/><W3/><G3/><T74/><N who="0" m="28754" /><T102/><DORA hai="134" /><D89/><U109/><E109/><V61/><AGARI ba="0,0" hai="11,14,18,55,57,61,64,66,113,114,115" m="2159" machi="61" ten="30,1500,0" yaku="15,1" doraHai="27,134" who="2" fromWho="2" sc="216,-5,273,-5,164,15,347,-5" />
</Scene>
<Scene>
<INIT seed="6,1,0,2,1,106" ten="211,268,179,342" oya="2" hai0="67,7,22,127,72,132,63,53,57,122,37,58,69" hai1="2,91,88,105,102,104,33,3,100,80,95,11,41" hai2="43,93,56,77,81,34,44,27,94,18,70,92,35" hai3="134,133,124,20,1,21,78,45,125,73,31,65,29"/><V68/><F56/><W101/><G1/><T36/><D122/><U38/><E33/><V83/><F34/><W24/><G101/><T107/><D107/><U114/><E114/><V66/><F83/><N who="3" m="45519" /><G65/><T39/><D72/><U32/><E32/><V25/><F66/><W60/><G60/><N who="0" m="40167" /><D22/><N who="3" m="8809" /><G45/><T17/><D132/><N who="3" m="50793" /><G24/><T131/><D63/><U26/><E2/><V79/><F79/><W15/><G15/><T121/><D39/><U128/><E38/><V55/><F55/><W126/><AGARI ba="1,0" hai="29,31,124,125,126" m="50793,8809,45519" machi="126" ten="40,5200,0" yaku="18,1,20,1,52,1" doraHai="106" who="3" fromWho="3" sc="211,-14,268,-14,179,-27,342,55" />
</Scene>
<Scene>
<INIT seed="7,0,0,2,0,89" ten="197,254,152,397" oya="3" hai0="119,76,113,12,71,48,13,74,3,117,54,111,50" hai1="128,27,37,85,81,123,23,10,93,105,101,129,82" hai2="41,100,22,46,112,17,33,30,11,99,102,25,109" hai3="118,34,42,79,77,125,78,0,1,120,6,83,92"/><W43/><G34/><T28/><D111/><U24/><E123/><V49/><F109/><W114/><G114/><T40/><D71/><U35/><E37/><V5/><F112/><W107/><G107/><T115/><D3/><U134/><E134/><V45/><F45/><W58/><G125/><T61/><D28/><N who="1" m="19871" /><E10/><V64/><F64/><W91/><G83/><N who="0" m="45463" /><D61/><U97/><E105/><V70/><F70/><W52/><G43/><T56/><D40/><U67/><E85/><V8/><F8/><W108/><G42/><T2/><D48/><U90/><E101/><V131/><F131/><N who="1" m="50249" /><E67/><V95/><F102/><W124/><G124/><T135/><D2/><U106/><E106/><V73/><F73/><W68/><G0/><T130/><D130/><U7/><E7/><V55/><F41/><W132/><G6/><T38/><D38/><U62/><E62/><V86/><F86/><W103/><G1/><T72/><D72/><U53/><E53/><V21/><REACH who="2" step="1"/><F17/><AGARI ba="0,0" hai="17,23,24,81,82,90,93,97" m="50249,19871" machi="17" ten="30,2000,0" yaku="19,1,52,1" doraHai="89" who="1" fromWho="2" sc="197,0,254,20,152,-20,397,0" owari="197,-20.0,274,7.0,132,-37.0,397,50.0" />
</Scene>
</mjloggm>