<mjloggm ver="2.3"><GO type="169"/><UN n0="%E6%B3%95%E5%BE%8B%E5%8B%89%E5%BC%B7%E4%B8%AD" n1="%50%6F%6E%74%61" n2="%41%53%41%50%49%4E" n3="%E8%8D%89%E5%8E%9F%E3%81%AE%E6%B6%BC%E9%A2%A8" dan="18,16,18,16" rate="2208,2090,2245,2138" sx="M,M,M,F"/><TAIKYOKU oya="0"/>

<Scene>
<INIT seed="0,0,0,1,5,21" ten="250,250,250,250" oya="0" hai0="14,102,96,45,47,37,8,18,98,26,73,83,13" hai1="56,112,4,113,25,65,81,95,34,77,134,41,12" hai2="72,3,38,127,24,100,36,11,101,54,10,63,60" hai3="23,126,70,55,57,7,109,19,133,27,50,66,43"/><T69/><D69/><U124/><E134/><V114/><F72/><W78/><G133/><T28/><D37/><U106/><E106/><V30/><F127/><W99/><G78/><T53/><D53/><U80/><E124/><V92/><F114/><N who="1" m="44137" /><E41/><V48/><F36/><W2/><G109/><T105/><D96/><U86/><E95/><V121/><F38/><W58/><G70/><T108/><D108/><U119/><E81/><V116/><F116/><W9/><G43/><T39/><D39/><U131/><E131/><V32/><F121/><W84/><G84/><T120/><D120/><U88/><E77/><V93/><F93/><W104/><G66/><T42/><D42/><U74/><E74/><V71/><F3/><W115/><G115/><T52/><D52/><U17/><E4/><V6/><F6/><W5/><G5/><T111/><D111/><U22/><E119/><V94/><F94/><W33/><G33/><T67/><D67/><U16/><E34/><V0/><F0/><W62/><G126/><T35/><D73/><U110/><E110/><V79/><F79/><W1/><G1/><T117/><D117/><U128/><E128/><V59/><F71/><W29/><G104/><T40/><D40/><U123/><E123/><V89/><F63/><W44/><G62/><T64/><D64/><U87/><E87/><N who="2" m="52287" /><F60/><W49/><G49/><T61/><D61/><N who="1" m="38055" /><E12/><V122/><F122/><W68/><G68/><T91/><REACH who="0" step="1"/><D14/><REACH who="0" ten="240,250,250,250" step="2"/><U107/><E107/><V135/><F135/><W46/><G99/><T76/><D76/><U118/><E118/><V75/><F75/><RYUUKYOKU ba="0,1" sc="240,10,250,10,250,10,250,-30" hai0="8,13,18,26,28,35,45,47,83,91,98,102,105" hai1="16,17,22,25,80,86,88" hai2="10,11,24,30,32,48,54,59,100,101" />
</Scene>
<Scene>
<INIT seed="0,1,1,4,3,51" ten="250,260,260,220" oya="0" hai0="117,103,116,130,65,109,14,10,91,15,78,93,79" hai1="42,113,85,5,38,126,35,47,7,67,134,58,95" hai2="56,25,72,73,53,86,83,37,8,23,106,36,17" hai3="121,87,44,110,2,74,1,70,94,11,6,132,80"/><T3/><D3/><U27/><E134/><V125/><F106/><W26/><G132/><T43/><D130/><U54/><E126/><V61/><F125/><W88/><G70/><T101/><D109/><U68/><E113/><V52/><F8/><W19/><G110/><T69/><D116/><U89/><E67/><V82/><F53/><W129/><G129/><T77/><D117/><U120/><E68/><V104/><F104/><W33/><G121/><T135/><D135/><U100/><E120/><V107/><F107/><W128/><G128/><T133/><D133/><U63/><REACH who="1" step="1"/><E100/><REACH who="1" ten="250,250,260,220" step="2"/><N who="0" m="38473" /><D69/><U111/><E111/><V115/><F115/><W41/><G1/><T62/><D65/><U123/><E123/><V0/><F0/><W18/><G33/><T118/><D118/><U127/><E127/><V99/><F99/><W76/><REACH who="3" step="1"/><G26/><REACH who="3" ten="250,250,260,210" step="2"/><T4/><D15/><U28/><AGARI ba="1,3" hai="5,7,27,28,35,38,42,47,54,58,63,85,89,95" machi="28" ten="30,4000,0" yaku="1,1,0,1,52,1,53,0" doraHai="51" doraHaiUra="64" who="1" fromWho="1" sc="250,-21,250,73,260,-11,210,-11" />
</Scene>
<Scene>
<INIT seed="1,0,0,2,3,33" ten="229,323,249,199" oya="1" hai0="14,0,76,2,61,118,133,5,83,72,68,132,45" hai1="91,108,49,84,25,51,29,86,81,122,12,59,6" hai2="15,74,67,1,4,85,7,23,87,78,38,134,107" hai3="110,126,22,50,37,20,130,113,135,119,42,58,105"/><U97/><E122/><V128/><F107/><W79/><G113/><T35/><D118/><U64/><E108/><V54/><F38/><W28/><G126/><T47/><D35/><U82/><E97/><V104/><F104/><W103/><G130/><T77/><D14/><U123/><E123/><V24/><F128/><W75/><G135/><N who="0" m="51787" /><D77/><U65/><E6/><V70/><F134/><W109/><G50/><T92/><D92/><U17/><E25/><V11/><F54/><W9/><G22/><T69/><D5/><U26/><E26/><V125/><F125/><W99/><G9/><T46/><D61/><U127/><E29/><V102/><F102/><W13/><G20/><T124/><D124/><U62/><E65/><V21/><F67/><W40/><G13/><T114/><D114/><U66/><E66/><V43/><F70/><AGARI ba="0,0" hai="0,2,45,46,47,68,69,70,72,76,83" m="51787" machi="70" ten="40,5200,0" yaku="20,1,52,2" doraHai="33" who="0" fromWho="2" sc="229,52,323,0,249,-52,199,0" />
</Scene>
<Scene>
<INIT seed="2,0,0,3,2,108" ten="281,323,197,199" oya="2" hai0="6,2,28,124,9,12,89,96,38,103,98,54,107" hai1="42,52,59,79,116,122,13,94,69,86,4,126,83" hai2="74,131,102,0,75,53,44,17,46,26,99,40,80" hai3="128,85,37,114,87,111,118,32,25,120,41,7,130"/><V93/><F131/><N who="3" m="50219" /><G111/><T34/><D124/><U129/><E129/><V19/><F0/><W18/><G118/><T73/><D73/><U113/><E116/><V15/><F26/><W62/><G120/><T35/><D38/><U45/><E126/><V81/><F74/><W100/><G7/><T121/><D121/><U56/><E122/><V39/><F75/><W48/><G37/><T20/><D54/><U63/><E69/><V22/><REACH who="2" step="1"/><F19/><REACH who="2" ten="281,323,187,199" step="2"/><W119/><G119/><T67/><D2/><U110/><E110/><V78/><F78/><W104/><G18/><T71/><D28/><U31/><E31/><V97/><F97/><N who="3" m="61455" /><G25/><T10/><D98/><U49/><E79/><V47/><F47/><N who="3" m="25711" /><G32/><T92/><D35/><U95/><E45/><V82/><F82/><W11/><G11/><T84/><D10/><U112/><E83/><V76/><F76/><W5/><G5/><T91/><D34/><U8/><E4/><V70/><F70/><W117/><G117/><T33/><D33/><U123/><E8/><V68/><F68/><W109/><G109/><T23/><D71/><U50/><E123/><V57/><F57/><W36/><G87/><T64/><D23/><U125/><E86/><V101/><F101/><W90/><G85/><T3/><D20/><U72/><E72/><V51/><AGARI ba="0,1" hai="15,17,22,39,40,44,46,51,53,80,81,93,99,102" machi="51" ten="30,11700,0" yaku="1,1,0,1,53,2" doraHai="108" doraHaiUra="43" who="2" fromWho="2" sc="281,-39,323,-39,187,127,199,-39" />
</Scene>
<Scene>
<INIT seed="2,1,0,3,3,112" ten="242,284,314,160" oya="2" hai0="99,69,40,132,41,49,45,1,122,13,20,59,43" hai1="121,102,71,64,35,31,119,68,78,113,83,130,86" hai2="11,22,48,105,38,123,51,72,124,126,70,110,90" hai3="3,54,62,0,93,74,15,55,135,58,127,89,36"/><V42/><F123/><W133/><G74/><T34/><D1/><U100/><E113/><V101/><F70/><W46/><G127/><N who="2" m="48681" /><F72/><W87/><G15/><T109/><D34/><U47/><E121/><V81/><F38/><W26/><G26/><T115/><D122/><U73/><E130/><V9/><F101/><W27/><G27/><T61/><D115/><U52/><E71/><V7/><F105/><W19/><G19/><N who="0" m="10351" /><D69/><U33/><E33/><V97/><F110/><W37/><G37/><T82/><D132/><N who="3" m="50761" /><G36/><T10/><D109/><U56/><E31/><V39/><F22/><W117/><G117/><T16/><D99/><U96/><E119/><V104/><F11/><W76/><G76/><T88/><D10/><U95/><E35/><V30/><F30/><W118/><G118/><T131/><D131/><U44/><E73/><V94/><F104/><W103/><G103/><T98/><D16/><U21/><E102/><N who="2" m="60727" /><F42/><W92/><G92/><N who="0" m="56583" /><D82/><U29/><E29/><V125/><F39/><W50/><AGARI ba="1,0" hai="0,3,46,50,54,55,58,62,87,89,93" m="50761" machi="50" ten="30,1100,0" yaku="20,1" doraHai="112" who="3" fromWho="3" sc="242,-4,284,-4,314,-6,160,14" />
</Scene>
<Scene>
<INIT seed="3,0,0,5,5,23" ten="238,280,308,174" oya="3" hai0="44,131,28,35,120,49,123,110,128,95,69,72,70" hai1="36,109,83,66,113,11,71,133,14,21,31,1,0" hai2="63,102,77,9,81,76,55,67,125,25,116,56,122" hai3="85,39,20,19,90,42,29,105,86,96,8,108,12"/><W74/><G74/><T51/><D72/><U124/><E113/><V73/><F116/><W79/><G79/><T103/><D103/><U98/><E109/><V115/><F122/><N who="0" m="46634" /><D95/><U118/><E118/><V84/><F115/><W78/><G78/><T15/><D15/><U6/><E36/><V59/><F125/><W92/><G108/><T106/><D28/><U32/><E124/><V82/><F9/><W3/><G105/><T64/><D35/><U91/><E133/><V99/><F25/><W132/><G132/><T134/><D106/><U65/><E0/><V100/><F99/><W62/><G62/><AGARI ba="0,0" hai="55,56,59,62,63,67,73,76,77,81,82,84,100,102" machi="62" ten="30,1000,0" yaku="7,1" doraHai="23" who="2" fromWho="3" sc="238,0,280,0,308,10,174,-10" />
</Scene>
<Scene>
<INIT seed="4,0,0,1,5,1" ten="238,280,318,164" oya="0" hai0="132,55,65,75,129,9,24,49,134,35,68,4,46" hai1="95,125,63,87,60,81,62,11,120,103,52,111,17" hai2="93,83,6,104,88,78,41,31,38,22,14,113,61" hai3="80,0,36,101,43,106,112,34,116,10,66,94,98"/><T86/><D75/><U37/><E111/><V56/><F104/><W71/><G116/><T99/><D129/><U42/><E120/><V54/><F113/><W117/><G117/><T18/><D99/><N who="1" m="59903" /><E37/><V100/><F100/><W44/><G34/><T70/><D86/><U108/><E125/><V3/><F3/><W19/><G94/><T33/><D33/><U15/><E108/><V127/><F127/><W73/><G19/><T79/><D79/><N who="1" m="46527" /><E42/><V90/><F41/><W64/><G112/><T128/><D128/><U118/><E118/><V57/><F38/><W7/><REACH who="3" step="1"/><G71/><REACH who="3" ten="238,280,318,154" step="2"/><T74/><D18/><U58/><AGARI ba="0,1" hai="11,15,17,52,58,60,62,63" m="46527,59903" machi="58" ten="30,2000,0" yaku="8,1,54,1" doraHai="1" who="1" fromWho="1" sc="238,-10,280,30,318,-5,154,-5" />
</Scene>
<Scene>
<INIT seed="5,0,0,5,2,117" ten="228,310,313,149" oya="1" hai0="116,28,108,9,16,110,45,103,32,60,18,120,52" hai1="90,59,34,106,61,92,63,91,104,30,66,89,78" hai2="27,112,35,67,29,71,65,84,4,135,44,126,42" hai3="118,5,33,75,50,56,77,122,2,53,6,8,43"/><U101/><E78/><V79/><F71/><W76/><G33/><T24/><D116/><U31/><E34/><V25/><F25/><W19/><G118/><T83/><D103/><U3/><E3/><V13/><F135/><W47/><G6/><T17/><D9/><U58/><E104/><V14/><F126/><W10/><G122/><T111/><D83/><U121/><E121/><V134/><F134/><W87/><G87/><T123/><REACH who="0" step="1"/><D60/><REACH who="0" ten="218,310,313,149" step="2"/><U93/><E106/><V54/><F112/><W15/><REACH who="3" step="1"/><G75/><REACH who="3" ten="218,310,313,139" step="2"/><T98/><D98/><N who="1" m="59599" /><E92/><V57/><F84/><W97/><G97/><T40/><D40/><U81/><E81/><V80/><F42/><W51/><AGARI ba="0,2" hai="2,5,8,10,15,19,43,47,50,51,53,56,76,77" machi="51" ten="20,8000,1" yaku="1,1,0,1,7,1,53,2" doraHai="117" doraHaiUra="46" who="3" fromWho="3" sc="218,-20,310,-40,313,-20,139,100" />
</Scene>
<Scene>
<INIT seed="6,0,0,1,1,121" ten="198,270,293,239" oya="2" hai0="114,31,10,112,29,69,132,96,27,106,46,99,76" hai1="75,97,14,87,45,109,40,41,52,90,15,131,68" hai2="111,127,36,8,0,91,34,105,135,17,129,72,101" hai3="104,120,60,89,55,20,80,117,49,113,123,116,62"/><V79/><RYUUKYOKU type="yao9" ba="0,0" sc="198,0,270,0,293,0,239,0" hai2="0,8,17,34,36,72,79,91,101,105,111,127,129,135" />
</Scene>
<Scene>
<INIT seed="6,1,0,4,3,28" ten="198,270,293,239" oya="2" hai0="99,106,59,95,6,64,42,131,44,41,47,85,120" hai1="27,9,13,61,10,108,58,121,17,86,127,8,26" hai2="116,3,55,21,51,102,66,71,128,132,118,134,110" hai3="30,135,4,38,87,54,112,97,45,122,18,0,88"/><V57/><F3/><W123/><G30/><T68/><D131/><U130/><E108/><V70/><F102/><W62/><G135/><N who="2" m="51753" /><F21/><W94/><G112/><T31/><D120/><U81/><E130/><V40/><F128/><W24/><G4/><T73/><D73/><U23/><E127/><V103/><F103/><W35/><G0/><T92/><D68/><N who="2" m="26154" /><F110/><W56/><G35/><T67/><D31/><U2/><E2/><V52/><F66/><W109/><G109/><T79/><D106/><U113/><E113/><V60/><F40/><N who="3" m="22679" /><G87/><T63/><D67/><U36/><E36/><V91/><F91/><W129/><G129/><T14/><D42/><U107/><E107/><V105/><F105/><W32/><G32/><T39/><D39/><U48/><E48/><V124/><F124/><W22/><AGARI ba="1,0" hai="18,22,24,54,56,62,88,94,97,122,123" m="22679" machi="22" ten="30,2000,0" yaku="25,1,54,1" doraHai="28" who="3" fromWho="3" sc="198,-6,270,-6,293,-11,239,23" />
</Scene>
<Scene>
<INIT seed="7,0,0,1,0,20" ten="192,264,282,262" oya="3" hai0="41,123,115,128,2,31,113,50,63,57,46,73,29" hai1="93,86,44,131,54,75,25,118,97,119,107,58,127" hai2="16,52,32,90,65,45,122,69,129,23,34,48,96" hai3="9,6,67,59,3,120,125,116,21,15,102,133,101"/><W24/><G120/><T56/><D73/><U79/><E131/><V70/><F129/><W92/><G116/><N who="1" m="44586" /><E127/><V33/><F122/><W132/><G125/><T19/><D128/><U35/><E44/><V7/><F65/><W30/><G3/><T18/><D123/><U4/><E4/><V109/><F109/><W62/><G101/><T130/><D130/><U104/><E86/><V10/><F90/><W105/><G105/><T72/><D72/><U26/><E35/><V98/><F98/><AGARI ba="0,0" hai="6,9,15,21,24,30,59,62,67,92,98,102,132,133" machi="98" ten="40,7700,0" yaku="25,2,52,1" doraHai="20" who="3" fromWho="2" sc="192,0,264,0,282,-77,262,77" owari="192,-31.0,264,6.0,205,-19.0,339,44.0" />
</Scene>
</mjloggm>