<mjloggm ver="2.3"><GO type="169"/><UN n0="%E3%81%B4%E3%81%83%E3%81%B4%E3%81%83" n1="%E9%96%A2%E7%99%BD%E5%A4%B1%E8%84%9A" n2="%41%53%41%50%49%4E" n3="%E6%A3%92%E8%A7%92" dan="17,16,18,16" rate="2083,2125,2243,2086" sx="M,F,M,M"/><TAIKYOKU oya="0"/>

<Scene>
<INIT seed="0,0,0,5,3,105" ten="250,250,250,250" oya="0" hai0="92,55,2,135,86,102,34,79,37,45,76,42,88" hai1="97,133,14,40,116,94,103,121,10,67,130,8,91" hai2="99,64,3,112,52,114,48,15,12,101,85,84,17" hai3="21,16,57,71,119,100,87,78,124,41,38,107,24"/><T74/><D34/><U61/><E116/><V117/><F117/><W46/><G71/><T82/><D2/><U28/><E121/><V115/><F3/><W50/><G119/><T20/><D135/><U89/><E133/><V65/><F85/><W5/><G124/><T129/><D129/><U113/><E130/><V30/><F30/><W13/><G107/><T80/><D102/><U1/><E40/><V83/><F99/><W7/><G100/><T125/><D125/><U72/><E72/><V93/><F93/><W68/><G68/><T63/><D20/><U4/><E28/><V73/><F101/><W23/><G57/><T59/><REACH who="0" step="1"/><D92/><REACH who="0" ten="240,250,250,250" step="2"/><U120/><E120/><V62/><F112/><W90/><G38/><T132/><D132/><U0/><E113/><V106/><F114/><W128/><G128/><T96/><D96/><U35/><E0/><V49/><F106/><W58/><G58/><T104/><D104/><U127/><E127/><V27/><F115/><W118/><G118/><T95/><D95/><U98/><E35/><V66/><F66/><W56/><G56/><T51/><D51/><U75/><E98/><V39/><F48/><W111/><G23/><T22/><D22/><U122/><E122/><V9/><F49/><W77/><G24/><T69/><D69/><U43/><E1/><V25/><F27/><W36/><G36/><T81/><D81/><U44/><E94/><V26/><F25/><W29/><G29/><T47/><D47/><U32/><E97/><V134/><F26/><W109/><G21/><T110/><D110/><U126/><E32/><RYUUKYOKU ba="0,1" sc="240,30,250,-10,250,-10,250,-10" hai0="37,42,45,55,59,63,74,76,79,80,82,86,88" />
</Scene>
<Scene>
<INIT seed="0,1,1,5,4,87" ten="270,240,240,240" oya="0" hai0="132,44,18,74,129,80,121,113,69,11,50,99,56" hai1="32,122,53,101,57,125,38,55,124,120,118,48,104" hai2="61,22,86,17,30,109,39,134,31,93,88,8,66" hai3="79,64,115,78,2,95,126,28,67,102,76,47,52"/><T33/><D113/><U75/><E32/><V106/><F39/><W70/><G115/><T49/><D121/><U96/><E75/><V7/><F106/><W3/><G126/><N who="1" m="48746" /><E38/><V72/><F72/><W37/><G28/><T68/><D33/><U9/><E118/><V13/><F134/><W27/><G27/><T127/><D132/><U29/><E29/><V100/><F100/><W103/><G70/><T19/><D127/><U4/><E55/><V1/><REACH who="2" step="1"/><F109/><REACH who="2" ten="270,240,230,240" step="2"/><W5/><G103/><T40/><D74/><U21/><E21/><V10/><F10/><W84/><G102/><T62/><D11/><U23/><E23/><V77/><F77/><W60/><G78/><T94/><D129/><U119/><E119/><V131/><F131/><W85/><G79/><T6/><D68/><AGARI ba="1,2" hai="1,7,8,13,17,22,30,31,61,66,68,86,88,93" machi="68" ten="30,7700,0" yaku="1,1,7,1,52,1,54,1,53,0" doraHai="87" doraHaiUra="43" who="2" fromWho="0" sc="270,-80,240,0,230,100,240,0" />
</Scene>
<Scene>
<INIT seed="1,0,0,3,2,70" ten="190,240,330,240" oya="1" hai0="59,11,38,113,39,120,99,107,112,106,75,61,65" hai1="2,35,23,14,121,97,17,76,42,82,125,108,77" hai2="83,81,41,74,48,62,133,44,57,56,98,118,19" hai3="117,60,47,5,58,53,13,63,22,109,25,88,18"/><U32/><E121/><V69/><F118/><W27/><G117/><T86/><D75/><U128/><E2/><V64/><F133/><W95/><G109/><T1/><D120/><U20/><E108/><V123/><F123/><W79/><G79/><T131/><D131/><U126/><E128/><V0/><F0/><W132/><G132/><T15/><D1/><U34/><E97/><V103/><F19/><W91/><G5/><T4/><D112/><U114/><E114/><V24/><F24/><W40/><G63/><T45/><D113/><U54/><E54/><V16/><F16/><W78/><G78/><N who="1" m="30314" /><E82/><V130/><F74/><W52/><G53/><T26/><D86/><U105/><E42/><V73/><F73/><W7/><G7/><T101/><D106/><U84/><E84/><V135/><F135/><W85/><REACH who="3" step="1"/><G91/><REACH who="3" ten="190,240,330,230" step="2"/><T55/><D45/><U122/><E122/><V49/><F130/><W37/><AGARI ba="0,1" hai="13,18,22,25,27,37,40,47,52,58,60,85,88,95" machi="37" ten="20,12000,2" yaku="1,1,2,1,0,1,7,1,52,1,54,2,53,0" doraHai="70" doraHaiUra="100" who="3" fromWho="3" sc="190,-30,240,-60,330,-30,230,130" />
</Scene>
<Scene>
<INIT seed="2,0,0,5,0,102" ten="160,180,300,360" oya="2" hai0="75,52,70,77,85,33,49,3,54,73,2,131,103" hai1="0,66,27,17,95,90,42,89,135,30,58,50,35" hai2="47,25,16,23,29,116,38,53,82,71,84,114,112" hai3="51,36,12,1,56,119,67,79,18,105,32,74,122"/><V78/><F116/><W5/><G36/><T4/><D70/><U87/><E0/><V15/><F71/><W98/><G32/><T72/><D33/><U6/><E6/><V13/><F13/><W107/><G122/><T128/><D103/><U31/><E135/><V69/><F69/><W46/><G98/><T118/><D118/><U120/><E120/><V111/><F111/><W57/><G5/><T88/><D77/><U59/><E31/><V108/><F108/><W39/><G1/><T115/><D115/><U96/><E17/><V101/><F101/><W14/><G39/><T117/><D117/><U26/><E26/><V123/><F123/><W9/><G14/><T62/><D62/><U68/><E68/><V100/><F100/><W127/><G127/><T44/><D54/><U21/><E35/><V130/><F130/><N who="0" m="49706" /><D4/><U8/><E8/><V81/><F81/><AGARI ba="0,0" hai="2,3,44,49,52,72,73,75,81,85,88" m="49706" machi="81" ten="40,5200,0" yaku="19,1,54,2" doraHai="102" who="0" fromWho="2" sc="160,52,180,0,300,-52,360,0" />
</Scene>
<Scene>
<INIT seed="3,0,0,3,4,34" ten="212,180,248,360" oya="3" hai0="124,76,105,38,110,22,24,39,43,27,113,63,126" hai1="25,44,94,20,9,60,80,93,75,53,32,114,0" hai2="127,73,67,47,125,70,55,115,54,64,12,51,58" hai3="31,48,135,7,57,98,61,123,102,21,72,8,71"/><W59/><G123/><T122/><D105/><U3/><E114/><V112/><F73/><W52/><G72/><T130/><D122/><U78/><E32/><V132/><F12/><W86/><G71/><T11/><D113/><N who="2" m="43594" /><F70/><W33/><G33/><T131/><D76/><U83/><E9/><V74/><F74/><W50/><G86/><T109/><D63/><U41/><E83/><V28/><F28/><W117/><G117/><T77/><D77/><U92/><E53/><V118/><F118/><W1/><G135/><T18/><D11/><U49/><REACH who="1" step="1"/><E60/><REACH who="1" ten="212,170,248,360" step="2"/><N who="2" m="35935" /><F132/><W16/><G59/><T42/><D22/><U108/><E108/><V84/><F84/><W65/><G65/><AGARI ba="0,1" hai="47,51,54,64,65,67,125,127" m="35935,43594" machi="65" ten="30,2000,0" yaku="34,2" doraHai="34" who="2" fromWho="3" sc="212,0,170,0,248,30,360,-20" />
</Scene>
<Scene>
<INIT seed="4,0,0,5,1,89" ten="212,170,278,340" oya="0" hai0="32,3,72,86,62,66,78,100,29,112,55,104,12" hai1="57,122,134,73,124,114,113,61,99,64,27,135,41" hai2="16,0,95,24,13,83,117,108,131,106,21,96,9" hai3="123,58,79,33,84,88,40,132,129,105,26,128,102"/><T4/><D112/><N who="1" m="43115" /><E73/><V42/><F108/><W121/><G40/><T107/><D86/><U14/><E41/><V91/><F131/><N who="3" m="50251" /><G58/><T76/><D12/><U17/><E27/><V34/><F117/><W111/><G26/><N who="0" m="18487" /><D55/><U65/><E124/><V52/><F106/><W19/><G19/><T126/><D126/><U10/><E122/><N who="3" m="46602" /><G33/><T85/><D85/><U119/><E119/><V98/><F34/><W118/><G111/><T39/><D39/><U130/><E130/><V75/><F0/><W44/><G44/><T94/><D94/><U54/><E99/><N who="2" m="57855" /><F83/><W74/><G74/><T43/><D43/><U68/><E65/><V63/><F75/><W38/><G38/><T133/><D4/><U5/><E5/><N who="2" m="3247" /><F42/><W18/><G18/><T25/><D3/><U59/><E68/><V115/><F115/><W23/><G79/><T92/><D78/><U35/><E35/><V46/><F46/><W51/><G118/><T67/><D66/><U80/><E80/><V93/><F93/><W28/><G28/><T125/><D125/><U90/><E90/><V87/><F87/><W56/><G84/><T82/><D25/><U110/><E110/><V127/><F127/><W45/><G45/><T6/><D6/><U2/><E2/><V70/><F70/><W49/><G88/><T15/><D15/><U7/><E7/><V101/><F101/><W30/><G30/><T53/><D67/><U22/><E10/><V11/><F11/><W120/><G120/><T47/><D72/><U48/><AGARI ba="0,0" hai="14,17,22,48,54,57,59,61,64,134,135" m="43115" machi="48" ten="30,2000,0" yaku="15,1,11,1" doraHai="89" who="1" fromWho="1" sc="212,-10,170,20,278,-5,340,-5" />
</Scene>
<Scene>
<INIT seed="5,0,0,4,5,105" ten="202,190,273,335" oya="1" hai0="12,85,94,130,88,19,97,135,10,92,66,73,89" hai1="104,18,69,113,76,36,60,112,77,107,106,43,17" hai2="24,93,118,117,75,25,63,84,132,108,26,129,11" hai3="46,128,13,116,103,30,48,39,56,57,90,8,54"/><U32/><E32/><V9/><F108/><W5/><G128/><T7/><D130/><U51/><E36/><V47/><F129/><W79/><G116/><T123/><D123/><U74/><E43/><V27/><F132/><W53/><G103/><T20/><D135/><U99/><E99/><V62/><F75/><W2/><G30/><T81/><D66/><U33/><E33/><V86/><F27/><W71/><G71/><T96/><D73/><U114/><E51/><V101/><F47/><W52/><G79/><N who="1" m="30282" /><E74/><V100/><F26/><W37/><G2/><T16/><REACH who="0" step="1"/><D20/><REACH who="0" ten="192,190,273,335" step="2"/><U133/><E133/><V61/><F117/><W110/><G39/><T35/><D35/><U6/><E6/><V82/><F118/><W14/><G37/><T34/><D34/><U120/><E120/><V31/><F9/><W55/><G5/><T67/><D67/><AGARI ba="0,1" hai="17,18,60,67,69,104,106,107,112,113,114" m="30282" machi="67" ten="40,2000,0" yaku="15,1" doraHai="105" who="1" fromWho="0" sc="192,-20,190,30,273,0,335,0" />
</Scene>
<Scene>
<INIT seed="5,1,0,0,2,36" ten="172,220,273,335" oya="1" hai0="111,67,8,79,53,83,56,5,128,39,77,21,7" hai1="60,35,105,17,94,93,120,133,2,130,103,1,38" hai2="6,134,48,129,33,29,19,126,110,107,89,59,50" hai3="82,85,0,123,76,122,54,70,102,124,15,57,43"/><U40/><E120/><V45/><F110/><W71/><G0/><T116/><D111/><U42/><E35/><V24/><F107/><W95/><G124/><T96/><D116/><U26/><E60/><V28/><F129/><W104/><G71/><T23/><D128/><U61/><E130/><V44/><F126/><W91/><G70/><T97/><D67/><U131/><E131/><V112/><F134/><W81/><G15/><T92/><D39/><U37/><E61/><V117/><F117/><W14/><G14/><T18/><D79/><U31/><E17/><V106/><F106/><W87/><G104/><T135/><D135/><U115/><E105/><V88/><F6/><W114/><G114/><T12/><D21/><U108/><E133/><V13/><F112/><W125/><G125/><T20/><D20/><U75/><E115/><V34/><F59/><W72/><G102/><T11/><D11/><U63/><E63/><V55/><F29/><W90/><G43/><N who="1" m="16426" /><E75/><V127/><F33/><W66/><G66/><T109/><D109/><U3/><E108/><V84/><F127/><W132/><G132/><T41/><D7/><U80/><E80/><V10/><F84/><W25/><G25/><T32/><D32/><N who="1" m="20599" /><E103/><V86/><F86/><W73/><G73/><T9/><D5/><U46/><E38/><V51/><F51/><AGARI ba="1,0" hai="51,54,57,72,76,81,82,85,87,90,91,95,122,123" machi="51" ten="30,1000,0" yaku="7,1" doraHai="36" who="3" fromWho="2" sc="172,0,220,0,273,-13,335,13" />
</Scene>
<Scene>
<INIT seed="6,0,0,2,3,124" ten="172,220,260,348" oya="2" hai0="12,92,30,20,133,60,72,21,51,59,85,100,15" hai1="103,71,93,126,131,134,95,108,75,53,45,22,78" hai2="28,36,116,87,89,68,80,115,37,65,7,16,90" hai3="24,84,50,14,104,81,13,135,127,94,23,119,25"/><V110/><F116/><W113/><G119/><T39/><D39/><U62/><E126/><V114/><F110/><W61/><G104/><T86/><D72/><U35/><E35/><V26/><F7/><W0/><G0/><T56/><D133/><U98/><E134/><V11/><F65/><W5/><G113/><N who="2" m="43017" /><F68/><W106/><G106/><T132/><D132/><U29/><E75/><V4/><F90/><W48/><G127/><T111/><D111/><U70/><E78/><V38/><F16/><W43/><G94/><T122/><D122/><U102/><E71/><V73/><F73/><W3/><G3/><T123/><D123/><U66/><E108/><V112/><F112/><W109/><G109/><T125/><D125/><U19/><E29/><V99/><F99/><W88/><G61/><T41/><D100/><U10/><E10/><V2/><F37/><W101/><G101/><T47/><D92/><U49/><E95/><V83/><F80/><W117/><G117/><T129/><D30/><U107/><E103/><V82/><F82/><W118/><G118/><T97/><D97/><U96/><E96/><V130/><F130/><W91/><G91/><T52/><D129/><U6/><E6/><V58/><F58/><W40/><G5/><T63/><D15/><N who="1" m="9599" /><E131/><V34/><AGARI ba="0,0" hai="2,4,11,26,28,34,36,38,83,87,89" m="43017" machi="34" ten="30,1500,0" yaku="15,1" doraHai="124" who="2" fromWho="2" sc="172,-5,220,-5,260,15,348,-5" />
</Scene>
<Scene>
<INIT seed="6,1,0,4,3,0" ten="167,215,275,343" oya="2" hai0="33,42,30,77,111,22,4,93,79,122,6,126,86" hai1="60,66,64,106,8,135,20,99,116,102,21,100,134" hai2="18,10,107,84,70,39,129,97,24,105,92,35,50" hai3="133,2,124,94,44,31,90,131,125,28,38,14,69"/><V54/><F39/><W58/><G2/><T63/><D122/><U127/><E116/><V17/><F70/><W120/><G69/><T53/><D111/><U110/><E110/><V65/><F65/><W74/><G74/><T5/><D33/><U32/><E32/><V91/><F129/><W1/><G1/><T114/><D42/><U47/><E47/><V52/><F54/><W104/><G104/><T12/><D114/><U75/><E75/><V81/><F18/><W117/><G117/><T49/><D63/><U85/><E127/><V98/><F98/><W130/><G120/><T112/><D112/><U46/><E46/><V13/><F24/><W80/><G58/><N who="0" m="33071" /><D126/><U23/><E8/><V9/><F9/><W48/><G38/><T59/><D59/><U45/><E45/><V43/><F43/><W118/><G118/><T68/><D68/><U25/><E25/><V36/><F36/><W128/><G94/><T123/><D123/><U89/><E60/><V37/><F35/><W15/><G31/><T29/><D12/><N who="3" m="4649" /><G28/><N who="0" m="10859" /><D22/><U72/><E72/><V76/><F37/><W11/><G125/><T73/><D73/><U61/><E61/><V103/><F107/><W19/><G124/><T40/><D40/><U7/><E66/><V96/><F50/><W56/><G48/><T41/><D41/><U119/><E64/><V121/><F121/><W27/><G27/><T34/><D34/><U51/><E51/><V57/><F57/><W71/><G71/><T95/><D86/><U67/><E119/><V83/><F52/><W3/><G130/><T88/><D95/><RYUUKYOKU ba="1,0" sc="167,15,215,-15,275,15,343,-15" hai0="4,5,6,77,79,88,93" hai2="10,13,17,76,81,83,84,91,92,96,97,103,105" />
</Scene>
<Scene>
<INIT seed="6,2,0,1,4,114" ten="182,200,290,328" oya="2" hai0="75,2,91,81,79,112,88,20,22,35,0,128,7" hai1="69,34,31,108,17,18,72,11,102,56,5,62,36" hai2="124,129,113,125,63,39,99,44,67,59,134,66,58" hai3="47,10,126,115,120,37,135,118,83,49,38,84,80"/><V13/><F99/><W111/><G120/><T64/><D35/><U133/><E69/><V103/><F103/><W122/><G122/><T19/><D112/><U119/><E72/><V40/><F113/><W1/><G115/><T77/><D128/><U28/><E36/><V132/><F129/><W101/><G83/><T52/><D64/><U55/><E108/><V70/><F13/><W16/><G101/><T21/><D77/><U33/><E102/><V104/><F104/><W127/><G111/><T109/><D109/><U78/><E78/><V123/><F123/><W6/><G16/><T130/><D130/><U86/><E86/><V43/><F43/><W4/><G4/><T96/><D7/><U105/><E105/><V57/><F67/><W97/><G97/><T9/><D9/><U95/><E95/><V61/><F61/><W26/><G26/><T46/><D19/><U131/><E131/><V90/><F90/><W12/><G1/><T14/><D14/><U23/><E34/><V92/><F92/><W100/><G100/><T110/><D110/><U30/><E33/><V3/><F3/><W107/><G107/><T89/><REACH who="0" step="1"/><D96/><REACH who="0" ten="172,200,290,328" step="2"/><U82/><E11/><V117/><F66/><W74/><G12/><T68/><D68/><U85/><E5/><V51/><F70/><W45/><G10/><T106/><D106/><U98/><E98/><V32/><F32/><W25/><G6/><T15/><D15/><U65/><E65/><V121/><F121/><W29/><G29/><T24/><D24/><U76/><E18/><V94/><F132/><W73/><G135/><RYUUKYOKU ba="2,1" sc="172,30,200,-10,290,-10,328,-10" hai0="0,2,20,21,22,46,52,75,79,81,88,89,91" />
</Scene>
<Scene>
<INIT seed="7,3,1,0,0,38" ten="202,190,280,318" oya="3" hai0="117,131,49,28,41,109,59,105,92,69,67,48,56" hai1="10,24,71,75,120,73,64,61,107,84,68,25,82" hai2="93,78,85,113,111,96,86,4,20,102,9,60,35" hai3="45,36,123,44,106,98,47,52,103,101,108,23,14"/><W34/><G34/><T87/><D105/><U119/><E120/><V121/><F111/><W11/><G123/><T99/><D117/><U79/><E107/><V81/><F121/><W6/><G103/><T7/><D109/><U21/><E71/><V39/><F35/><W33/><G33/><T29/><D69/><U65/><E65/><V57/><F113/><W94/><G108/><T2/><D131/><U58/><E119/><V83/><F39/><W135/><G135/><T77/><D7/><U116/><E116/><V51/><F51/><N who="0" m="19530" /><D41/><U3/><E68/><V37/><F37/><W42/><G52/><T90/><D2/><U5/><E25/><V88/><F20/><W43/><G106/><T31/><D67/><U46/><E46/><V15/><F57/><N who="0" m="22090" /><D77/><U8/><E8/><V100/><F60/><W80/><G36/><T122/><D122/><U70/><E70/><V134/><F134/><W18/><G80/><T30/><N who="0" m="7680" /><DORA hai="89" /><T110/><D110/><U40/><E40/><V112/><F112/><W118/><G118/><T72/><D72/><U55/><E64/><V130/><F130/><W76/><G76/><AGARI ba="3,1" hai="4,9,15,76,78,81,83,85,86,88,93,96,100,102" machi="76" ten="30,8000,1" yaku="7,1,9,1,8,1,52,1,54,1" doraHai="38,89" who="2" fromWho="3" sc="202,0,190,0,280,99,318,-89" owari="202,-20.0,190,-31.0,379,48.0,229,3.0" />
</Scene>
</mjloggm>