<mjloggm ver="2.3"><GO type="169" lobby="0"/><UN n0="%E3%82%A2%E3%83%AD%E3%82%A8%E3%82%AF%E3%83%B3" n1="%E3%83%9A%E3%83%81%E3%83%A7%E3%83%BC%E3%83%AA%E3%83%B3" n2="%E3%83%88%E3%82%B7%E3%83%95%E3%83%BC%E3%83%8B" n3="%41%53%41%50%49%4E" dan="16,17,16,19" rate="2141.94,2191.41,2085.93,2275.29" sx="M,M,M,M"/><TAIKYOKU oya="0"/>

<Scene>
<INIT seed="0,0,0,2,2,59" ten="250,250,250,250" oya="0" hai0="118,82,111,27,129,105,17,50,127,133,77,23,14" hai1="96,68,71,13,9,64,93,44,117,114,21,84,86" hai2="102,2,55,35,121,22,25,30,122,89,99,49,0" hai3="94,123,104,18,3,85,90,6,5,131,126,75,108"/><T12/><D118/><U10/><E117/><V29/><F89/><W88/><G104/><T95/><D105/><U119/><E119/><V37/><F37/><W132/><G75/><T57/><D127/><U8/><E114/><V48/><F48/><W73/><G73/><T39/><D39/><U115/><E115/><V109/><F109/><W110/><G126/><T47/><D129/><U1/><E1/><V32/><F0/><W97/><G131/><T51/><D133/><U69/><E44/><V45/><F2/><W92/><G132/><T41/><D95/><U67/><E86/><V28/><F32/><W43/><G43/><T70/><D70/><U26/><E84/><V120/><REACH who="2" step="1"/><F35/><REACH who="2" ten="250,250,240,250" step="2"/><W135/><G135/><T60/><D111/><U125/><E125/><V116/><F116/><W56/><G3/><T100/><D50/><U80/><E80/><V38/><F38/><W52/><G110/><T134/><D134/><U4/><E96/><V107/><AGARI ba="0,1" hai="22,25,28,29,30,45,49,55,99,102,107,120,121,122" machi="107" ten="30,2000,0" yaku="1,1,0,1,53,0" doraHai="59" doraHaiUra="113" who="2" fromWho="2" sc="250,-10,250,-5,240,30,250,-5" />
</Scene>
<Scene>
<INIT seed="1,0,0,3,3,122" ten="240,245,270,245" oya="1" hai0="40,22,104,61,44,33,25,78,105,92,73,23,81" hai1="5,89,131,63,60,45,54,84,95,116,68,14,96" hai2="117,101,6,19,130,56,134,27,20,38,10,64,80" hai3="24,119,29,4,123,50,37,35,135,59,21,47,132"/><U107/><E116/><V86/><F117/><W55/><G123/><T128/><D128/><U118/><E118/><V67/><F38/><W94/><G119/><T11/><D33/><U83/><E107/><V53/><F101/><W49/><G37/><T12/><D92/><U57/><E131/><V120/><F130/><W76/><G76/><T93/><D93/><U82/><E45/><V112/><F134/><N who="3" m="51243" /><G94/><T18/><D61/><U103/><E83/><V113/><F120/><W72/><G4/><T110/><D110/><U1/><E1/><V32/><F32/><W36/><G36/><T87/><D73/><U39/><E39/><V3/><F113/><W70/><G70/><T15/><D15/><U124/><E124/><V77/><REACH who="2" step="1"/><F112/><REACH who="2" ten="240,245,260,245" step="2"/><W52/><G35/><T43/><D104/><U16/><E5/><V98/><F98/><W65/><G72/><T28/><D105/><U127/><E127/><V126/><F126/><W26/><G26/><N who="0" m="14711" /><D44/><U58/><E68/><V34/><F34/><W91/><G47/><T129/><D129/><U75/><E75/><V17/><F17/><AGARI ba="0,1" hai="11,12,17,22,25,28,40,43,78,81,87" m="14711" machi="17" ten="30,1000,0" yaku="8,1" doraHai="122" who="0" fromWho="2" sc="240,20,245,0,260,-10,245,0" />
</Scene>
<Scene>
<INIT seed="2,0,0,2,5,59" ten="260,245,250,245" oya="2" hai0="106,66,92,56,11,58,79,50,34,33,38,4,83" hai1="103,95,44,132,60,57,123,42,109,102,94,82,124" hai2="127,130,32,112,30,14,46,41,119,61,45,13,96" hai3="133,113,129,86,62,111,121,128,118,20,90,31,12"/><V104/><F119/><W131/><G118/><T37/><D106/><U0/><E0/><V29/><F112/><W91/><G121/><T10/><D92/><U49/><E123/><V17/><F130/><W54/><G113/><T78/><D50/><U63/><E132/><V26/><F127/><W85/><G133/><T100/><D100/><U120/><E120/><V97/><F30/><W40/><G40/><T75/><D4/><U36/><E124/><V53/><F13/><W27/><G111/><T99/><D99/><U69/><E109/><V110/><F110/><W72/><G72/><T89/><D89/><N who="3" m="33801" /><G12/><T134/><D75/><U108/><E82/><V35/><F35/><W21/><G21/><T23/><D23/><U64/><E108/><V47/><F104/><W18/><G31/><T67/><REACH who="0" step="1"/><D134/><REACH who="0" ten="250,245,250,245" step="2"/><U25/><E95/><V116/><F116/><W135/><G135/><T43/><D43/><U105/><E94/><V55/><F41/><W51/><G51/><T125/><D125/><U88/><E105/><V126/><F126/><W115/><G115/><T98/><D98/><U70/><E49/><V3/><F97/><W5/><G5/><T76/><D76/><U6/><E6/><V8/><F96/><W39/><G39/><T65/><D65/><U71/><E103/><V107/><F107/><W101/><G101/><T1/><D1/><U7/><E102/><V77/><F77/><W87/><G128/><T122/><D122/><U28/><E7/><V81/><F3/><W9/><G9/><T24/><D24/><U48/><E36/><V117/><F26/><RYUUKYOKU ba="0,1" sc="250,15,245,-15,250,-15,245,15" hai0="10,11,33,34,37,38,56,58,66,67,78,79,83" hai3="18,20,27,54,62,85,86,87,129,131" />
</Scene>
<Scene>
<INIT seed="3,1,1,4,0,1" ten="265,230,235,260" oya="3" hai0="7,58,117,116,87,107,121,5,93,85,17,126,101" hai1="120,48,41,131,32,81,124,103,91,82,133,71,134" hai2="16,0,114,104,35,123,74,28,113,22,10,9,52" hai3="39,86,135,61,75,49,97,21,31,99,98,6,15"/><W59/><G75/><T68/><D68/><U23/><E32/><V95/><F104/><W18/><G39/><T72/><D121/><U118/><E120/><V46/><F74/><W30/><G135/><N who="1" m="51722" /><E71/><V42/><F123/><W19/><G49/><T94/><D72/><U44/><E124/><V25/><F95/><W66/><G6/><T63/><D126/><U112/><E112/><V77/><F77/><W38/><G38/><T73/><D73/><U132/><E131/><V2/><F42/><W84/><REACH who="3" step="1"/><G19/><REACH who="3" ten="265,230,235,250" step="2"/><T3/><D7/><U12/><E132/><V13/><F114/><W37/><G37/><T125/><D5/><U127/><E127/><V51/><F113/><W8/><G8/><T57/><D125/><U108/><E118/><V76/><F10/><W27/><G27/><T96/><D116/><U36/><E36/><V11/><F11/><W65/><G65/><T92/><D117/><U56/><E48/><V60/><F9/><W67/><G67/><T34/><D17/><U79/><E41/><V115/><F115/><W4/><G4/><T111/><D3/><U130/><E130/><V20/><F0/><W43/><G43/><T105/><D63/><U128/><E128/><V90/><F2/><W109/><G109/><T24/><D111/><U14/><E108/><V78/><F60/><W45/><G45/><T53/><D24/><U70/><E44/><V54/><F54/><W129/><G129/><T102/><D53/><U55/><E55/><V83/><F35/><W88/><G88/><T29/><D34/><U47/><E91/><V33/><F33/><RYUUKYOKU ba="1,2" sc="265,-15,230,-15,235,15,250,15" hai2="13,16,20,22,25,28,46,51,52,76,78,83,90" hai3="15,18,21,30,31,59,61,66,84,86,97,98,99" />
</Scene>
<Scene>
<INIT seed="3,2,2,4,5,33" ten="250,215,250,265" oya="3" hai0="103,47,13,6,18,74,89,1,92,4,135,102,129" hai1="115,91,100,88,98,67,30,52,109,22,50,107,54" hai2="80,37,36,27,90,72,34,64,77,124,85,117,99" hai3="0,131,61,48,7,40,23,59,19,121,53,78,93"/><W57/><G121/><T20/><D74/><U31/><E115/><V113/><F117/><W55/><G131/><T62/><D135/><U5/><E109/><V8/><F113/><W116/><G116/><T68/><D129/><U114/><E114/><V84/><F124/><W75/><G40/><T2/><D47/><U10/><E67/><V120/><F120/><W94/><G78/><T134/><D134/><U118/><E118/><V73/><F64/><W122/><G75/><T119/><D119/><U12/><E54/><V24/><F99/><W56/><G56/><T63/><D68/><U9/><E10/><V46/><F73/><W106/><G106/><T17/><D92/><U69/><E69/><V125/><F84/><W82/><G82/><T110/><D20/><U41/><E41/><V108/><F108/><W96/><G122/><T83/><D110/><U65/><E65/><V26/><F34/><W38/><G38/><T66/><D66/><U97/><E22/><V14/><F125/><W133/><G133/><T29/><D29/><U112/><E112/><V132/><F132/><W60/><G48/><T95/><D95/><U35/><E98/><V39/><F46/><W105/><G105/><T126/><D126/><U87/><E35/><V86/><F90/><N who="1" m="34345" /><E87/><V16/><AGARI ba="2,2" hai="8,14,16,24,26,27,36,37,39,72,77,80,85,86" machi="16" ten="40,2700,0" yaku="0,1,54,1" doraHai="33" who="2" fromWho="2" sc="250,-9,215,-9,250,53,265,-15" />
</Scene>
<Scene>
<INIT seed="4,0,0,3,0,72" ten="241,206,303,250" oya="0" hai0="13,87,76,0,102,90,62,41,131,70,57,19,60" hai1="66,42,89,3,33,44,77,56,50,7,34,5,26" hai2="117,85,81,47,107,49,37,52,10,114,91,4,79" hai3="104,122,128,27,51,94,69,125,119,84,96,15,130"/><T21/><D131/><U133/><E133/><V43/><F107/><W64/><G119/><T68/><D0/><U93/><E3/><V38/><F117/><W16/><G125/><T17/><D102/><U2/><E2/><V106/><F106/><W111/><G111/><T65/><D41/><U98/><E33/><V24/><F114/><W9/><G104/><T32/><D32/><U123/><E123/><V73/><F24/><W112/><G112/><T108/><D108/><U11/><E11/><V129/><F129/><W39/><G39/><T105/><D105/><U58/><E58/><V132/><F132/><W45/><G122/><T126/><D126/><U82/><E34/><V22/><F22/><W118/><G118/><T54/><D19/><U40/><E40/><V135/><F135/><W100/><G84/><T67/><D76/><U88/><E89/><V80/><F43/><W97/><G97/><T14/><D14/><AGARI ba="0,0" hai="4,10,14,37,38,47,49,52,73,79,80,81,85,91" machi="14" ten="30,3900,0" yaku="7,1,52,1,54,1" doraHai="72" who="2" fromWho="0" sc="241,-39,206,0,303,39,250,0" />
</Scene>
<Scene>
<INIT seed="5,0,0,1,5,42" ten="202,206,342,250" oya="1" hai0="116,16,99,69,133,135,132,134,92,91,25,55,89" hai1="73,79,130,87,117,122,120,15,104,129,103,20,29" hai2="95,81,59,21,53,75,127,45,17,50,97,124,12" hai3="62,49,106,94,105,37,23,10,80,107,71,102,61"/><U22/><E117/><V41/><F81/><W101/><G37/><T47/><N who="0" m="33792" /><DORA hai="72" /><T1/><D116/><U36/><E36/><V77/><F77/><W66/><G62/><T44/><D1/><U28/><E73/><V93/><F75/><W27/><G80/><T85/><D55/><U86/><E103/><V126/><REACH who="2" step="1"/><F97/><REACH who="2" ten="202,206,332,250" step="2"/><W0/><G105/><T76/><D76/><U119/><E104/><V60/><AGARI ba="0,1" hai="12,17,21,41,45,50,53,59,60,93,95,124,126,127" machi="60" ten="30,8000,1" yaku="1,1,2,1,0,1,18,1,52,1,53,0" doraHai="42,72" doraHaiUra="33,34" who="2" fromWho="2" sc="202,-20,206,-40,332,90,250,-20" />
</Scene>
<Scene>
<INIT seed="6,0,0,0,0,102" ten="182,166,422,230" oya="2" hai0="15,85,119,43,72,133,65,57,9,31,104,78,114" hai1="96,81,28,23,61,55,128,94,79,11,110,92,8" hai2="37,21,12,84,13,51,68,10,76,2,40,77,50" hai3="48,62,63,115,113,44,0,24,22,56,126,117,64"/><V118/><F68/><W83/><G0/><T41/><D114/><N who="3" m="43529" /><G117/><T124/><D119/><U122/><E110/><V49/><F118/><W100/><G126/><T34/><D72/><U1/><E128/><V54/><F2/><W88/><G63/><T67/><D124/><U5/><E122/><V59/><F37/><W123/><G123/><T95/><D133/><U19/><E28/><V58/><F40/><W42/><G100/><T39/><D41/><U53/><E11/><V52/><F51/><W38/><G83/><T16/><D43/><U60/><E60/><V112/><F112/><W27/><G88/><T131/><D39/><U35/><E35/><V80/><F77/><W66/><G27/><T105/><D131/><U121/><E61/><V125/><F125/><W32/><G32/><T86/><D78/><U69/><E69/><V127/><F127/><W7/><G7/><T101/><D101/><U6/><E6/><V98/><F80/><W18/><G38/><T25/><D95/><U134/><E94/><V4/><F76/><W3/><G3/><T74/><D74/><U108/><E108/><V135/><F84/><W45/><G45/><T73/><D73/><N who="1" m="43247" /><E134/><V106/><F135/><W111/><G111/><T130/><D130/><U99/><E121/><V89/><F89/><W17/><G17/><T107/><REACH who="0" step="1"/><D57/><REACH who="0" ten="172,166,422,230" step="2"/><U103/><E99/><V26/><F98/><W97/><G97/><T33/><D33/><U29/><E96/><V71/><F58/><W47/><G47/><T14/><D14/><N who="1" m="9719" /><E29/><V30/><F59/><W116/><G116/><T20/><D20/><RYUUKYOKU ba="0,1" sc="172,10,166,10,422,-30,230,10" hai0="9,15,16,25,31,34,65,67,85,86,104,105,107" hai1="1,5,8,53,55,92,103" hai3="18,22,24,42,44,48,56,62,64,66" />
</Scene>
<Scene>
<INIT seed="7,1,1,2,1,90" ten="182,176,392,240" oya="3" hai0="105,3,72,81,31,131,83,84,66,5,67,118,128" hai1="101,112,124,75,113,59,2,106,9,28,115,21,20" hai2="51,22,38,122,123,111,78,23,100,36,37,77,8" hai3="53,92,132,74,49,0,82,133,56,93,42,86,98"/><W50/><G0/><T16/><D118/><U29/><E75/><V17/><F100/><W70/><G70/><T7/><D105/><U18/><E124/><V46/><F111/><W1/><G1/><T44/><D31/><N who="1" m="11851" /><E59/><V96/><F96/><W11/><G74/><T116/><D116/><U65/><E65/><N who="0" m="24585" /><D3/><U33/><E33/><V34/><F34/><W4/><G98/><T61/><D61/><U10/><E101/><V15/><F77/><W95/><G11/><N who="1" m="4106" /><E106/><V120/><F78/><N who="3" m="46423" /><G4/><T99/><D72/><U60/><E2/><V19/><F19/><W45/><G132/><T94/><D16/><U126/><E126/><V39/><F39/><W27/><G133/><T73/><D73/><U41/><E41/><AGARI ba="1,1" hai="8,15,17,22,23,36,37,38,41,46,51,120,122,123" machi="41" ten="50,1600,0" yaku="13,1" doraHai="90" who="2" fromWho="1" sc="182,0,176,-19,392,29,240,0" owari="182,-22.0,157,-34.0,421,52.0,240,4.0" />
</Scene>
</mjloggm>