<mjloggm ver="2.3"><GO type="169" lobby="0"/><UN n0="%E9%AD%94%E7%8E%8B%E3%81%93%E3%81%A3%E3%81%BA%E3%81%B1%E3%82%93" n1="%E3%81%94%E3%81%98%E3%82%83%E3%82%8B" n2="%E3%82%B2%E3%82%AA%E3%83%AB%E3%82%B2%E3%83%8F%E3%82%B8%39%34" n3="%41%53%41%50%49%4E" dan="16,19,16,19" rate="2033.61,2304.13,2006.62,2271.29" sx="M,M,M,M"/><TAIKYOKU oya="0"/>

<Scene>
<INIT seed="0,0,0,5,4,61" ten="250,250,250,250" oya="0" hai0="23,52,44,115,47,49,67,74,114,15,110,28,39" hai1="18,4,128,27,60,38,68,42,82,34,70,53,112" hai2="109,96,31,90,43,126,24,65,56,35,92,1,100" hai3="107,113,3,124,2,117,25,32,121,77,21,58,57"/><T129/><D74/><U41/><E4/><V116/><F1/><W64/><G107/><T75/><D75/><U46/><E82/><V87/><F109/><W97/><G113/><T29/><D110/><U33/><E33/><V130/><F130/><W125/><G117/><T12/><D129/><U123/><E123/><V120/><F120/><W91/><G32/><T80/><D80/><U108/><E128/><V37/><F116/><W106/><G77/><T59/><D39/><U132/><E108/><V54/><F126/><N who="3" m="48747" /><G121/><T133/><D133/><U102/><E102/><V101/><F37/><W5/><G5/><T85/><D85/><U81/><E81/><V119/><F43/><W62/><G58/><T8/><D115/><U88/><E42/><V16/><F119/><W99/><G99/><T86/><D86/><U50/><E132/><V95/><F101/><N who="3" m="62767" /><G91/><T11/><D114/><U48/><E88/><V40/><F100/><W89/><G89/><T45/><D67/><U51/><E112/><V78/><F96/><W134/><G134/><T76/><D76/><U79/><E79/><V104/><F104/><W66/><G66/><T127/><D127/><U122/><E122/><V131/><F65/><W84/><G84/><T7/><REACH who="0" step="1"/><D23/><REACH who="0" ten="240,250,250,250" step="2"/><N who="1" m="13815" /><E34/><V98/><F131/><W26/><G21/><T30/><D30/><U73/><E73/><V19/><F78/><W103/><G64/><T22/><D22/><U10/><E38/><V135/><F135/><W93/><G2/><T55/><D55/><U13/><E53/><V94/><F54/><N who="3" m="34103" /><G3/><T63/><D63/><U118/><E60/><RYUUKYOKU ba="0,1" sc="240,15,250,-15,250,-15,250,15" hai0="7,8,11,12,15,28,29,44,45,47,49,52,59" hai3="25,26,93,103" />
</Scene>
<Scene>
<INIT seed="0,1,1,3,3,44" ten="255,235,235,265" oya="0" hai0="26,30,110,57,94,5,107,123,92,131,22,66,99" hai1="120,83,77,39,55,42,75,16,24,102,134,67,113" hai2="53,13,9,133,12,130,15,19,78,25,14,125,31" hai3="1,119,52,64,10,65,80,33,59,47,0,111,87"/><T114/><D114/><U8/><E120/><V121/><F78/><W132/><G119/><T97/><D123/><U109/><E67/><V56/><F121/><W18/><G33/><T106/><D131/><U61/><E113/><V89/><F130/><W95/><G111/><T93/><D110/><U85/><E109/><V17/><F125/><W20/><G132/><T37/><D37/><U86/><E39/><V90/><F133/><W96/><G47/><T115/><D115/><U79/><E42/><V60/><REACH who="2" step="1"/><F17/><REACH who="2" ten="255,235,225,265" step="2"/><W84/><G18/><T104/><D5/><U4/><E79/><V72/><F72/><W23/><G1/><T135/><D135/><U63/><E77/><V105/><F105/><W40/><G0/><T116/><D116/><U88/><E75/><V54/><F54/><W6/><G52/><T69/><D69/><U38/><E55/><V43/><F43/><W122/><G40/><T29/><REACH who="0" step="1"/><D30/><REACH who="0" ten="245,235,225,265" step="2"/><U58/><E4/><V82/><F82/><W21/><G80/><T27/><D27/><U36/><E83/><V50/><F50/><W98/><G6/><T3/><D3/><U112/><E134/><V68/><F68/><W108/><G122/><T46/><D46/><U127/><E38/><V118/><F118/><W81/><G81/><T62/><AGARI ba="1,3" hai="22,26,29,57,62,66,92,93,94,97,99,104,106,107" machi="62" ten="40,12000,1" yaku="1,1,0,1,53,3" doraHai="44" doraHaiUra="100" who="0" fromWho="0" sc="245,153,235,-41,225,-41,265,-41" />
</Scene>
<Scene>
<INIT seed="0,2,0,5,5,57" ten="398,194,184,224" oya="0" hai0="82,127,62,6,14,87,23,119,103,124,25,20,22" hai1="4,56,122,66,112,96,67,100,131,47,120,18,129" hai2="0,125,73,134,36,44,76,115,32,17,53,48,116" hai3="110,85,12,97,45,113,37,64,78,111,88,90,63"/><T105/><D119/><U30/><E4/><V16/><F116/><W33/><G113/><T107/><D103/><U46/><E30/><V41/><F115/><W104/><G33/><T59/><D25/><U68/><E112/><V81/><F32/><W27/><G27/><T24/><D24/><U94/><E68/><V60/><F125/><N who="0" m="48202" /><D14/><U19/><E100/><V1/><F134/><W83/><G104/><T80/><D6/><U72/><E94/><V2/><REACH who="2" step="1"/><F60/><REACH who="2" ten="398,194,174,224" step="2"/><W132/><G63/><T91/><D82/><U71/><E122/><V50/><F50/><W15/><G83/><T35/><D35/><U126/><E120/><V99/><F99/><W34/><G97/><T108/><D108/><U54/><E126/><V70/><F70/><W3/><G34/><T89/><D80/><U102/><E96/><V38/><F38/><W13/><G37/><T26/><D62/><U55/><E71/><V117/><F117/><W9/><G111/><T86/><D107/><U51/><E51/><V133/><F133/><W5/><G132/><T98/><D98/><U130/><E102/><V93/><F93/><W40/><G110/><T31/><D105/><U118/><E118/><V43/><F43/><W123/><G123/><T65/><D26/><U10/><E131/><V75/><F75/><W95/><G95/><T21/><D31/><U101/><E101/><V69/><F69/><W39/><G64/><T121/><D65/><U8/><E72/><V29/><F29/><W92/><G92/><T79/><D121/><U106/><E106/><V135/><F135/><W7/><G7/><RYUUKYOKU ba="2,1" sc="398,-30,194,10,174,10,224,10" hai1="8,10,18,19,46,47,54,55,56,66,67,129,130" hai2="0,1,2,16,17,36,41,44,48,53,73,76,81" hai3="3,5,9,12,13,15,39,40,45,78,85,88,90" />
</Scene>
<Scene>
<INIT seed="1,3,1,0,3,55" ten="368,204,184,234" oya="1" hai0="110,107,106,17,44,95,113,88,124,2,29,56,102" hai1="64,89,117,104,90,79,28,127,54,130,121,18,112" hai2="32,131,96,105,63,83,73,13,92,59,52,26,134" hai3="21,123,43,97,108,4,23,75,5,120,118,109,30"/><U34/><E112/><V14/><F105/><W76/><G43/><T19/><D113/><U50/><E117/><V47/><F134/><W100/><G76/><T69/><D69/><U91/><E121/><N who="3" m="46666" /><G75/><T33/><D102/><U41/><E104/><V135/><F135/><W37/><G37/><T114/><D2/><U58/><E130/><V85/><F73/><W101/><G97/><T116/><D44/><U11/><E127/><V111/><F131/><W49/><G49/><T15/><D116/><U40/><E79/><V125/><F125/><W16/><G118/><T36/><D36/><U71/><E34/><V87/><F111/><N who="3" m="42571" /><G100/><T94/><D33/><U9/><E28/><V82/><F47/><W99/><G99/><T35/><D29/><U77/><E77/><N who="2" m="46287" /><F32/><W45/><G45/><T27/><D35/><U133/><E133/><V51/><F51/><W38/><G101/><T86/><D110/><U20/><E71/><V57/><F26/><N who="3" m="16735" /><G38/><T48/><D48/><U67/><E41/><V72/><F72/><W53/><G53/><T12/><D124/><U126/><E126/><V80/><F87/><W65/><G65/><N who="1" m="25162" /><E40/><V60/><F80/><W10/><G10/><T25/><D106/><U31/><E31/><V46/><F83/><W93/><G93/><T0/><D95/><U61/><E50/><V132/><F132/><W8/><G8/><T3/><D107/><U84/><E84/><V122/><F122/><W78/><G78/><T70/><D86/><U74/><E74/><V128/><F46/><W119/><G119/><T129/><D94/><U24/><AGARI ba="3,1" hai="9,11,18,20,24,54,58,61,89,90,91" m="25162" machi="24" ten="30,6000,0" yaku="5,1,8,1,52,1" doraHai="55" who="1" fromWho="1" sc="368,-23,204,79,184,-23,234,-23" />
</Scene>
<Scene>
<INIT seed="1,4,0,1,0,58" ten="345,283,161,211" oya="1" hai0="114,113,46,14,76,2,125,24,38,22,63,33,128" hai1="42,93,112,82,70,107,132,55,21,53,85,135,52" hai2="16,119,109,81,39,89,86,129,92,100,27,25,127" hai3="35,20,6,111,97,115,123,61,23,47,124,41,36"/><U73/><E107/><V18/><F39/><W31/><G115/><T118/><D2/><U110/><E112/><V116/><F109/><W130/><G123/><T66/><D118/><U88/><E42/><V5/><F129/><W12/><G130/><T3/><D3/><U56/><E70/><V94/><F127/><W108/><G124/><T10/><D125/><U64/><E110/><N who="3" m="42026" /><G97/><T48/><D33/><U15/><E73/><V79/><F5/><W72/><G72/><T122/><D76/><U13/><E82/><V37/><F37/><W95/><G95/><T126/><D38/><U44/><E44/><V26/><F100/><W43/><G43/><T59/><D122/><U102/><E102/><V74/><REACH who="2" step="1"/><F94/><REACH who="2" ten="345,283,151,211" step="2"/><W104/><G6/><T90/><D128/><U54/><E135/><V99/><F99/><W120/><G120/><T4/><D126/><U106/><E132/><V67/><F67/><W30/><G104/><T65/><D65/><U11/><E106/><V69/><F69/><W7/><G7/><T80/><D114/><U98/><E64/><V131/><F131/><W78/><G36/><T87/><D113/><U117/><E117/><AGARI ba="4,1" hai="16,18,25,26,27,74,79,81,86,89,92,116,117,119" machi="117" ten="40,5200,0" yaku="1,1,54,1,53,1" doraHai="58" doraHaiUra="77" who="2" fromWho="1" sc="345,0,283,-64,151,74,211,0" />
</Scene>
<Scene>
<INIT seed="2,0,0,1,1,8" ten="345,219,225,211" oya="2" hai0="125,112,1,7,6,10,68,23,88,111,91,135,34" hai1="65,122,78,61,114,123,21,126,107,77,27,22,30" hai2="52,25,116,96,133,58,40,44,94,86,79,56,85" hai3="73,14,4,15,37,38,74,108,98,29,93,105,100"/><V82/><F116/><W35/><G108/><T113/><D34/><U32/><E114/><V43/><F86/><W104/><G4/><T42/><D68/><U41/><E41/><V117/><F117/><W102/><G93/><T64/><D64/><U120/><E126/><V97/><F133/><W20/><G20/><T95/><D42/><U36/><E36/><V130/><F130/><W70/><G29/><T124/><D7/><U101/><E22/><V84/><F58/><W31/><G31/><T110/><D135/><U63/><E63/><V71/><F71/><W9/><G70/><T13/><D91/><U131/><E131/><V121/><F121/><W60/><G60/><T46/><D46/><U59/><E21/><V128/><F128/><W48/><G48/><T118/><D118/><U26/><REACH who="1" step="1"/><E27/><REACH who="1" ten="345,209,225,211" step="2"/><V49/><F25/><W53/><G37/><T109/><D23/><U87/><E87/><V51/><F40/><W83/><G38/><T129/><D129/><U69/><E69/><V134/><F134/><W39/><G39/><T81/><D1/><U3/><E3/><V99/><REACH who="2" step="1"/><F84/><REACH who="2" ten="345,209,215,211" step="2"/><W89/><G73/><T92/><D125/><U106/><E106/><V62/><F62/><W119/><G74/><T76/><D124/><U80/><E80/><V103/><AGARI ba="0,2" hai="43,44,49,51,52,56,79,82,85,94,96,97,99,103" machi="103" ten="20,18000,2" yaku="1,1,0,1,7,1,8,1,54,1,53,1" doraHai="8" doraHaiUra="90" who="2" fromWho="2" sc="345,-60,209,-60,215,200,211,-60" />
</Scene>
<Scene>
<INIT seed="2,1,0,2,3,99" ten="285,149,415,151" oya="2" hai0="96,91,52,8,44,19,95,9,84,67,104,65,72" hai1="29,18,34,10,113,26,2,62,88,101,21,36,15" hai2="118,86,89,16,120,1,115,70,49,121,122,64,103" hai3="75,3,63,131,76,105,32,11,132,127,98,31,119"/><V83/><F1/><W48/><G48/><T14/><D72/><U130/><E113/><V107/><F115/><W47/><G119/><T97/><D9/><U17/><E36/><V54/><F118/><W116/><G116/><T40/><D104/><U80/><E130/><V100/><F107/><W38/><G63/><T35/><D35/><U69/><E69/><V102/><F70/><W60/><G60/><T81/><D97/><U133/><E133/><V135/><F64/><W90/><G90/><T30/><D30/><U68/><E68/><V53/><F135/><W42/><G127/><T13/><D13/><U39/><E39/><V87/><F49/><W112/><G112/><T55/><D67/><U12/><E62/><V94/><REACH who="2" step="1"/><F16/><REACH who="2" ten="285,149,405,151" step="2"/><W111/><G132/><T92/><D65/><U33/><E2/><V110/><F110/><W108/><G3/><T0/><D0/><U56/><E18/><V22/><F22/><W43/><G108/><T7/><D19/><U109/><E109/><V50/><F50/><W61/><G61/><T59/><D92/><U23/><E34/><V85/><F85/><W79/><G105/><T6/><D6/><U123/><E33/><V126/><F126/><W20/><G32/><T129/><D95/><U71/><E71/><V28/><F28/><W4/><G31/><T82/><D84/><U78/><E29/><V58/><F58/><W114/><G111/><T41/><D59/><U46/><E56/><V45/><F45/><W117/><G114/><T93/><D44/><U125/><E46/><V5/><F5/><W77/><G4/><RYUUKYOKU ba="1,1" sc="285,-10,149,-10,405,30,151,-10" hai2="53,54,83,86,87,89,94,100,102,103,120,121,122" />
</Scene>
<Scene>
<INIT seed="2,2,1,3,0,132" ten="275,139,435,141" oya="2" hai0="97,86,62,34,17,120,114,27,115,64,80,72,81" hai1="31,36,2,125,102,61,123,59,128,11,54,60,0" hai2="67,49,57,46,56,91,116,47,51,53,134,8,89" hai3="20,111,6,90,99,117,7,41,28,12,14,73,16"/><V101/><F116/><W21/><G117/><T43/><D120/><U44/><E123/><V127/><F134/><W135/><G135/><T22/><D43/><U63/><E102/><V4/><F101/><W133/><G133/><T83/><D72/><U95/><E128/><V88/><F127/><W124/><G73/><T129/><D129/><U5/><E0/><V71/><F71/><W121/><G121/><T130/><D130/><U32/><E95/><V50/><F67/><W126/><G111/><T103/><D86/><U87/><E87/><V30/><F30/><W105/><G41/><T68/><REACH who="0" step="1"/><D34/><REACH who="0" ten="265,139,435,141" step="2"/><U18/><E32/><V35/><F35/><W26/><G124/><T42/><D42/><U122/><E125/><V48/><REACH who="2" step="1"/><F47/><REACH who="2" ten="265,139,425,141" step="2"/><W84/><G126/><T39/><D39/><U9/><E122/><V19/><F19/><W85/><G16/><T38/><D38/><U104/><E44/><V45/><F45/><W74/><G28/><T75/><D75/><U94/><E36/><V3/><AGARI ba="2,3" hai="3,4,8,46,48,49,50,51,53,56,57,88,89,91" machi="3" ten="30,6000,0" yaku="1,1,0,1,54,1,53,0" doraHai="132" doraHaiUra="29" who="2" fromWho="2" sc="265,-22,139,-22,425,96,141,-22" />
</Scene>
<Scene>
<INIT seed="2,3,0,5,2,54" ten="243,117,521,119" oya="2" hai0="11,52,39,19,131,70,80,127,98,95,56,77,128" hai1="50,25,12,30,60,24,82,102,90,71,22,88,29" hai2="16,36,69,43,6,76,62,65,49,17,8,92,112" hai3="93,34,134,14,133,63,55,97,41,67,81,27,10"/><V115/><F36/><W119/><G119/><T109/><D70/><U33/><E102/><V111/><F76/><W105/><G105/><T130/><D39/><U2/><E2/><V47/><F111/><W117/><G117/><T5/><D109/><U35/><E82/><V31/><F31/><W113/><G113/><T73/><D19/><U103/><E103/><V18/><REACH who="2" step="1"/><F92/><REACH who="2" ten="243,117,511,119" step="2"/><W58/><G93/><T32/><D95/><U124/><E124/><V96/><F96/><W66/><G97/><T85/><D98/><U68/><E30/><V28/><F28/><W104/><G104/><T15/><D127/><U7/><E29/><V53/><F53/><W121/><G133/><T122/><D32/><U83/><E35/><V91/><F91/><W107/><G134/><T116/><D116/><U48/><E33/><V123/><F123/><W40/><G121/><T42/><D122/><U44/><E88/><V74/><F74/><W1/><G107/><T26/><D73/><U86/><E90/><V101/><F101/><W23/><G34/><T37/><D37/><U64/><E86/><V21/><F21/><W78/><G78/><T106/><D106/><U84/><E84/><V94/><F94/><W120/><G120/><T13/><D77/><U135/><E22/><V59/><F59/><W9/><G58/><T126/><D56/><U87/><E135/><V51/><F51/><W46/><G23/><T108/><D126/><U79/><E79/><V110/><F110/><W99/><G99/><T0/><D108/><U132/><E132/><V118/><F118/><W125/><G125/><RYUUKYOKU ba="3,1" sc="243,-10,117,-10,511,30,119,-10" hai2="6,8,16,17,18,43,47,49,62,65,69,112,115" />
</Scene>
<Scene>
<INIT seed="2,4,1,5,5,21" ten="233,107,541,109" oya="2" hai0="126,119,66,71,63,27,135,12,28,91,70,41,45" hai1="24,72,128,47,112,16,120,56,68,42,36,32,133" hai2="69,5,61,113,62,97,65,96,131,58,4,130,1" hai3="75,17,94,95,50,48,134,73,118,99,30,51,60"/><V37/><F37/><W114/><G118/><T13/><D119/><U109/><RYUUKYOKU type="yao9" ba="4,1" sc="233,0,107,0,541,0,109,0" hai1="16,24,32,36,42,47,56,68,72,109,112,120,128,133" />
</Scene>
<Scene>
<INIT seed="2,5,1,5,4,4" ten="233,107,541,109" oya="2" hai0="51,126,107,102,34,52,0,28,127,64,16,55,9" hai1="131,88,11,17,86,109,47,42,110,49,56,7,74" hai2="116,71,58,66,61,90,121,81,119,19,65,133,93" hai3="18,63,135,8,97,27,59,39,44,29,84,132,45"/><V23/><F121/><W30/><G97/><N who="0" m="61903" /><D64/><U54/><E74/><V100/><F71/><W33/><G84/><T115/><D115/><U3/><E17/><V112/><F112/><W96/><G96/><T79/><D79/><U60/><REACH who="1" step="1"/><E131/><REACH who="1" ten="233,97,541,109" step="2"/><V120/><F19/><W72/><G72/><T130/><D16/><U104/><E104/><V108/><F120/><W10/><G29/><T98/><D130/><U129/><E129/><V21/><F119/><W43/><G18/><T125/><D28/><U128/><E128/><V134/><F116/><W53/><REACH who="3" step="1"/><G45/><REACH who="3" ten="233,97,541,99" step="2"/><N who="0" m="27759" /><D127/><U95/><AGARI ba="5,3" hai="3,7,11,42,47,49,54,56,60,86,88,95,109,110" machi="95" ten="30,7900,0" yaku="1,1,0,1,52,1,54,1,53,0" doraHai="4" doraHaiUra="118" who="1" fromWho="1" sc="233,-25,97,124,541,-44,99,-25" />
</Scene>
<Scene>
<INIT seed="3,0,0,3,1,27" ten="208,221,497,74" oya="3" hai0="74,17,86,30,55,22,36,115,129,111,13,50,52" hai1="54,126,104,124,46,60,51,61,73,66,105,96,102" hai2="118,110,92,131,11,89,127,80,62,85,56,113,31" hai3="37,12,103,106,95,133,99,15,90,119,32,57,81"/><W69/><G119/><T84/><D74/><U23/><E73/><V4/><F118/><W48/><G69/><T29/><D36/><U93/><E61/><V91/><F113/><W101/><G37/><T21/><D115/><U7/><E7/><V107/><F107/><W122/><G122/><T64/><D129/><U117/><E117/><V35/><F131/><W121/><G121/><T43/><D64/><U82/><E82/><V128/><F128/><W39/><G39/><T77/><D111/><U112/><E112/><V109/><F127/><N who="1" m="48681" /><E23/><V6/><F31/><N who="0" m="11786" /><D22/><U72/><E72/><V10/><F35/><W0/><G0/><T8/><D8/><N who="2" m="3114" /><F109/><W47/><G32/><T41/><D55/><U97/><E97/><N who="2" m="57487" /><F110/><W1/><G1/><T2/><D2/><U14/><E14/><V45/><F45/><W25/><G15/><T75/><D75/><U83/><E83/><V33/><F33/><W40/><G12/><T123/><D123/><U120/><E120/><V70/><F70/><AGARI ba="0,0" hai="46,51,54,60,66,70,93,96,102,104,105" m="48681" machi="70" ten="30,1000,0" yaku="18,1" doraHai="27" who="1" fromWho="2" sc="208,0,221,10,497,-10,74,0" />
</Scene>
<Scene>
<INIT seed="4,0,0,2,2,57" ten="208,231,487,74" oya="0" hai0="51,53,52,79,42,123,118,129,107,96,24,56,70" hai1="48,36,69,21,63,74,5,73,9,22,134,110,75" hai2="16,62,131,105,29,67,130,91,103,23,117,78,106" hai3="49,38,1,45,87,18,127,121,20,99,125,27,13"/><T4/><D70/><U65/><E36/><V7/><F117/><W10/><G38/><T92/><D118/><U88/><E110/><V6/><F29/><W114/><G114/><T71/><D71/><U113/><E113/><V120/><F78/><W132/><G132/><T100/><D123/><U94/><E48/><V135/><F135/><W72/><G72/><T34/><D129/><N who="2" m="49162" /><F91/><W2/><G87/><T31/><D42/><U54/><E54/><V33/><F33/><W86/><G86/><T37/><D37/><U47/><E47/><V66/><F66/><W43/><G99/><T30/><D30/><U128/><E134/><V35/><F35/><W76/><G76/><T32/><D79/><U58/><E69/><N who="2" m="42231" /><F120/><W85/><G85/><T108/><D108/><U133/><E133/><V14/><F103/><W102/><G102/><T126/><D126/><U101/><E101/><V61/><F61/><W28/><REACH who="3" step="1"/><G121/><REACH who="3" ten="208,231,487,64" step="2"/><T115/><D115/><U59/><E128/><V82/><F82/><W89/><G89/><T60/><D34/><U19/><E75/><V39/><F39/><W44/><G44/><T112/><D112/><U80/><E74/><V40/><F40/><W93/><G93/><T97/><D107/><AGARI ba="0,1" hai="6,7,14,16,23,105,106,107" m="42231,49162" machi="107" ten="30,3900,0" yaku="19,1,52,1,54,1" doraHai="57" who="2" fromWho="0" sc="208,-39,231,0,487,49,64,0" />
</Scene>
<Scene>
<INIT seed="5,0,0,3,0,111" ten="169,231,536,64" oya="1" hai0="95,104,55,68,93,28,38,123,73,57,64,24,65" hai1="36,6,83,69,72,8,88,16,135,127,121,103,62" hai2="66,113,110,48,76,17,63,82,130,4,7,126,105" hai3="125,49,14,2,21,50,124,120,11,41,129,60,35"/><U15/><E121/><V128/><F105/><W54/><G120/><T26/><D104/><U134/><E36/><V77/><F110/><W79/><G35/><T86/><D123/><U37/><E37/><V42/><F126/><N who="3" m="48747" /><G2/><T114/><D73/><U46/><E103/><V47/><F17/><N who="3" m="8415" /><G41/><T20/><D68/><U52/><E127/><V0/><F0/><W108/><G108/><T67/><D38/><U23/><E72/><V101/><F101/><W39/><G39/><T33/><D114/><U18/><E69/><V118/><F113/><W29/><G79/><T107/><D86/><N who="1" m="50271" /><E23/><V71/><F77/><W84/><G84/><T59/><D107/><U43/><E43/><V119/><F119/><W98/><G98/><T115/><D115/><U91/><E91/><V19/><F118/><W116/><G129/><N who="2" m="49769" /><F19/><W9/><G9/><T132/><D132/><N who="1" m="50731" /><E62/><V117/><F117/><W81/><G81/><T90/><D90/><U102/><E102/><V44/><F44/><W25/><G116/><T30/><REACH who="0" step="1"/><D59/><AGARI ba="0,0" hai="21,25,29,49,50,54,59,60" m="8415,48747" machi="59" ten="30,1000,0" yaku="18,1" doraHai="111" who="3" fromWho="0" sc="169,-10,231,0,536,0,64,10" />
</Scene>
<Scene>
<INIT seed="6,0,0,0,1,80" ten="159,231,536,74" oya="2" hai0="70,16,131,31,119,12,41,42,51,49,10,97,71" hai1="62,122,29,50,127,47,110,33,92,114,78,132,22" hai2="53,43,75,93,88,69,40,134,112,94,14,91,106" hai3="13,58,63,44,39,116,15,57,35,82,24,60,36"/><V45/><F106/><W9/><G116/><T130/><D119/><U4/><E110/><V46/><F75/><W133/><G133/><T107/><D31/><U64/><E33/><V135/><F69/><N who="0" m="26122" /><D97/><U108/><E108/><V95/><F112/><W85/><G35/><T81/><D107/><U123/><E114/><V84/><F14/><W7/><G24/><T113/><D113/><U72/><E4/><V86/><F94/><W104/><G104/><T8/><D8/><U23/><E132/><V99/><F53/><W11/><G44/><T87/><D42/><U66/><E92/><V28/><F28/><W79/><G58/><T26/><D26/><U103/><E29/><V129/><F129/><N who="0" m="49162" /><D41/><U37/><E103/><V121/><F121/><W109/><G109/><T117/><D117/><U125/><E123/><V128/><F128/><W54/><REACH who="3" step="1"/><G63/><REACH who="3" ten="159,231,536,64" step="2"/><T32/><D32/><U48/><E62/><V115/><F115/><W0/><G0/><T90/><AGARI ba="0,1" hai="10,12,16,49,51,81,87,90" m="49162,26122" machi="90" ten="30,4000,0" yaku="19,1,52,1,54,1" doraHai="80" who="0" fromWho="0" sc="159,50,231,-10,536,-20,64,-10" />
</Scene>
<Scene>
<INIT seed="7,0,0,1,2,6" ten="209,221,516,54" oya="3" hai0="13,25,112,107,53,92,22,51,7,117,124,98,87" hai1="58,21,68,67,2,34,78,75,5,64,4,1,30" hai2="29,102,84,66,89,88,81,9,50,96,43,104,91" hai3="118,33,32,38,109,47,74,70,129,126,28,42,135"/><W18/><RYUUKYOKU type="yao9" ba="0,0" sc="209,0,221,0,516,0,54,0" hai3="18,28,32,33,38,42,47,70,74,109,118,126,129,135" />
</Scene>
<Scene>
<INIT seed="7,1,0,5,5,52" ten="209,221,516,54" oya="3" hai0="70,127,103,132,88,2,109,14,111,42,99,74,54" hai1="12,87,35,107,101,27,28,95,135,115,8,105,15" hai2="63,125,64,75,98,86,37,123,23,121,108,49,38" hai3="62,85,30,1,68,118,66,133,81,10,71,39,131"/><W47/><G118/><T25/><D2/><U77/><E15/><V92/><F75/><W126/><G131/><T53/><D42/><U117/><E117/><V120/><F108/><W93/><G133/><T61/><D74/><U40/><E40/><V134/><F134/><W96/><G126/><T51/><D132/><U84/><E135/><V11/><F125/><W45/><G71/><T18/><D127/><U100/><E87/><V32/><F32/><W20/><G39/><T7/><D25/><U94/><E107/><V59/><F23/><W4/><G20/><T83/><D7/><U48/><E48/><V119/><F119/><W82/><G30/><T34/><D34/><U43/><E43/><V91/><F11/><W116/><G116/><T90/><D109/><U110/><E110/><V46/><F86/><W31/><G31/><T22/><D111/><U89/><E77/><V114/><F114/><W113/><G113/><T21/><D21/><U102/><E115/><V78/><F78/><W3/><G3/><T128/><D83/><U55/><E55/><AGARI ba="1,0" hai="37,38,46,49,55,59,63,64,91,92,98,120,121,123" machi="55" ten="40,2600,0" yaku="13,1,52,1" doraHai="52" who="2" fromWho="1" sc="209,0,221,-29,516,29,54,0" owari="209,1.0,192,-21.0,545,65.0,54,-45.0" />
</Scene>
</mjloggm>