<mjloggm ver="2.3"><GO type="169" lobby="0"/><UN n0="%41%53%41%50%49%4E" n1="%E3%82%AA%E3%82%BA%E3%82%B0%E3%83%AB%E3%83%BC%E3%83%97" n2="%E6%9C%AC%E6%97%A5%E5%AE%9A%E4%BC%91%E6%97%A5" n3="%E3%80%93%E6%9D%BE%E4%BA%95%EF%BC%A3%EF%BC%B3%E3%80%93" dan="18,16,17,17" rate="2260.31,2114.30,2171.78,2167.21" sx="M,M,M,M"/><TAIKYOKU oya="0"/>

<Scene>
<INIT seed="0,0,0,2,4,33" ten="250,250,250,250" oya="0" hai0="20,8,134,88,3,103,12,36,52,55,68,7,25" hai1="22,84,107,69,24,111,91,38,124,65,80,47,61" hai2="117,115,92,85,94,15,18,37,9,109,40,108,93" hai3="133,70,39,50,72,44,98,97,54,64,56,76,89"/><T130/><D36/><U131/><E124/><V79/><F115/><W82/><G133/><T106/><D68/><U66/><E107/><V119/><F40/><W95/><G70/><T123/><D123/><U30/><E131/><V35/><F35/><W101/><G64/><T46/><D134/><U121/><E121/><V71/><F71/><W26/><G26/><T99/><D130/><U57/><E111/><N who="2" m="42571" /><F37/><W42/><REACH who="3" step="1"/><G101/><REACH who="3" ten="250,250,250,240" step="2"/><T87/><D46/><U90/><E69/><V73/><F73/><W81/><G81/><AGARI ba="0,1" hai="9,15,18,79,81,85,92,93,94,117,119" m="42571" machi="81" ten="40,1300,0" yaku="14,1" doraHai="33" who="2" fromWho="3" sc="250,0,250,0,250,23,240,-13" />
</Scene>
<Scene>
<INIT seed="1,0,0,0,3,1" ten="250,250,273,227" oya="1" hai0="3,40,105,119,15,0,126,125,42,28,113,26,39" hai1="30,115,36,53,50,19,32,106,93,64,10,73,29" hai2="61,44,85,6,74,35,121,89,31,55,57,71,75" hai3="14,98,92,52,120,102,34,38,8,20,109,116,56"/><U91/><E106/><V13/><F121/><W135/><G34/><T69/><D113/><U83/><E36/><V97/><F97/><W94/><G120/><T107/><D119/><U84/><E115/><V129/><F129/><W122/><G122/><T17/><D69/><U95/><E32/><V62/><F31/><W101/><G38/><T51/><D39/><U47/><E64/><V87/><F87/><W41/><G41/><N who="0" m="15979" /><D51/><U18/><E73/><V100/><F100/><W81/><G109/><T76/><D76/><U112/><E112/><V37/><F35/><W99/><G135/><T12/><D26/><U43/><E43/><V24/><F24/><W117/><G81/><T11/><D28/><U90/><E19/><V111/><F44/><W21/><G117/><T63/><D63/><U58/><E58/><V7/><F111/><W27/><G27/><T77/><D77/><U108/><E108/><V114/><F114/><W104/><G104/><N who="0" m="40011" /><D12/><U49/><E49/><V86/><F37/><W131/><G131/><T132/><D132/><U23/><E95/><V88/><F13/><W33/><G33/><T16/><D17/><U2/><E2/><V54/><F57/><W118/><G118/><T9/><D9/><U65/><E65/><V4/><F4/><N who="3" m="3335" /><G116/><T127/><AGARI ba="0,0" hai="0,3,11,15,16,125,126,127" m="40011,15979" machi="127" ten="40,2700,0" yaku="18,1,54,1" doraHai="1" who="0" fromWho="0" sc="250,27,250,-13,273,-7,227,-7" />
</Scene>
<Scene>
<INIT seed="2,0,0,0,0,123" ten="277,237,266,220" oya="2" hai0="6,101,24,96,40,21,12,49,104,134,79,110,46" hai1="29,15,133,0,99,56,33,106,4,53,71,9,74" hai2="81,132,87,85,16,34,1,66,120,51,130,128,17" hai3="2,126,63,103,57,22,14,28,77,119,107,18,8"/><V98/><F120/><W36/><G36/><T93/><D134/><U124/><E71/><V13/><F1/><W39/><G39/><T43/><D110/><U115/><E74/><V58/><F132/><W11/><G126/><T86/><D104/><U100/><E124/><V83/><F34/><W94/><G107/><T131/><D131/><N who="2" m="50218" /><F98/><W113/><G119/><T25/><D43/><U62/><E133/><V116/><F116/><W127/><G127/><T121/><D121/><U48/><E115/><V26/><F26/><W64/><G113/><T109/><D109/><U30/><E33/><V78/><F13/><W105/><G105/><T45/><D45/><U76/><E76/><N who="2" m="46247" /><F66/><W92/><G77/><T111/><D111/><U55/><REACH who="1" step="1"/><E0/><REACH who="1" ten="277,227,266,220" step="2"/><V68/><F68/><W118/><G2/><T42/><D79/><U61/><E61/><V35/><F35/><W54/><G118/><T52/><D86/><U7/><E7/><V80/><F83/><W20/><G63/><T117/><D117/><U91/><E91/><V19/><F19/><W122/><G18/><N who="0" m="10439" /><D6/><U60/><E60/><V73/><F73/><W125/><G125/><T27/><AGARI ba="0,1" hai="24,25,27,40,42,46,49,52,93,96,101" m="10439" machi="27" ten="30,2000,0" yaku="8,1,54,1" doraHai="123" who="0" fromWho="0" sc="277,30,227,-5,266,-10,220,-5" />
</Scene>
<Scene>
<INIT seed="3,0,0,3,0,24" ten="307,222,256,215" oya="3" hai0="21,25,20,131,3,95,18,28,83,116,34,99,1" hai1="23,65,92,0,88,30,53,7,54,98,38,63,111" hai2="58,76,40,135,42,52,56,64,118,91,5,93,84" hai3="55,66,69,134,109,124,36,67,4,133,105,16,12"/><W77/><G105/><T112/><D116/><U19/><E38/><V115/><F118/><W113/><G113/><T2/><D112/><U35/><E111/><V129/><F115/><W37/><G109/><T46/><D83/><U68/><E35/><V96/><F135/><N who="3" m="51723" /><G124/><T89/><D131/><U32/><E0/><V121/><F129/><W60/><G4/><T104/><D104/><U62/><E7/><V59/><F121/><W41/><G77/><T45/><REACH who="0" step="1"/><D34/><REACH who="0" ten="297,222,256,215" step="2"/><U100/><E32/><V101/><F76/><W86/><G86/><T94/><D94/><U132/><E132/><V17/><F5/><W127/><G127/><T6/><D6/><U102/><E63/><V80/><F64/><W119/><G119/><T11/><D11/><U48/><E54/><V33/><F33/><W72/><G72/><T39/><D39/><N who="3" m="14921" /><G41/><T26/><AGARI ba="0,1" hai="1,2,3,18,20,21,25,26,28,45,46,89,95,99" machi="26" ten="40,5200,0" yaku="1,1,0,1,52,1,53,0" doraHai="24" doraHaiUra="47" who="0" fromWho="0" sc="297,62,222,-13,256,-13,215,-26" />
</Scene>
<Scene>
<INIT seed="4,0,0,5,0,61" ten="359,209,243,189" oya="0" hai0="97,104,9,73,45,134,121,35,56,89,3,50,109" hai1="29,20,2,13,101,32,102,81,106,96,44,10,105" hai2="125,129,51,48,23,119,6,40,11,71,1,113,117" hai3="0,95,4,83,135,28,12,110,63,16,130,47,93"/><T91/><D121/><U67/><E2/><V82/><F113/><W5/><G110/><T132/><D73/><U128/><E128/><V78/><F129/><W46/><G130/><T27/><D109/><U111/><E111/><V37/><F125/><W65/><G135/><N who="0" m="51755" /><D56/><U92/><E32/><V118/><F23/><W103/><G28/><N who="0" m="19871" /><D104/><U99/><E81/><V30/><F30/><W127/><G127/><T34/><D97/><U31/><E92/><N who="3" m="35402" /><G103/><T24/><D9/><U52/><E20/><V98/><F71/><W131/><G131/><T114/><D3/><U112/><E112/><V62/><F98/><W122/><G0/><T58/><D58/><U55/><E67/><V84/><REACH who="2" step="1"/><F62/><REACH who="2" ten="359,209,233,189" step="2"/><W68/><G68/><T21/><D114/><U59/><E44/><AGARI ba="0,1" hai="1,6,11,37,40,44,48,51,78,82,84,117,118,119" machi="44" ten="40,5200,0" yaku="1,1,2,1,12,1,53,0" doraHai="61" doraHaiUra="107" who="2" fromWho="1" sc="359,0,209,-52,233,62,189,0" />
</Scene>
<Scene>
<INIT seed="5,0,0,3,1,40" ten="359,157,295,189" oya="1" hai0="128,97,53,61,46,91,69,29,95,100,11,22,37" hai1="45,68,135,82,89,48,15,133,107,18,43,73,52" hai2="12,56,117,38,131,59,63,96,79,17,108,67,71" hai3="20,93,85,66,13,8,35,86,72,65,83,103,109"/><U19/><E107/><V41/><F108/><W32/><G109/><T10/><D128/><U23/><E68/><V39/><F117/><W81/><G72/><T99/><D69/><U121/><E121/><V55/><F131/><W51/><G20/><T123/><D123/><U2/><E2/><V78/><F96/><N who="3" m="59791" /><G35/><T57/><D29/><U34/><E34/><V25/><F25/><W114/><G32/><T129/><D22/><U116/><E116/><V33/><F59/><W58/><G114/><T4/><D129/><U98/><E73/><V5/><F5/><N who="3" m="3215" /><G51/><T120/><D120/><U112/><E112/><V125/><F39/><W14/><G14/><T84/><D99/><U1/><E1/><V27/><F27/><W90/><G58/><T110/><D110/><U54/><E19/><V76/><F125/><W26/><G26/><T80/><D4/><U127/><E127/><V64/><F33/><W87/><G87/><T118/><D118/><U42/><E98/><V104/><F104/><W3/><G3/><T119/><D119/><U130/><E130/><V50/><F67/><W36/><G36/><T30/><D30/><U115/><E115/><V60/><F60/><W134/><G134/><N who="1" m="51210" /><E43/><V113/><F113/><W44/><G44/><T0/><D0/><U105/><E105/><V111/><F111/><W74/><G74/><T124/><D124/><U16/><E18/><V21/><F79/><AGARI ba="0,0" hai="65,66,79,81,83,85,86,90" m="3215,59791" machi="79" ten="30,1000,0" yaku="8,1" doraHai="40" who="3" fromWho="2" sc="359,0,157,0,295,-10,189,10" />
</Scene>
<Scene>
<INIT seed="6,0,0,4,1,49" ten="359,157,285,199" oya="2" hai0="23,127,56,128,55,115,112,42,5,53,1,72,84" hai1="65,123,106,119,107,64,92,87,131,85,109,10,132" hai2="69,114,37,80,104,93,9,100,24,38,101,95,122" hai3="59,71,3,81,16,21,40,68,51,134,124,70,31"/><V117/><F69/><W96/><G3/><T43/><D72/><U98/><E123/><V60/><F122/><W82/><G31/><T86/><D128/><U77/><E119/><V25/><F104/><W20/><G20/><T2/><D127/><U45/><E109/><V4/><F80/><W29/><G29/><T34/><D34/><U48/><E131/><V135/><F117/><W121/><G121/><T94/><D23/><U116/><E132/><V18/><F135/><W17/><G17/><T15/><D15/><U130/><E116/><V46/><F114/><N who="0" m="43562" /><D55/><U76/><E130/><V89/><F60/><W54/><G134/><T90/><D86/><U52/><E107/><V35/><F35/><W105/><G124/><T39/><D39/><U78/><E106/><V19/><F46/><W108/><G108/><T73/><D73/><U33/><E10/><V103/><F4/><W36/><G36/><N who="2" m="13929" /><F89/><W74/><G40/><N who="0" m="15403" /><D5/><U27/><E27/><N who="2" m="10315" /><F9/><W67/><G74/><T13/><D13/><U129/><E33/><V57/><F57/><W7/><G7/><T30/><D30/><U12/><E12/><V126/><F126/><W28/><G28/><T83/><D83/><U26/><E26/><V8/><F8/><W14/><REACH who="3" step="1"/><G67/><REACH who="3" ten="359,157,285,189" step="2"/><N who="1" m="25674" /><E129/><V50/><F18/><W58/><G58/><T32/><D32/><U125/><E125/><V99/><F19/><W91/><G91/><AGARI ba="0,1" hai="45,48,52,76,77,78,85,87,91,92,98" m="25674" machi="91" ten="30,3900,0" yaku="8,1,52,1,54,1" doraHai="49" who="1" fromWho="3" sc="359,0,157,49,285,0,189,-39" />
</Scene>
<Scene>
<INIT seed="7,0,0,3,1,60" ten="359,206,285,150" oya="3" hai0="62,3,24,84,57,80,70,106,66,71,132,7,77" hai1="5,112,42,67,31,0,104,134,75,8,103,4,65" hai2="1,108,92,121,49,93,124,100,120,44,55,107,76" hai3="35,113,48,58,114,2,119,126,98,91,74,83,52"/><W82/><G119/><T38/><D106/><U30/><E75/><V125/><F1/><W6/><G35/><T51/><D38/><U111/><E111/><V116/><F108/><W15/><G2/><T110/><D110/><U14/><E42/><V86/><F116/><W45/><G126/><N who="2" m="48745" /><F107/><W32/><G32/><T85/><D132/><U94/><E134/><V29/><F29/><N who="1" m="10761" /><E104/><V97/><F93/><N who="3" m="56639" /><G74/><T43/><D24/><U13/><E0/><V81/><AGARI ba="0,0" hai="44,49,55,76,81,86,92,97,100,120,121" m="48745" machi="81" ten="30,1100,0" yaku="18,1" doraHai="60" who="2" fromWho="2" sc="359,-3,206,-3,285,11,150,-5" owari="356,45.0,203,-20.0,296,10.0,145,-35.0" />
</Scene>
</mjloggm>