<mjloggm ver="2.3"><GO type="169" lobby="0"/><UN n0="%6B%65%72%6F%62%6F%75" n1="%E6%AD%A6%E5%A3%AB%E6%B2%A2%E7%A7%80%E8%A1%8C" n2="%41%53%41%50%49%4E" n3="%E3%81%84%E3%81%A1%E3%81%8B%E3%82%8F%E2%99%AA" dan="16,16,19,17" rate="2102.91,2104.79,2315.41,2210.14" sx="M,M,M,M"/><TAIKYOKU oya="0"/>

<Scene>
<INIT seed="0,0,0,3,5,102" ten="250,250,250,250" oya="0" hai0="72,105,100,78,37,134,7,60,27,65,79,48,29" hai1="121,124,69,25,112,84,18,8,122,51,90,1,128" hai2="63,132,42,34,11,26,116,44,41,115,77,67,20" hai3="86,123,75,39,6,3,111,87,9,23,80,92,74"/><T49/><D37/><U99/><E69/><V61/><F115/><W127/><G39/><T113/><D113/><U131/><E112/><V45/><F34/><W32/><G32/><T59/><D7/><N who="1" m="1135" /><E99/><V4/><F132/><W17/><G75/><T2/><D2/><U56/><E51/><V94/><F116/><W71/><G74/><T13/><D134/><U83/><E56/><V119/><F119/><W57/><G71/><T28/><D28/><U33/><E124/><V5/><F77/><W110/><G57/><T38/><D38/><U53/><E53/><V21/><F94/><W81/><G127/><T89/><D89/><U22/><E33/><V54/><F11/><W107/><G92/><T31/><D31/><U133/><E133/><V68/><F68/><W91/><G107/><T46/><D13/><U130/><AGARI ba="0,0" hai="18,22,25,83,84,90,121,122,128,130,131" m="1135" machi="130" ten="30,1100,0" yaku="19,1" doraHai="102" who="1" fromWho="1" sc="250,-5,250,11,250,-3,250,-3" />
</Scene>
<Scene>
<INIT seed="1,0,0,4,5,88" ten="245,261,247,247" oya="1" hai0="124,21,33,69,65,37,44,83,103,57,46,94,105" hai1="41,20,91,132,100,38,1,135,111,120,67,2,26" hai2="75,61,56,9,30,15,49,53,125,87,115,59,109" hai3="77,99,119,128,66,35,101,8,85,84,5,72,36"/><U129/><E120/><V70/><F75/><W14/><G35/><T112/><D33/><U131/><E67/><V62/><F109/><W86/><G36/><T73/><D112/><U133/><E100/><V32/><F115/><W93/><G66/><T24/><D124/><U63/><E63/><V58/><F125/><W122/><G128/><N who="1" m="49226" /><E41/><V17/><F70/><W130/><G130/><T4/><D4/><U113/><E38/><V60/><F30/><W96/><G119/><T22/><D69/><U89/><E113/><V108/><F32/><W12/><G122/><T117/><D117/><U78/><E78/><V92/><REACH who="2" step="1"/><F108/><REACH who="2" ten="245,261,237,247" step="2"/><W110/><G110/><T16/><D22/><U102/><E102/><V39/><F39/><W45/><G72/><T19/><D37/><U31/><E111/><V95/><F95/><N who="3" m="58527" /><G77/><T48/><D94/><U90/><AGARI ba="0,1" hai="1,2,20,26,31,89,90,91,132,133,135" m="49226" machi="90" ten="40,3900,0" yaku="20,1,19,1" doraHai="88" who="1" fromWho="1" sc="245,-13,261,49,237,-13,247,-13" />
</Scene>
<Scene>
<INIT seed="1,1,0,2,5,121" ten="232,310,224,234" oya="1" hai0="71,118,76,60,0,74,14,83,37,64,11,99,67" hai1="8,111,2,10,94,1,135,131,132,30,103,102,44" hai2="125,25,78,19,113,88,93,38,79,23,65,87,82" hai3="20,86,123,130,84,72,22,120,46,29,97,42,92"/><U15/><E44/><V63/><F125/><W34/><G72/><T116/><D37/><U114/><E94/><V96/><F113/><W90/><G34/><T45/><D45/><U32/><E114/><V124/><F124/><W35/><G35/><T110/><D67/><U108/><E32/><V49/><F49/><W43/><G43/><T6/><D14/><U51/><E51/><V127/><F127/><W115/><G130/><T66/><D66/><U62/><E30/><V68/><REACH who="2" step="1"/><F38/><REACH who="2" ten="232,310,214,234" step="2"/><W80/><G115/><T133/><D133/><U48/><E48/><V9/><F9/><W47/><G120/><T4/><D110/><U5/><E131/><V36/><F36/><W50/><G123/><T106/><REACH who="0" step="1"/><D6/><REACH who="0" ten="222,310,214,234" step="2"/><U122/><E122/><V13/><F13/><W3/><G47/><T117/><D117/><U112/><E112/><V21/><F21/><W119/><G22/><T73/><D73/><U89/><E15/><V31/><F31/><W52/><G119/><T109/><D109/><U126/><E126/><V55/><F55/><W107/><G20/><T41/><D41/><U91/><E5/><V129/><F129/><W105/><G42/><T70/><D70/><U33/><E33/><V16/><F16/><W27/><G29/><T28/><D28/><U104/><E104/><V12/><F12/><W95/><G107/><T56/><D56/><U134/><E134/><V58/><F58/><W85/><G105/><T39/><D39/><U7/><E7/><V18/><F18/><W98/><G46/><T26/><D26/><U54/><E54/><V17/><F17/><RYUUKYOKU ba="1,2" sc="222,10,310,10,214,10,234,-30" hai0="0,4,11,60,64,71,74,76,83,99,106,116,118" hai1="1,2,8,10,62,89,91,102,103,108,111,132,135" hai2="19,23,25,63,65,68,78,79,82,87,88,93,96" />
</Scene>
<Scene>
<INIT seed="1,2,2,0,0,50" ten="232,320,224,204" oya="1" hai0="51,43,100,1,78,26,16,85,13,24,104,87,46" hai1="82,79,94,59,118,12,117,63,106,38,48,84,49" hai2="120,35,109,15,115,125,10,131,126,132,3,68,72" hai3="6,34,54,113,89,39,75,0,2,80,99,66,86"/><U64/><E106/><V92/><F92/><W133/><G34/><T19/><D1/><U103/><E38/><V37/><F15/><W7/><G39/><T98/><D19/><U105/><E105/><V52/><F10/><W135/><G75/><T90/><D78/><U101/><E118/><V123/><F52/><W25/><G66/><T41/><D41/><U134/><E134/><N who="3" m="51210" /><G113/><T65/><D65/><U18/><E117/><V61/><F61/><W70/><G70/><T107/><D107/><U111/><E111/><V97/><F97/><W9/><G25/><T69/><D69/><U23/><E94/><V95/><F95/><W28/><G99/><T30/><D30/><U128/><REACH who="1" step="1"/><E128/><REACH who="1" ten="232,310,224,204" step="2"/><V27/><F131/><W124/><G124/><T55/><D43/><U29/><E29/><V77/><F125/><W71/><G28/><T11/><REACH who="0" step="1"/><D87/><REACH who="0" ten="222,310,224,204" step="2"/><U122/><E122/><V96/><F123/><W42/><G86/><T5/><D5/><U112/><E112/><V73/><F120/><W81/><G7/><T76/><D76/><U14/><E14/><V21/><F77/><W8/><G6/><T36/><D36/><U102/><AGARI ba="2,4" hai="12,18,23,48,49,59,63,64,79,82,84,101,102,103" machi="102" ten="30,6000,0" yaku="1,1,0,1,8,1,53,0" doraHai="50" doraHaiUra="88" who="1" fromWho="1" sc="222,-22,310,106,224,-22,204,-22" />
</Scene>
<Scene>
<INIT seed="1,3,0,2,1,1" ten="200,416,202,182" oya="1" hai0="80,13,79,51,119,36,86,17,127,28,78,88,116" hai1="111,21,102,12,53,33,25,132,93,10,47,107,23" hai2="108,66,75,45,61,4,118,131,41,128,134,37,109" hai3="65,7,6,91,50,27,5,32,112,122,125,14,52"/><U135/><E107/><V24/><F75/><W113/><G122/><T54/><D36/><U42/><E111/><N who="2" m="42571" /><F24/><W31/><G14/><T58/><D127/><U26/><E53/><V83/><F83/><W96/><G65/><T106/><D106/><U39/><E33/><V71/><F4/><W92/><REACH who="3" step="1"/><G125/><REACH who="3" ten="200,416,202,172" step="2"/><T29/><D119/><U124/><E124/><V133/><F118/><W120/><G120/><T67/><D116/><U16/><E26/><V19/><F19/><W130/><G130/><AGARI ba="3,1" hai="37,41,45,61,66,71,128,130,131,133,134" m="42571" machi="130" ten="30,8000,1" yaku="19,1,14,1,23,1,34,2" doraHai="1" who="2" fromWho="3" sc="200,0,416,0,202,99,172,-89" />
</Scene>
<Scene>
<INIT seed="2,0,0,2,4,88" ten="200,416,301,83" oya="2" hai0="50,108,0,33,111,12,38,92,91,90,61,132,58" hai1="117,9,128,42,52,81,24,110,74,66,28,70,65" hai2="84,105,106,127,8,112,22,17,77,53,25,130,26" hai3="41,104,87,32,101,13,36,56,63,29,31,119,85"/><V43/><F112/><W93/><G41/><T100/><D0/><U109/><E117/><V126/><F130/><W86/><G36/><T113/><D38/><U62/><E128/><V131/><F131/><W64/><G104/><T73/><D73/><U69/><E42/><V120/><F120/><W78/><G78/><T125/><D113/><U116/><E116/><V18/><F43/><W51/><G32/><T19/><D33/><N who="1" m="20615" /><E9/><V76/><F8/><W107/><G107/><T68/><D132/><U97/><E97/><V83/><F53/><W27/><G27/><T10/><D125/><N who="2" m="47626" /><F77/><W114/><G119/><T23/><D10/><U71/><E52/><V102/><F102/><W89/><G101/><T118/><D118/><U95/><E66/><V16/><F25/><W46/><G13/><T103/><D68/><U21/><E71/><V67/><F67/><W121/><G121/><T6/><D6/><U7/><E70/><V98/><F98/><N who="3" m="57647" /><G114/><T129/><D129/><U82/><E69/><V37/><F37/><W59/><G46/><T57/><D108/><U1/><E110/><V135/><F135/><W54/><AGARI ba="0,0" hai="29,31,51,54,56,59,63,64,85,86,87" m="57647" machi="54" ten="30,2000,0" yaku="8,1,52,1" doraHai="88" who="3" fromWho="3" sc="200,-5,416,-5,301,-10,83,20" />
</Scene>
<Scene>
<INIT seed="3,0,0,1,5,60" ten="195,411,291,103" oya="3" hai0="21,86,124,30,70,61,80,130,74,114,17,90,135" hai1="129,52,92,85,89,12,3,91,103,19,54,25,0" hai2="119,81,7,33,100,55,106,128,56,72,9,118,57" hai3="43,107,101,18,58,51,26,125,6,45,73,50,99"/><W97/><G125/><T67/><D124/><U2/><E129/><V133/><F33/><W38/><G73/><T15/><D130/><U131/><E131/><V64/><F128/><W79/><G79/><T59/><D114/><U96/><E25/><V110/><F110/><W76/><G76/><T29/><D135/><U53/><REACH who="1" step="1"/><E85/><REACH who="1" ten="195,401,291,103" step="2"/><V68/><F72/><W49/><G6/><T1/><D74/><U117/><E117/><V94/><F7/><W84/><G84/><T126/><D126/><U24/><E24/><V109/><F119/><W22/><REACH who="3" step="1"/><G99/><REACH who="3" ten="195,401,291,93" step="2"/><T75/><D75/><U37/><E37/><V27/><F118/><W83/><G83/><T35/><D80/><U98/><E98/><V88/><F81/><W66/><G66/><T69/><D86/><U105/><E105/><V23/><F64/><W112/><G112/><T78/><D67/><U5/><E5/><V32/><F106/><W39/><G39/><T44/><D78/><U95/><E95/><V10/><F94/><W104/><G104/><T16/><D69/><U47/><E47/><V134/><F68/><W34/><G34/><T120/><D44/><U132/><E132/><V28/><F32/><W14/><G14/><T87/><D15/><U102/><E102/><V63/><F100/><W108/><G108/><T127/><D70/><U20/><AGARI ba="0,2" hai="0,2,3,12,19,20,52,53,54,89,91,92,96,103" machi="20" ten="40,5200,0" yaku="1,1,0,1,54,1,53,0" doraHai="60" doraHaiUra="116" who="1" fromWho="1" sc="195,-13,401,72,291,-13,93,-26" />
</Scene>
<Scene>
<INIT seed="4,0,0,3,1,86" ten="182,473,278,67" oya="0" hai0="88,75,63,7,36,84,104,48,72,56,109,102,26" hai1="123,130,98,21,126,61,51,87,42,15,60,52,92" hai2="91,25,121,76,89,53,134,4,58,28,80,125,9" hai3="129,97,24,68,29,128,20,50,118,40,62,96,85"/><T78/><D36/><U44/><E123/><V122/><F134/><W110/><G118/><T114/><D7/><U11/><E126/><V115/><F125/><W64/><G110/><T101/><D109/><U69/><E130/><V10/><F115/><W19/><G29/><T14/><D114/><U0/><E0/><V70/><F70/><W66/><G66/><T34/><D48/><U65/><E21/><V90/><F121/><W18/><G18/><T5/><D104/><U77/><E61/><V6/><F122/><W103/><G96/><T79/><D72/><U38/><E77/><N who="0" m="29193" /><D75/><U119/><E119/><V54/><F6/><W112/><G40/><T37/><D37/><U135/><E135/><V46/><F46/><W74/><G50/><T47/><D47/><U113/><E113/><V16/><F28/><W111/><G74/><T131/><D131/><U8/><E87/><N who="2" m="48519" /><F4/><W133/><G111/><T23/><D34/><U13/><E8/><N who="2" m="3179" /><F58/><W1/><G133/><T39/><D39/><U45/><E11/><V124/><F124/><W12/><G1/><T83/><D5/><U108/><E108/><V99/><F99/><W82/><G112/><T59/><D14/><U41/><E41/><V71/><F71/><W17/><G12/><T22/><D22/><AGARI ba="0,0" hai="16,22,25,53,54,89,90,91" m="3179,48519" machi="22" ten="30,8000,1" yaku="8,1,52,3,54,1" doraHai="86" who="2" fromWho="0" sc="182,-80,473,0,278,80,67,0" />
</Scene>
<Scene>
<INIT seed="5,0,0,0,5,122" ten="102,473,358,67" oya="1" hai0="9,86,66,4,109,81,14,121,79,98,117,130,7" hai1="94,16,65,53,8,85,67,92,10,76,23,82,42" hai2="103,127,26,5,33,62,111,135,12,106,51,27,69" hai3="41,101,124,36,3,29,31,118,34,116,70,15,20"/><U49/><E42/><V120/><F120/><W19/><G101/><T102/><D121/><U125/><E125/><V11/><F127/><W119/><G70/><T24/><D117/><U35/><E35/><V28/><F26/><W58/><G124/><T1/><D130/><U60/><E94/><V46/><F135/><W131/><G3/><T110/><D66/><N who="1" m="25099" /><E60/><V97/><F62/><W77/><G131/><T108/><D1/><U25/><E92/><V6/><F69/><W22/><G77/><T2/><D2/><U44/><AGARI ba="0,0" hai="8,10,16,23,25,44,49,53,76,82,85" m="25099" machi="44" ten="30,3000,0" yaku="8,1,54,1" doraHai="122" who="1" fromWho="1" sc="102,-10,473,30,358,-10,67,-10" />
</Scene>
<Scene>
<INIT seed="5,1,0,1,3,112" ten="92,503,348,57" oya="1" hai0="114,100,4,86,75,61,96,80,85,68,29,44,38" hai1="117,51,16,97,102,81,94,95,116,56,19,87,91" hai2="133,2,41,99,108,13,15,71,123,40,10,21,132" hai3="103,72,25,50,77,79,126,110,33,101,105,129,14"/><U124/><E124/><V93/><F108/><W0/><G0/><T26/><D114/><U7/><E7/><V128/><F123/><W90/><G25/><T82/><D4/><U89/><E56/><V55/><F71/><W118/><G14/><T52/><D75/><U111/><E51/><V24/><F128/><W27/><G50/><N who="0" m="28743" /><D68/><U74/><E111/><V11/><F55/><W73/><G27/><T17/><D38/><U48/><E48/><V60/><F60/><W115/><G33/><T31/><D61/><U39/><E39/><V113/><F113/><W92/><G115/><T59/><D59/><U23/><E19/><N who="2" m="8639" /><F2/><W66/><G110/><T104/><D104/><U121/><E121/><V119/><F119/><W42/><G118/><T54/><D54/><U22/><E22/><V46/><F46/><W64/><G72/><T6/><D6/><U106/><E95/><V18/><F133/><W125/><G73/><T98/><D100/><U62/><E62/><V45/><F45/><W120/><G103/><T69/><D69/><U8/><E8/><V1/><F132/><W5/><G125/><T76/><D31/><U65/><E65/><V20/><F1/><W63/><G64/><T32/><D29/><U135/><E135/><V34/><F34/><W57/><G66/><T47/><D32/><U88/><E74/><V49/><F49/><W131/><G105/><T9/><D47/><U70/><E70/><V130/><F10/><W58/><G126/><T84/><D9/><U122/><E122/><V37/><F37/><W28/><G120/><T78/><D84/><RYUUKYOKU ba="1,0" sc="92,30,503,-10,348,-10,57,-10" hai0="17,26,76,78,80,82,85,86,96,98" />
</Scene>
<Scene>
<INIT seed="6,2,0,4,2,52" ten="122,493,338,47" oya="2" hai0="73,126,134,94,132,18,69,21,46,42,119,11,66" hai1="83,38,51,47,41,130,8,5,70,16,65,89,58" hai2="40,76,2,63,9,80,19,17,24,120,68,92,43" hai3="86,74,14,131,133,49,114,67,122,54,113,44,26"/><V30/><F120/><W96/><G74/><T105/><D105/><U75/><E130/><V59/><F68/><W37/><G122/><T28/><D73/><U129/><E129/><V124/><F124/><W110/><G110/><T20/><D126/><U6/><E70/><V85/><F92/><W1/><G1/><T109/><D109/><U111/><E111/><V39/><F2/><W91/><G131/><T0/><D119/><U35/><E35/><V32/><F39/><W15/><G96/><T13/><D0/><U78/><E89/><V81/><F81/><W55/><G67/><T112/><D112/><N who="3" m="43113" /><G26/><T72/><D72/><U82/><E82/><V25/><F19/><W23/><G23/><T135/><D28/><U121/><E121/><V99/><F99/><W7/><G7/><T127/><D127/><U101/><E101/><V88/><F76/><W45/><G37/><N who="0" m="21839" /><D94/><U102/><E102/><V34/><F34/><W33/><G33/><T108/><D108/><U95/><E95/><V115/><F115/><W50/><G133/><T87/><D87/><U71/><E71/><V53/><REACH who="2" step="1"/><F25/><REACH who="2" ten="122,493,328,47" step="2"/><W93/><AGARI ba="2,1" hai="14,15,44,45,49,50,54,55,86,91,93" m="43113" machi="93" ten="30,2000,0" yaku="15,1,11,1" doraHai="52" who="3" fromWho="3" sc="122,-7,493,-7,328,-12,47,36" />
</Scene>
<Scene>
<INIT seed="7,0,0,4,1,133" ten="115,486,316,83" oya="3" hai0="64,0,77,110,3,132,76,43,48,126,57,38,86" hai1="73,105,41,117,114,89,60,52,106,12,70,75,21" hai2="130,100,99,131,88,108,125,118,82,122,11,58,17" hai3="116,32,85,87,40,27,124,53,13,31,10,55,9"/><W34/><G116/><T120/><D38/><U44/><E117/><V16/><F118/><W134/><G134/><T74/><D132/><U23/><E114/><V28/><F108/><W65/><G65/><T113/><D120/><U79/><E89/><V72/><F122/><W33/><G40/><T36/><D36/><U51/><E23/><V5/><F28/><W2/><G2/><T127/><D113/><U15/><E15/><V112/><F112/><W8/><G13/><T1/><D110/><U68/><E68/><V37/><F37/><W93/><G124/><N who="0" m="47659" /><D74/><U91/><E91/><V115/><F115/><W47/><G93/><T35/><D35/><U45/><E70/><V29/><F125/><W18/><G18/><T20/><D20/><U95/><E95/><V81/><F29/><W84/><G47/><N who="0" m="25727" /><D86/><U71/><E75/><V109/><F109/><W128/><G128/><T61/><AGARI ba="0,0" hai="0,1,3,57,61,64,76,77" m="25727,47659" machi="61" ten="40,8000,1" yaku="18,1,52,3" doraHai="133" who="0" fromWho="0" sc="115,80,486,-20,316,-20,83,-40" owari="195,-20.0,466,56.0,296,10.0,43,-46.0" />
</Scene>
</mjloggm>