<mjloggm ver="2.3"><GO type="169" lobby="0"/><UN n0="%41%53%41%50%49%4E" n1="%6D%69%69%6B%6F" n2="%E3%83%91%E3%83%94%E3%82%A3%E3%82%AA%52" n3="%E5%9F%BA%E7%A4%8E%E8%AB%96" dan="18,17,16,16" rate="2232.87,2183.54,2047.59,2142.59" sx="M,M,M,M"/><TAIKYOKU oya="0"/>

<Scene>
<INIT seed="0,0,0,4,2,32" ten="250,250,250,250" oya="0" hai0="55,12,101,115,77,90,125,129,34,59,8,10,123" hai1="67,130,69,57,1,91,95,100,106,20,58,41,42" hai2="70,48,108,54,11,3,88,35,72,68,120,17,30" hai3="121,113,50,56,19,96,61,83,89,84,107,128,86"/><T98/><D115/><U0/><E69/><V97/><F120/><W126/><G113/><T7/><D123/><U44/><E106/><V21/><F72/><W74/><G121/><T99/><D34/><U111/><E100/><V75/><F75/><W105/><G74/><T38/><D38/><U92/><E111/><V37/><F37/><W79/><G128/><T2/><D129/><U116/><E130/><V63/><F63/><W122/><G122/><T78/><D125/><U131/><E131/><V29/><F108/><W51/><G126/><T47/><D90/><U28/><E28/><V26/><F30/><W135/><G135/><T25/><D47/><U124/><E20/><V117/><F117/><W46/><G96/><T87/><D25/><U82/><E124/><V9/><F9/><W22/><G105/><T52/><D98/><U36/><E82/><V4/><F88/><W15/><G107/><T71/><D71/><U93/><E91/><V5/><F5/><W104/><G104/><T33/><D33/><U53/><E116/><V18/><F97/><W45/><G45/><T133/><D133/><U80/><E41/><V31/><F18/><W64/><REACH who="3" step="1"/><G46/><REACH who="3" ten="250,250,250,240" step="2"/><T114/><D114/><U132/><E132/><V40/><F40/><W102/><G102/><T66/><D99/><U110/><E110/><V6/><F35/><W49/><G49/><T103/><D103/><U14/><E42/><V127/><F48/><W76/><G76/><N who="0" m="29291" /><D101/><U85/><E36/><V13/><F127/><W109/><G109/><T65/><D87/><U24/><E85/><V43/><F43/><RYUUKYOKU ba="0,1" sc="250,-10,250,-10,250,-10,240,30" hai3="15,19,22,50,51,56,61,64,79,83,84,86,89" />
</Scene>
<Scene>
<INIT seed="1,1,1,3,0,28" ten="240,240,240,270" oya="1" hai0="4,48,35,92,116,10,8,12,85,66,79,18,9" hai1="27,90,110,130,87,56,129,112,78,74,61,31,96" hai2="47,39,100,77,127,119,69,113,32,126,103,68,65" hai3="43,62,76,29,49,53,121,120,82,99,34,75,36"/><U16/><E112/><V20/><F119/><W54/><G62/><T109/><D116/><U111/><E74/><V5/><F113/><W13/><G13/><T71/><D109/><N who="1" m="41483" /><E78/><V105/><F77/><W106/><G54/><T0/><D71/><U1/><E1/><V59/><F5/><W40/><G53/><T81/><D66/><N who="1" m="39207" /><E96/><V23/><F105/><W45/><G49/><T80/><D48/><U3/><E3/><V86/><F86/><W57/><G57/><T2/><D81/><N who="1" m="49519" /><E16/><V11/><F11/><W58/><G58/><T52/><D92/><U7/><E7/><V133/><F59/><W64/><G64/><T60/><D60/><U108/><N who="1" m="41491" /><U26/><DORA hai="124" /><E26/><V21/><F65/><W107/><G75/><T73/><D73/><U88/><E88/><V42/><F69/><W51/><G99/><T98/><D98/><U50/><E50/><V122/><F68/><W44/><G76/><T38/><D2/><U102/><E102/><V115/><F100/><W46/><G82/><T14/><D0/><U123/><E123/><V97/><F122/><W135/><G120/><T22/><D8/><U70/><E70/><V134/><F115/><W132/><G121/><T41/><D9/><U67/><E67/><V15/><F97/><W93/><G51/><T117/><D52/><U63/><E63/><V101/><F103/><W6/><G6/><T33/><REACH who="0" step="1"/><D117/><REACH who="0" ten="230,240,240,270" step="2"/><U104/><E104/><V84/><F101/><W91/><G106/><T55/><D55/><U83/><E83/><V19/><F126/><W125/><G125/><T128/><D128/><RYUUKYOKU ba="1,2" sc="230,15,240,15,240,-15,270,-15" hai0="4,10,12,14,18,22,33,35,38,41,79,80,85" hai1="27,31,129,130" />
</Scene>
<Scene>
<INIT seed="1,2,2,4,5,112" ten="245,255,225,255" oya="1" hai0="18,37,4,91,118,57,98,50,77,42,92,64,113" hai1="131,44,5,67,69,60,38,97,24,108,126,21,34" hai2="70,55,121,39,93,83,7,17,62,14,130,129,27" hai3="71,87,0,120,74,122,22,35,63,53,65,89,32"/><U116/><E131/><N who="2" m="50187" /><F121/><W78/><G0/><T84/><D113/><U124/><E5/><V36/><F83/><W105/><G105/><T31/><D37/><U20/><E97/><V48/><F7/><W75/><G35/><T73/><D73/><U132/><E132/><V2/><F2/><W80/><G32/><T96/><D118/><U123/><E123/><V127/><F27/><W100/><G100/><T13/><D4/><U104/><E104/><V40/><F40/><W58/><G75/><T25/><D77/><U76/><E76/><V107/><F107/><W79/><G22/><N who="0" m="15799" /><D64/><U103/><E116/><V94/><F127/><N who="1" m="48681" /><E108/><V101/><F62/><W33/><G33/><T111/><D111/><U88/><E103/><V114/><F114/><W52/><G79/><T6/><D6/><U19/><E34/><V82/><F70/><W125/><G125/><T45/><D57/><U102/><E102/><V49/><F82/><W117/><G117/><T135/><D135/><U61/><E69/><V15/><F15/><W99/><G74/><T16/><D18/><N who="1" m="12311" /><E67/><V12/><F12/><W11/><G71/><T28/><D28/><U51/><E38/><N who="2" m="14379" /><F101/><W41/><G120/><T54/><D42/><N who="1" m="24983" /><E88/><V30/><F30/><W90/><G122/><T46/><D46/><U109/><E109/><V43/><F43/><W81/><G41/><T133/><D133/><U106/><E106/><V115/><F115/><W66/><G66/><T86/><D45/><U8/><E8/><N who="2" m="6343" /><F55/><W119/><G119/><T85/><D54/><U56/><E56/><V3/><F3/><W1/><G1/><RYUUKYOKU ba="2,2" sc="245,-15,255,15,225,15,255,-15" hai1="19,21,60,61" hai2="48,49,93,94" />
</Scene>
<Scene>
<INIT seed="1,3,2,4,4,3" ten="230,270,240,240" oya="1" hai0="21,91,92,35,28,7,89,113,36,47,55,2,87" hai1="121,78,72,111,67,122,45,43,80,40,95,50,32" hai2="27,62,49,65,107,19,132,30,8,84,79,66,6" hai3="33,124,18,134,83,135,38,97,14,128,64,68,123"/><U52/><E32/><V115/><F107/><W110/><G123/><T114/><D35/><U54/><E67/><V127/><F115/><W119/><G33/><T108/><D108/><U105/><E105/><V23/><F132/><W117/><G38/><T31/><D113/><U53/><E111/><V13/><F127/><W22/><G110/><T1/><D114/><U112/><E112/><V74/><F74/><W129/><G124/><T10/><D2/><U126/><E126/><V73/><F73/><W48/><G97/><T75/><D75/><U106/><E106/><V39/><F39/><W100/><G100/><T96/><D21/><U69/><E69/><V93/><F49/><W101/><G101/><T17/><D17/><U37/><E95/><V42/><F42/><W0/><G83/><T86/><D96/><U11/><E11/><V133/><F133/><N who="3" m="50699" /><G48/><T118/><D118/><N who="3" m="45065" /><G0/><T46/><D36/><U71/><E71/><V82/><F62/><AGARI ba="3,2" hai="14,18,22,62,64,68,128,129" m="45065,50699" machi="62" ten="40,2600,0" yaku="20,1,12,1" doraHai="3" who="3" fromWho="2" sc="230,0,270,0,240,-35,240,55" />
</Scene>
<Scene>
<INIT seed="2,0,0,3,2,13" ten="230,270,205,295" oya="2" hai0="106,19,44,43,14,16,17,3,84,18,62,112,63" hai1="101,102,27,52,100,128,70,98,88,37,111,110,12" hai2="71,86,125,0,130,53,129,21,20,5,73,26,32" hai3="81,97,105,133,120,79,39,126,10,134,94,118,114"/><V61/><F73/><W50/><G39/><T135/><D112/><U121/><E37/><V75/><F75/><W85/><G50/><N who="0" m="26911" /><D3/><U15/><E70/><V90/><F125/><W8/><G114/><T54/><D106/><U80/><E128/><N who="2" m="49259" /><F32/><W109/><G126/><T38/><D38/><U131/><E131/><V116/><F116/><W29/><G118/><T124/><D135/><N who="3" m="51721" /><G120/><T22/><D124/><U96/><E121/><V93/><F26/><W36/><G36/><T6/><D6/><U42/><E27/><V117/><F117/><W28/><G105/><T11/><D54/><U31/><E42/><V115/><F115/><W91/><G109/><N who="1" m="41482" /><E52/><V41/><F41/><W72/><G72/><T87/><D22/><U83/><E31/><AGARI ba="0,0" hai="8,10,28,29,31,79,81,85,91,94,97" m="51721" machi="31" ten="30,1000,0" yaku="20,1" doraHai="13" who="3" fromWho="1" sc="230,0,270,-10,205,0,295,10" />
</Scene>
<Scene>
<INIT seed="3,0,0,3,1,81" ten="230,260,205,305" oya="3" hai0="111,95,30,85,129,34,130,44,97,116,52,135,70" hai1="41,23,110,127,53,29,67,37,11,72,102,48,106" hai2="39,125,105,49,96,65,98,75,45,26,121,91,21" hai3="4,86,108,101,50,107,99,61,3,122,19,27,77"/><W120/><G61/><T66/><D116/><U31/><E110/><V38/><F121/><W80/><G108/><T46/><D111/><U79/><E67/><V35/><F75/><W94/><G50/><N who="0" m="28743" /><D46/><U62/><E11/><V76/><F76/><W36/><G36/><T9/><D9/><U128/><E37/><V51/><F35/><W55/><G55/><T134/><D66/><U82/><E41/><V60/><F51/><W88/><G3/><T17/><D17/><U118/><E62/><V113/><F113/><W117/><G4/><T87/><D70/><U22/><E118/><V24/><F98/><W119/><G19/><T104/><D30/><U33/><E31/><V78/><F78/><W58/><G58/><T92/><D104/><U8/><E29/><V73/><F73/><N who="3" m="43055" /><G27/><T18/><D34/><U7/><E33/><V59/><F26/><W115/><G115/><T63/><D18/><U112/><E112/><V2/><F2/><W64/><G64/><T1/><D92/><U83/><E106/><V54/><F125/><W109/><G109/><T103/><D63/><U100/><E127/><V132/><F132/><N who="0" m="50730" /><D1/><U124/><E124/><V5/><F5/><W14/><G14/><T42/><D42/><U40/><E40/><V15/><F15/><W47/><G47/><T25/><D25/><U13/><E7/><V43/><F43/><W32/><G32/><T90/><D103/><U56/><E102/><V84/><F105/><W12/><G12/><T89/><D89/><U20/><E13/><V133/><F133/><W131/><G119/><T16/><D16/><RYUUKYOKU ba="0,0" sc="230,30,260,-10,205,-10,305,-10" hai0="85,87,90,95,97,129,130" />
</Scene>
<Scene>
<INIT seed="4,1,0,3,0,62" ten="260,250,195,295" oya="0" hai0="91,68,71,70,108,93,69,104,122,127,34,4,131" hai1="30,84,109,47,133,35,26,107,39,57,97,49,119" hai2="114,132,88,32,65,41,75,116,16,129,55,12,67" hai3="54,64,24,100,2,126,105,38,82,123,74,89,130"/><T14/><D122/><U128/><E119/><V44/><F116/><W6/><G123/><T78/><D104/><U42/><E109/><V76/><F32/><W50/><G38/><T43/><D34/><U33/><E133/><V19/><F132/><W46/><G126/><T63/><D127/><U52/><E128/><V94/><F129/><W15/><G130/><T118/><D131/><U92/><E35/><V79/><F114/><W22/><G2/><T59/><D118/><U124/><E124/><V56/><F75/><W17/><G105/><T40/><D108/><U27/><E107/><V125/><F125/><W10/><G100/><T13/><D78/><N who="2" m="29738" /><F44/><W111/><G111/><T110/><D110/><U36/><E26/><V7/><F7/><W5/><G74/><T37/><D37/><U25/><E25/><V83/><F83/><W48/><G48/><T95/><D95/><U3/><E84/><N who="2" m="52487" /><F41/><W86/><G5/><T120/><D120/><U58/><E3/><V113/><F113/><W73/><G73/><T11/><D14/><U77/><E77/><V29/><F29/><W31/><G31/><T135/><D135/><U103/><E39/><V23/><F19/><W121/><G121/><T90/><D90/><U80/><E80/><V101/><F101/><W53/><G53/><T106/><D106/><U85/><E85/><V98/><F98/><W60/><G60/><AGARI ba="1,0" hai="12,16,23,55,56,60,65,67" m="52487,29738" machi="60" ten="30,8000,1" yaku="8,1,52,2,54,2" doraHai="62" who="2" fromWho="3" sc="260,0,250,0,195,83,295,-83" />
</Scene>
<Scene>
<INIT seed="5,0,0,2,5,58" ten="260,250,278,212" oya="1" hai0="43,20,135,97,101,69,86,40,59,5,7,79,32" hai1="36,12,28,113,98,134,84,57,123,52,64,99,3" hai2="82,87,96,47,131,81,42,125,78,110,61,111,49" hai3="0,4,132,22,26,129,102,127,88,109,103,107,115"/><U50/><E123/><V65/><F125/><W93/><G109/><T16/><D69/><U23/><E3/><V122/><F122/><W56/><G127/><T121/><D32/><U67/><E36/><V77/><F96/><N who="1" m="36905" /><E113/><V68/><REACH who="2" step="1"/><F131/><REACH who="2" ten="260,250,268,212" step="2"/><W9/><G107/><T11/><D121/><U62/><E134/><V14/><F14/><W41/><G129/><T25/><D135/><U6/><E12/><V66/><F66/><W45/><G132/><T24/><D97/><U34/><E67/><V128/><F128/><W15/><G115/><T70/><D101/><U105/><E64/><V13/><F13/><W76/><G0/><T108/><D108/><U33/><E105/><V85/><AGARI ba="0,1" hai="42,47,49,61,65,68,77,78,81,82,85,87,110,111" machi="85" ten="20,8000,1" yaku="1,1,0,1,7,1,9,1,52,1,53,0" doraHai="58" doraHaiUra="94" who="2" fromWho="2" sc="260,-20,250,-40,268,90,212,-20" />
</Scene>
<Scene>
<INIT seed="6,0,0,2,2,116" ten="240,210,358,192" oya="2" hai0="6,55,40,89,38,27,47,65,61,9,123,121,125" hai1="82,135,81,64,5,12,132,30,126,73,107,26,83" hai2="56,78,7,14,11,68,35,130,62,51,33,103,127" hai3="41,72,133,66,22,101,48,120,114,88,21,71,28"/><V91/><F78/><W25/><G72/><T49/><D125/><U104/><E126/><V52/><F127/><W46/><G133/><N who="1" m="51274" /><E64/><V94/><F103/><W119/><G119/><T8/><D89/><U39/><E39/><V118/><F118/><W84/><G114/><T69/><D27/><U23/><E73/><V74/><F74/><W44/><G101/><T80/><D80/><N who="1" m="20483" /><U4/><DORA hai="97" /><E12/><V110/><F110/><W37/><G66/><T108/><D108/><U85/><E85/><V131/><F68/><W86/><G71/><T13/><D8/><U76/><E76/><V3/><F3/><W128/><G128/><N who="2" m="49193" /><F62/><W90/><G21/><T36/><REACH who="0" step="1"/><D36/><REACH who="0" ten="230,210,358,192" step="2"/><U77/><E77/><V34/><F34/><W29/><G29/><T2/><D2/><U113/><E113/><V79/><F79/><W115/><G115/><T98/><D98/><AGARI ba="0,1" hai="7,11,14,33,35,51,52,56,91,94,98" m="49193" machi="98" ten="30,2900,0" yaku="19,1,54,1" doraHai="116,97" who="2" fromWho="0" sc="230,-29,210,0,358,39,192,0" />
</Scene>
<Scene>
<INIT seed="6,1,0,1,3,2" ten="201,210,397,192" oya="2" hai0="46,29,74,85,7,13,0,49,4,101,94,122,107" hai1="112,132,90,10,28,116,113,1,123,63,57,126,118" hai2="58,72,86,66,9,67,80,128,51,52,11,69,99" hai3="42,114,120,64,119,40,97,24,110,103,73,111,12"/><V100/><F72/><W71/><G73/><T59/><D122/><U61/><E123/><V77/><F128/><W84/><G120/><T33/><D74/><U31/><E132/><V124/><F124/><W30/><G119/><T105/><D0/><U55/><E126/><V76/><F76/><W19/><G114/><N who="1" m="44138" /><E90/><V17/><F69/><W96/><G96/><N who="0" m="59543" /><D107/><U23/><E63/><V79/><F79/><W14/><G14/><T53/><D105/><U48/><E48/><V56/><F56/><W54/><G71/><T36/><D33/><U106/><E106/><V43/><F43/><W131/><G64/><T27/><D36/><U68/><E68/><V135/><F135/><W70/><G70/><T82/><D27/><N who="1" m="16511" /><E31/><V108/><F108/><W91/><G24/><T104/><D29/><U22/><E22/><V25/><F99/><W127/><G30/><T129/><D104/><U39/><E39/><V37/><F37/><W45/><G127/><T18/><D129/><U5/><AGARI ba="1,0" hai="1,5,10,55,57,61,116,118" m="16511,44138" machi="5" ten="30,2000,0" yaku="15,1,52,1" doraHai="2" who="1" fromWho="1" sc="201,-6,210,23,397,-11,192,-6" />
</Scene>
<Scene>
<INIT seed="7,0,0,0,1,114" ten="195,233,386,186" oya="3" hai0="120,69,65,99,76,97,126,105,83,116,71,119,13" hai1="92,51,48,11,23,79,66,52,131,72,98,133,1" hai2="43,3,109,12,8,34,84,28,106,104,46,33,121" hai3="27,44,31,29,70,14,77,90,101,5,64,17,21"/><W128/><G128/><T22/><D120/><U61/><E133/><V102/><F109/><W82/><G101/><T57/><D126/><U6/><E23/><V88/><F3/><W68/><G64/><T50/><D105/><U103/><E131/><V74/><F74/><W15/><G90/><T93/><D71/><U111/><E111/><V85/><F121/><W38/><G38/><T135/><D69/><U54/><E79/><V47/><F85/><W37/><G70/><T87/><D135/><U113/><E72/><V86/><F86/><W117/><G117/><T10/><D22/><U127/><E113/><V78/><F78/><W55/><G68/><T73/><D73/><U125/><E66/><V56/><F102/><W80/><G37/><T32/><D32/><U123/><E123/><V20/><F34/><W42/><G42/><T89/><D97/><U63/><E51/><V75/><F33/><W107/><G107/><T4/><D50/><U49/><E49/><V108/><F75/><W36/><G77/><T122/><D122/><U100/><E100/><V95/><F108/><W39/><G39/><T45/><D45/><N who="1" m="27663" /><E54/><V62/><F106/><W7/><G36/><T53/><D53/><U112/><E112/><V67/><F104/><W60/><G44/><T16/><D116/><U26/><E26/><N who="2" m="16455" /><F43/><W24/><G55/><T96/><D119/><U0/><E0/><V130/><F130/><W134/><G134/><T81/><D76/><U129/><E129/><V25/><F25/><N who="3" m="9803" /><G60/><N who="1" m="23114" /><E127/><V19/><AGARI ba="0,0" hai="8,12,19,46,47,56,62,67,84,88,95" m="16455" machi="19" ten="30,2000,0" yaku="8,1,54,1" doraHai="114" who="2" fromWho="2" sc="195,-5,233,-5,386,20,186,-10" owari="190,-21.0,228,3.0,406,50.0,176,-32.0" />
</Scene>
</mjloggm>