<mjloggm ver="2.3"><GO type="169" lobby="0"/><UN n0="%E3%83%99%E3%82%BF%E3%82%AA%E3%83%AA%E3%82%B9%E3%82%AF" n1="%E9%80%A2%E9%AD%94%E3%81%8C%E6%99%82" n2="%E5%A4%A7%E7%8E%89%E5%B0%86" n3="%41%53%41%50%49%4E" dan="16,16,17,19" rate="2099,2087,2176,2269" sx="M,M,M,M"/><TAIKYOKU oya="0"/>

<Scene>
<INIT seed="0,0,0,4,0,82" ten="250,250,250,250" oya="0" hai0="81,111,121,33,40,49,59,4,86,7,100,122,87" hai1="61,92,94,22,26,96,25,108,104,5,89,43,107" hai2="126,129,34,63,52,51,90,15,103,16,119,36,32" hai3="42,19,68,57,10,128,48,88,38,17,133,135,71"/><T79/><D33/><U109/><E5/><V6/><F36/><W35/><G35/><T37/><D100/><U14/><E43/><V24/><F63/><W101/><G38/><T106/><D106/><U110/><E61/><V67/><F67/><W9/><G101/><T58/><D111/><U97/><E14/><V29/><F103/><W54/><G42/><T118/><D118/><U134/><E134/><N who="3" m="51210" /><G128/><T127/><D127/><U112/><E112/><V105/><F105/><N who="1" m="40521" /><E22/><V64/><F126/><W39/><G39/><T95/><D37/><U66/><E66/><V131/><F64/><W130/><G130/><N who="2" m="49673" /><F119/><W45/><G45/><N who="0" m="25767" /><D122/><U74/><E74/><V76/><F76/><W117/><G117/><T84/><D121/><U8/><E8/><N who="3" m="3178" /><G71/><T85/><D95/><U83/><E83/><V20/><F6/><AGARI ba="0,0" hai="4,6,7,58,59,79,81,84,85,86,87" m="25767" machi="6" ten="30,12000,1" yaku="8,1,52,4" doraHai="82" who="0" fromWho="2" sc="250,120,250,0,250,-120,250,0" />
</Scene>
<Scene>
<INIT seed="0,1,0,5,5,83" ten="370,250,130,250" oya="0" hai0="120,134,44,106,66,4,115,48,38,19,36,117,72" hai1="17,92,86,49,68,42,121,27,128,80,75,110,109" hai2="64,22,103,77,91,26,31,21,133,90,89,35,46" hai3="116,99,50,122,126,8,37,119,100,16,70,47,125"/><T84/><D72/><U105/><E121/><V82/><F133/><W11/><G70/><T9/><D120/><U112/><E105/><V124/><F124/><N who="3" m="47723" /><G122/><T93/><D106/><U45/><E68/><V57/><F103/><W15/><G8/><T74/><D74/><U54/><E112/><V51/><F64/><W32/><G32/><T71/><D115/><U65/><E65/><V69/><F57/><W41/><G37/><T29/><D117/><U60/><E128/><V61/><F61/><W88/><G100/><T3/><D134/><U1/><E1/><V39/><F39/><W6/><G6/><T43/><D29/><U104/><E104/><V7/><F7/><W52/><G41/><T5/><D5/><U131/><E75/><V10/><F10/><W18/><G18/><T58/><D71/><U98/><E60/><V28/><F28/><W23/><G11/><T34/><D34/><U95/><E42/><V123/><F69/><W33/><G33/><T130/><D130/><U94/><E131/><V53/><REACH who="2" step="1"/><F123/><REACH who="2" ten="370,250,120,250" step="2"/><W59/><G59/><T81/><D4/><U12/><E109/><V63/><F63/><W67/><G67/><T102/><D66/><U96/><E110/><V2/><F2/><W85/><G99/><T129/><D3/><U55/><E98/><V24/><F24/><W107/><G107/><T79/><D129/><U114/><E27/><V76/><F76/><W78/><G78/><T97/><D58/><U25/><E25/><V0/><F0/><W62/><G62/><T40/><D79/><U118/><E114/><V111/><F111/><RYUUKYOKU ba="1,1" sc="370,-15,250,-15,120,15,250,15" hai2="21,22,26,31,35,46,51,53,77,82,89,90,91" hai3="15,16,23,47,50,52,85,88,116,119" />
</Scene>
<Scene>
<INIT seed="1,2,1,2,1,71" ten="355,235,135,265" oya="1" hai0="92,94,69,31,128,101,117,48,34,74,85,32,72" hai1="4,131,29,25,102,84,33,90,73,24,112,113,63" hai2="98,39,8,46,86,37,30,3,103,2,27,6,11" hai3="105,111,49,42,51,124,79,56,60,5,64,52,78"/><U43/><E131/><V13/><F86/><W50/><G105/><T93/><D69/><U95/><E73/><V1/><F46/><W21/><G111/><T91/><D117/><U58/><E102/><V122/><F122/><W70/><G124/><T125/><D125/><U12/><E43/><V81/><F81/><W99/><G99/><T80/><D128/><U107/><E107/><V96/><F11/><W61/><G5/><T18/><D101/><U75/><E75/><V14/><F14/><W7/><G7/><T77/><D74/><U67/><E4/><V106/><REACH who="2" step="1"/><F98/><REACH who="2" ten="355,235,125,265" step="2"/><W109/><G79/><T47/><D77/><U19/><E24/><V83/><F83/><W123/><G78/><T100/><D80/><U0/><E0/><V68/><F68/><W97/><G97/><T9/><D85/><U38/><REACH who="1" step="1"/><E38/><REACH who="1" ten="355,225,125,265" step="2"/><V121/><F121/><W40/><G123/><T119/><D72/><U88/><E88/><V120/><F120/><W115/><G40/><T108/><D91/><U26/><E26/><V10/><F10/><AGARI ba="2,3" hai="10,12,19,25,29,33,58,63,67,84,90,95,112,113" machi="10" ten="30,5800,0" yaku="1,1,7,1,53,1" doraHai="71" doraHaiUra="59" who="1" fromWho="2" sc="355,0,225,94,125,-64,265,0" />
</Scene>
<Scene>
<INIT seed="1,3,0,0,5,56" ten="355,319,61,265" oya="1" hai0="23,19,10,67,90,104,8,25,24,34,86,48,54" hai1="30,84,102,27,9,55,21,126,63,3,29,16,81" hai2="36,26,115,128,65,13,15,72,80,105,20,129,40" hai3="77,37,49,101,132,53,70,74,110,59,75,113,57"/><U93/><E126/><V14/><F105/><W94/><G113/><T125/><D104/><U114/><E114/><V69/><F115/><W97/><G70/><T119/><D119/><U18/><E3/><V87/><F72/><W61/><G37/><T76/><D125/><U31/><E93/><V32/><F32/><W117/><G117/><T4/><D67/><U111/><E102/><V124/><F124/><W71/><G71/><T41/><D41/><U96/><E96/><V109/><F109/><W118/><G118/><T17/><D76/><U42/><E42/><V95/><F95/><W112/><G112/><T78/><D78/><N who="1" m="46135" /><E111/><V130/><F40/><W22/><G132/><T2/><D34/><U92/><E92/><V45/><F45/><W135/><G135/><T50/><D54/><U52/><E63/><V133/><F36/><W5/><G77/><T120/><D120/><U58/><E58/><V121/><F121/><W60/><G49/><T62/><D62/><U122/><E122/><V79/><F133/><W7/><G110/><T103/><D103/><U66/><E66/><V35/><F35/><W131/><G74/><T33/><D33/><U107/><E107/><V73/><F73/><W51/><G75/><T116/><D116/><U44/><E44/><V85/><F65/><N who="3" m="39055" /><G51/><T46/><D48/><U0/><E0/><V134/><F69/><W83/><G83/><T106/><D50/><U68/><E68/><V12/><N who="2" m="3072" /><DORA hai="82" /><V11/><F134/><W64/><G64/><T108/><D108/><U6/><E6/><N who="3" m="2058" /><G22/><T1/><D23/><N who="1" m="13815" /><E9/><V88/><F11/><RYUUKYOKU ba="3,0" sc="355,-15,319,15,61,-15,265,15" hai1="16,21,29,30,31,52,55" hai3="53,59,61,94,97,101,131" />
</Scene>
<Scene>
<INIT seed="1,4,0,5,2,98" ten="340,334,46,280" oya="1" hai0="33,130,86,58,63,76,51,28,2,38,126,110,55" hai1="120,104,14,48,31,32,27,99,81,117,0,42,108" hai2="122,4,134,89,113,123,9,53,18,3,24,116,17" hai3="95,8,94,46,84,70,15,19,112,106,83,133,121"/><U47/><E120/><V44/><F89/><W7/><G121/><N who="2" m="46089" /><F53/><W101/><G112/><T21/><D38/><U75/><E0/><V85/><F44/><W11/><G133/><T132/><D2/><U102/><E117/><V78/><F85/><W114/><G114/><T90/><D33/><U35/><E108/><V13/><F78/><W40/><G70/><T52/><D132/><U69/><E69/><V125/><F113/><W26/><G106/><T115/><D115/><U77/><E14/><V105/><F105/><W71/><G101/><T45/><D126/><U37/><REACH who="1" step="1"/><E48/><REACH who="1" ten="340,324,46,280" step="2"/><V64/><F134/><W6/><G71/><T97/><D110/><U135/><E135/><V92/><F116/><W29/><G15/><T91/><D130/><U61/><E61/><V1/><F1/><W72/><G26/><T49/><D49/><U39/><E39/><V66/><F24/><W103/><G6/><T107/><D51/><U79/><E79/><V30/><F3/><W12/><G7/><T127/><D76/><U41/><E41/><V23/><F4/><W68/><G68/><T54/><D63/><U124/><E124/><V109/><F125/><W62/><G62/><T16/><D127/><U100/><E100/><V73/><F109/><W96/><G40/><T82/><D45/><U43/><E43/><V60/><F60/><W74/><G46/><T129/><D129/><U80/><E80/><V59/><F13/><W25/><G83/><T22/><D82/><U128/><E128/><V57/><F66/><W36/><G36/><T56/><D56/><N who="2" m="21578" /><F64/><W50/><G12/><RYUUKYOKU ba="4,1" sc="340,-10,324,30,46,-10,280,-10" hai1="27,31,32,35,37,42,47,75,77,81,99,102,104" />
</Scene>
<Scene>
<INIT seed="1,5,1,2,4,6" ten="330,354,36,270" oya="1" hai0="109,74,121,25,68,1,44,4,71,128,78,77,3" hai1="112,46,105,64,130,118,45,17,21,50,107,110,111" hai2="115,2,56,20,7,133,97,103,65,49,135,126,48" hai3="12,79,5,129,132,85,73,81,47,42,0,36,19"/><U93/><E118/><V100/><F126/><W38/><G129/><T62/><D109/><N who="1" m="41483" /><E112/><V67/><F115/><W8/><G132/><N who="2" m="50761" /><F20/><W96/><G96/><T54/><D128/><U116/><E116/><V86/><F86/><W35/><G35/><T95/><D121/><U89/><E130/><V131/><F131/><W91/><G38/><T29/><D95/><U99/><E64/><N who="2" m="24651" /><F56/><W127/><G127/><T43/><D3/><U75/><E75/><V117/><F117/><W16/><G12/><T15/><D15/><N who="1" m="9407" /><E46/><V34/><F34/><W32/><G32/><T63/><D71/><U80/><E80/><AGARI ba="5,1" hai="0,5,8,16,19,36,42,47,73,79,80,81,85,91" machi="80" ten="30,8000,1" yaku="7,1,25,2,52,1,54,1" doraHai="6" who="3" fromWho="1" sc="330,0,354,-95,36,0,270,105" />
</Scene>
<Scene>
<INIT seed="2,0,0,1,2,16" ten="330,259,36,375" oya="2" hai0="124,105,128,13,44,114,42,6,68,72,62,78,116" hai1="85,29,8,5,109,38,103,131,58,70,3,55,71" hai2="18,96,19,121,122,33,94,34,24,54,92,90,9" hai3="47,118,97,87,110,107,30,52,23,126,88,37,15"/><V39/><F39/><W86/><G118/><T43/><D114/><U135/><E38/><V100/><F19/><N who="3" m="10751" /><G107/><T41/><D105/><U10/><E135/><V80/><F80/><W26/><G37/><T63/><D124/><U79/><E131/><V98/><F54/><W20/><G110/><T51/><D128/><U115/><E109/><V83/><F83/><W7/><G7/><T14/><D116/><U0/><E103/><V40/><F40/><N who="0" m="15466" /><D72/><U11/><E115/><V21/><REACH who="2" step="1"/><F9/><REACH who="2" ten="330,259,26,375" step="2"/><W127/><G126/><T77/><D43/><U46/><E11/><V99/><F99/><W74/><G127/><T133/><D6/><U119/><E10/><V2/><F2/><W4/><G4/><T17/><D17/><U67/><E8/><V32/><AGARI ba="0,1" hai="18,21,24,32,33,34,90,92,94,96,98,100,121,122" machi="32" ten="30,6000,0" yaku="1,1,0,1,52,1,53,0" doraHai="16" doraHaiUra="60" who="2" fromWho="2" sc="330,-20,259,-20,26,70,375,-20" />
</Scene>
<Scene>
<INIT seed="2,1,0,0,1,72" ten="310,239,96,355" oya="2" hai0="7,33,125,24,28,107,11,128,23,99,100,74,124" hai1="82,56,40,35,47,89,57,108,64,73,79,87,6" hai2="16,66,71,77,70,83,114,45,92,19,21,22,120" hai3="55,76,131,121,116,68,84,110,10,31,97,81,27"/><V53/><F114/><W51/><G116/><T111/><D111/><U101/><E35/><V38/><F120/><W36/><G110/><T123/><D123/><U13/><E108/><V62/><F70/><W113/><G121/><T34/><D128/><U52/><E101/><V98/><F38/><W41/><G131/><T95/><D74/><U88/><E73/><V60/><F45/><W106/><G68/><T122/><D122/><U0/><E0/><V75/><F60/><W126/><G113/><T2/><REACH who="0" step="1"/><D107/><REACH who="0" ten="300,239,96,355" step="2"/><U65/><E64/><V4/><F53/><W29/><G106/><T1/><D1/><U5/><E65/><V104/><F104/><W132/><G55/><T9/><D9/><N who="1" m="4279" /><E5/><V37/><F4/><W112/><G10/><T25/><D25/><U61/><E57/><V96/><F37/><W54/><G27/><T15/><D15/><U118/><E118/><V17/><REACH who="2" step="1"/><F98/><REACH who="2" ten="300,239,86,355" step="2"/><W133/><G97/><T127/><AGARI ba="1,2" hai="2,7,11,23,24,28,33,34,95,99,100,124,125,127" machi="127" ten="30,7900,0" yaku="1,1,0,1,18,1,53,1" doraHai="72" doraHaiUra="18" who="0" fromWho="0" sc="300,102,239,-21,86,-40,355,-21" />
</Scene>
<Scene>
<INIT seed="3,0,0,0,1,43" ten="402,218,46,334" oya="3" hai0="126,66,23,1,34,98,76,26,91,116,29,81,38" hai1="28,25,62,47,39,87,68,71,79,54,7,58,77" hai2="113,72,15,94,13,44,108,4,132,88,109,18,104" hai3="133,14,122,16,74,89,129,111,120,8,5,24,12"/><W97/><G74/><T90/><D116/><U63/><E7/><V41/><F113/><W75/><G75/><T84/><D1/><U3/><E3/><V49/><F72/><W101/><G89/><T102/><D126/><U86/><E71/><V35/><F104/><W31/><G129/><T125/><D125/><U112/><E112/><V42/><F35/><W119/><G119/><T135/><D135/><U99/><E99/><V121/><F132/><W65/><G133/><T52/><D66/><U124/><E124/><V57/><F121/><W130/><G130/><T69/><D69/><U103/><E103/><V33/><F33/><W55/><G65/><T10/><D38/><U128/><E128/><V70/><F70/><W123/><G55/><T46/><D10/><U6/><E6/><V93/><F93/><W96/><G101/><T127/><D127/><U27/><E39/><V30/><F30/><W40/><G40/><T105/><REACH who="0" step="1"/><D34/><REACH who="0" ten="392,218,46,334" step="2"/><U60/><E68/><V9/><F108/><W95/><G111/><T36/><D36/><U64/><E64/><V80/><F109/><W131/><G131/><T19/><D19/><U20/><E20/><V11/><F11/><N who="3" m="6239" /><G120/><T45/><D45/><U110/><E47/><V114/><F114/><W107/><G122/><T67/><D67/><U2/><E2/><V73/><F57/><W115/><G115/><T85/><D85/><N who="1" m="32267" /><E110/><V53/><F18/><W0/><G123/><T82/><D82/><U32/><E32/><V100/><F73/><W134/><G0/><T106/><D106/><U21/><E58/><V117/><F117/><RYUUKYOKU ba="0,1" sc="392,30,218,-10,46,-10,334,-10" hai0="23,26,29,46,52,76,81,84,90,91,98,102,105" />
</Scene>
<Scene>
<INIT seed="4,1,1,3,0,19" ten="422,208,36,324" oya="0" hai0="40,122,70,99,26,41,89,43,92,58,127,101,93" hai1="51,118,2,36,105,134,79,5,38,48,123,83,74" hai2="75,16,96,131,116,71,4,20,80,33,29,39,126" hai3="88,103,34,0,9,102,95,22,53,121,135,115,69"/><T97/><D70/><U12/><E123/><V37/><F71/><W124/><G34/><T84/><D122/><U30/><E118/><V21/><F116/><W57/><G121/><T110/><D127/><U42/><E105/><V27/><F126/><W113/><G124/><T78/><D110/><U35/><E134/><V15/><F131/><W63/><G135/><T10/><D10/><N who="1" m="2359" /><E12/><V72/><F4/><N who="3" m="1159" /><G22/><T130/><D130/><U81/><E81/><V125/><F125/><W85/><G69/><T60/><D26/><N who="1" m="18903" /><E38/><V65/><F33/><W104/><G104/><T52/><D78/><U6/><E6/><V100/><F65/><W8/><G8/><T111/><D111/><U107/><E107/><V62/><F62/><W28/><G28/><T120/><D120/><U46/><AGARI ba="1,1" hai="36,42,46,48,51,74,79,83" m="18903,2359" machi="46" ten="30,1100,0" yaku="25,1" doraHai="19" who="1" fromWho="1" sc="422,-6,208,24,36,-4,324,-4" />
</Scene>
<Scene>
<INIT seed="5,0,0,4,3,80" ten="416,232,32,320" oya="1" hai0="125,100,31,74,8,47,101,103,119,130,38,84,91" hai1="86,107,133,104,61,3,117,32,96,54,29,67,64" hai2="6,58,63,30,97,57,56,73,83,113,40,69,127" hai3="5,24,22,68,15,66,28,85,59,120,79,115,93"/><U51/><E117/><V110/><F6/><W12/><G120/><T37/><D119/><U34/><E3/><V118/><F30/><W92/><G68/><T122/><D74/><U1/><E1/><V129/><F97/><W105/><G105/><T20/><D125/><U81/><E133/><V7/><F7/><W35/><G115/><T0/><D130/><U112/><E112/><V76/><F40/><W50/><G35/><T44/><D122/><U11/><E11/><V65/><F118/><W126/><G126/><T128/><D128/><U19/><E19/><V48/><F127/><W123/><G123/><T88/><D0/><U95/><E67/><V70/><F129/><W49/><G93/><T2/><D2/><U16/><E16/><V13/><F110/><W10/><G12/><T60/><D60/><U9/><E9/><V45/><F70/><W41/><G41/><T4/><D8/><U36/><E36/><V132/><F13/><W18/><G5/><T75/><D4/><U46/><E29/><V21/><F21/><W102/><G79/><T53/><D75/><U42/><E42/><N who="2" m="24631" /><F132/><W135/><G135/><T39/><D53/><U43/><E43/><V33/><F33/><W94/><G66/><T78/><D78/><N who="1" m="46391" /><E32/><V121/><F121/><W82/><G10/><T99/><D39/><U23/><E23/><V87/><F113/><W98/><G28/><T89/><D31/><U111/><E34/><V71/><F71/><W25/><G18/><T106/><D38/><U27/><E111/><V131/><F131/><W114/><G22/><T55/><D20/><RYUUKYOKU ba="0,0" sc="416,-10,232,-10,32,30,320,-10" hai2="56,57,58,63,65,69,73,76,83,87" />
</Scene>
<Scene>
<INIT seed="6,1,0,1,0,96" ten="406,222,62,310" oya="2" hai0="94,42,135,53,90,57,37,106,75,87,10,126,29" hai1="66,26,4,123,134,109,41,5,118,63,61,46,22" hai2="124,47,67,6,62,121,81,44,27,89,85,116,84" hai3="72,100,1,3,64,92,112,125,56,76,83,14,117"/><V108/><F116/><W70/><G117/><T110/><D110/><U51/><E109/><V34/><F108/><W80/><G70/><T91/><D75/><U103/><E118/><V59/><F121/><W11/><G125/><T102/><D126/><U114/><E134/><V48/><F124/><W54/><G64/><T40/><D135/><U39/><E39/><V115/><F115/><W99/><G80/><T73/><D73/><U69/><E114/><V8/><F84/><W9/><G112/><T20/><D37/><U58/><E123/><V77/><F89/><W86/><G72/><T52/><D10/><U50/><E50/><V105/><F105/><W111/><G111/><T68/><D68/><U101/><E5/><V36/><F36/><W97/><G97/><N who="0" m="59703" /><D106/><U113/><E4/><V15/><REACH who="2" step="1"/><F48/><REACH who="2" ten="406,222,52,310" step="2"/><W43/><G86/><T25/><D90/><U104/><E104/><V122/><F122/><W65/><G76/><T60/><D91/><U131/><E113/><V35/><F35/><W128/><G92/><T13/><D87/><U98/><E98/><V74/><F74/><W2/><G99/><T107/><D107/><U19/><E131/><V21/><F21/><W23/><G23/><T24/><D20/><U120/><E120/><V133/><F133/><W55/><G128/><T38/><D38/><U7/><E7/><V119/><F119/><W49/><G49/><T12/><D60/><U130/><E130/><V30/><AGARI ba="1,1" hai="6,8,15,27,30,34,44,47,59,62,67,77,81,85" machi="30" ten="30,6000,0" yaku="1,1,0,1,53,1" doraHai="96" doraHaiUra="79" who="2" fromWho="2" sc="406,-21,222,-21,52,73,310,-21" />
</Scene>
<Scene>
<INIT seed="6,2,0,0,5,95" ten="385,201,125,289" oya="2" hai0="15,116,2,65,60,82,96,112,13,92,59,27,97" hai1="72,40,73,135,10,134,108,37,106,128,31,98,44" hai2="122,100,57,48,114,127,99,42,34,68,85,49,21" hai3="25,74,33,53,93,105,55,91,64,5,76,32,81"/><V51/><F122/><W133/><G133/><N who="1" m="50698" /><E128/><V11/><F34/><W120/><G120/><T17/><D2/><U78/><E108/><V124/><F68/><W111/><G111/><T89/><D112/><U36/><E31/><V109/><F109/><W4/><G105/><T35/><D116/><U23/><E23/><V56/><F114/><W77/><G64/><T18/><D82/><N who="1" m="45383" /><E10/><V86/><F42/><W131/><G131/><T30/><D96/><U58/><E73/><V3/><F21/><W113/><G113/><T22/><D18/><U118/><E58/><N who="2" m="22635" /><F11/><W19/><G76/><T87/><D87/><N who="2" m="33290" /><F3/><W16/><G32/><T102/><D102/><N who="1" m="62807" /><E118/><V63/><F63/><W88/><G33/><T121/><D121/><U28/><E28/><V80/><F80/><W130/><G130/><T75/><D75/><U69/><E69/><V117/><F117/><W83/><G74/><T7/><D7/><U12/><E12/><AGARI ba="2,0" hai="12,13,15,17,22,27,30,35,59,60,65,89,92,97" machi="12" ten="30,2000,0" yaku="7,1,52,1" doraHai="95" who="0" fromWho="1" sc="385,26,201,-26,125,0,289,0" />
</Scene>
<Scene>
<INIT seed="7,0,0,0,4,62" ten="411,175,125,289" oya="3" hai0="109,26,29,89,6,118,94,78,9,132,22,36,15" hai1="75,74,44,2,33,17,105,81,25,113,135,37,54" hai2="64,90,38,47,123,126,87,28,104,98,51,117,53" hai3="96,23,24,66,20,27,86,122,31,46,48,50,79"/><W116/><G116/><T97/><D118/><U5/><E2/><V0/><F117/><W130/><G122/><T93/><D109/><U45/><E105/><V49/><F0/><W61/><G130/><T95/><D36/><U7/><E113/><V56/><F123/><W1/><G1/><T83/><D132/><U34/><E81/><V99/><F126/><W114/><G114/><T10/><D9/><U119/><E119/><V21/><F38/><W131/><G131/><T133/><D133/><U121/><E135/><V58/><F104/><W103/><G46/><T115/><D115/><U127/><E127/><V134/><F134/><W42/><G42/><T55/><D55/><U35/><E37/><V39/><F39/><W3/><G3/><T112/><D112/><U76/><E54/><V19/><F28/><W41/><G41/><T67/><D67/><U129/><E129/><V124/><F124/><W12/><G12/><T32/><D32/><U52/><E52/><V43/><F58/><W106/><G86/><AGARI ba="0,0" hai="6,10,15,22,26,29,78,83,86,89,93,94,95,97" machi="86" ten="30,2000,0" yaku="7,1,8,1" doraHai="62" who="0" fromWho="3" sc="411,20,175,0,125,0,289,-20" owari="431,52.0,175,-22.0,125,-37.0,269,7.0" />
</Scene>
</mjloggm>