<mjloggm ver="2.3"><GO type="169"/><UN n0="%59%48%56%48" n1="%41%53%41%50%49%4E" n2="%E3%81%BE%E3%81%AA%E3%81%84%E3%81%9F%E3%82%88%E3%81%86%E3%81%98%E3%82%87" n3="%E3%81%93%E3%81%98%E3%82%8D" dan="16,18,16,17" rate="2061,2215,2148,2168" sx="F,M,M,M"/><TAIKYOKU oya="0"/>

<Scene>
<INIT seed="0,0,0,2,4,77" ten="250,250,250,250" oya="0" hai0="28,75,46,93,2,36,17,104,109,92,79,4,14" hai1="32,7,8,118,83,78,128,119,69,64,127,101,9" hai2="97,40,6,116,120,34,11,51,99,25,130,94,67" hai3="70,47,38,123,107,15,42,45,39,13,76,62,49"/><T44/><D104/><U131/><E32/><V41/><F120/><W111/><G107/><T132/><D28/><U16/><E127/><V117/><F67/><W72/><G123/><T115/><D115/><U105/><E64/><V125/><F125/><W31/><G31/><T134/><D109/><U22/><E69/><V35/><F25/><W90/><G90/><T5/><D2/><U103/><E105/><V89/><F99/><W133/><G111/><T112/><D112/><U43/><E43/><N who="2" m="16459" /><F51/><W88/><G133/><N who="0" m="51307" /><D36/><U58/><E58/><V26/><F26/><W87/><G76/><T84/><D75/><U71/><E71/><V82/><F82/><W50/><G72/><T129/><D129/><N who="1" m="49739" /><E103/><V53/><F53/><W20/><G70/><T135/><D135/><U59/><E59/><V56/><F56/><W100/><G100/><T124/><D124/><U110/><E101/><V3/><F130/><W21/><G62/><T57/><D57/><U86/><E110/><V73/><F73/><W19/><G47/><N who="0" m="17963" /><D92/><U98/><E98/><V23/><F34/><W121/><G38/><T54/><D54/><U61/><E61/><V81/><F35/><W102/><G102/><T85/><D93/><U91/><E78/><V114/><F114/><W122/><G121/><T126/><D126/><U108/><E108/><V96/><F96/><W12/><G122/><T29/><D29/><U18/><E118/><V55/><F116/><W63/><G63/><T37/><D37/><U24/><E119/><V106/><F117/><W66/><G66/><T52/><D79/><U60/><E60/><RYUUKYOKU ba="0,0" sc="250,0,250,0,250,0,250,0" />
</Scene>
<Scene>
<INIT seed="1,1,0,0,3,110" ten="250,250,250,250" oya="1" hai0="106,86,30,125,91,11,116,26,5,6,107,44,40" hai1="21,24,102,120,38,49,2,119,132,67,18,55,117" hai2="122,12,73,118,58,71,17,68,20,19,3,45,131" hai3="50,101,66,34,31,1,104,135,93,87,74,0,128"/><U103/><E120/><V8/><F73/><W76/><G74/><T112/><D112/><U56/><E38/><V25/><F45/><W27/><G104/><T134/><D116/><U41/><E2/><V97/><F58/><W84/><G135/><T51/><D134/><U113/><E132/><V63/><F63/><W99/><G128/><T111/><D111/><U7/><E7/><V88/><F3/><W4/><G66/><T127/><D106/><U65/><E113/><V115/><F122/><W48/><G0/><T98/><D98/><U81/><E41/><V78/><F78/><W77/><G1/><T70/><D70/><U29/><E119/><V109/><F131/><W33/><G4/><T69/><D69/><U47/><E117/><V10/><F10/><W13/><G13/><T14/><D107/><U80/><E65/><V114/><F68/><W16/><G34/><T39/><D6/><U82/><REACH who="1" step="1"/><E29/><REACH who="1" ten="250,240,250,250" step="2"/><V90/><F118/><W28/><G28/><T32/><REACH who="0" step="1"/><D39/><REACH who="0" ten="240,240,250,250" step="2"/><U22/><E22/><V130/><F20/><W123/><G123/><T57/><D57/><U36/><E36/><V61/><F71/><W92/><G33/><T60/><D60/><AGARI ba="1,2" hai="18,21,24,47,49,55,56,60,67,80,81,82,102,103" machi="60" ten="40,3900,0" yaku="1,1,8,1,53,0" doraHai="110" doraHaiUra="100" who="1" fromWho="0" sc="240,-42,240,62,250,0,250,0" />
</Scene>
<Scene>
<INIT seed="1,2,0,0,1,3" ten="198,302,250,250" oya="1" hai0="17,11,61,26,109,6,59,78,126,53,121,81,69" hai1="99,107,93,102,117,55,128,1,132,86,19,79,50" hai2="72,7,77,101,29,74,108,66,23,118,32,25,75" hai3="62,45,111,88,124,12,95,38,94,73,31,57,129"/><U64/><E117/><V21/><F118/><W98/><G73/><T84/><D109/><U10/><E128/><V60/><F77/><W70/><G70/><T35/><D121/><U92/><E132/><V51/><F108/><W106/><G106/><T89/><D126/><U49/><E64/><V22/><F51/><W100/><G111/><T123/><D123/><U13/><E1/><V122/><F122/><W28/><G129/><T82/><D69/><U133/><E133/><V130/><F130/><W127/><G38/><T97/><D35/><U48/><E79/><V87/><F87/><W47/><G31/><T30/><D30/><U119/><E119/><V113/><F113/><W46/><G28/><T43/><D43/><U54/><REACH who="1" step="1"/><E107/><REACH who="1" ten="198,292,250,250" step="2"/><V80/><F66/><W135/><G135/><T120/><D120/><U27/><E27/><V90/><F25/><W91/><G127/><T76/><D76/><U42/><E42/><V24/><F32/><W105/><G124/><T36/><D26/><U96/><E96/><V0/><F24/><W83/><G105/><T103/><D97/><U44/><E44/><V58/><F29/><W16/><G95/><T2/><D78/><U112/><E112/><V20/><F0/><W131/><G83/><T56/><D81/><U114/><E114/><V4/><F80/><W37/><G37/><T34/><D82/><U41/><E41/><V40/><F40/><W33/><G131/><T14/><D2/><U39/><E39/><V63/><F74/><W18/><G33/><T65/><D36/><U71/><E71/><V52/><F72/><RYUUKYOKU ba="2,1" sc="198,-10,292,30,250,-10,250,-10" hai1="10,13,19,48,49,50,54,55,86,92,93,99,102" />
</Scene>
<Scene>
<INIT seed="1,3,1,0,2,108" ten="188,322,240,240" oya="1" hai0="20,2,39,12,64,120,56,124,61,119,58,55,79" hai1="104,37,11,71,35,129,69,117,94,72,135,51,113" hai2="19,60,17,50,67,130,31,10,54,65,4,128,112" hai3="70,1,53,75,134,89,24,47,49,86,111,96,101"/><U38/><RYUUKYOKU type="yao9" ba="3,1" sc="188,0,322,0,240,0,240,0" hai1="11,35,37,38,51,69,71,72,94,104,113,117,129,135" />
</Scene>
<Scene>
<INIT seed="1,4,1,0,2,37" ten="188,322,240,240" oya="1" hai0="128,84,26,106,71,127,132,86,2,19,65,56,42" hai1="5,53,133,13,129,46,85,67,9,15,76,22,7" hai2="87,38,31,119,33,98,73,116,108,105,115,77,47" hai3="82,130,97,90,100,62,32,92,14,69,45,118,135"/><U40/><E129/><V70/><F87/><W80/><G32/><T126/><D2/><U8/><E133/><V68/><F77/><W74/><G135/><T109/><D106/><U91/><E76/><V112/><F73/><W55/><G130/><T24/><D132/><U59/><E67/><V43/><F31/><W21/><G74/><T39/><D128/><U61/><E22/><V64/><F33/><W117/><G69/><N who="2" m="26729" /><F64/><W107/><G62/><T3/><D71/><U93/><E46/><V95/><F95/><W20/><G55/><T58/><D3/><U48/><REACH who="1" step="1"/><E40/><REACH who="1" ten="188,312,240,240" step="2"/><V78/><F78/><W124/><G45/><T114/><D42/><U28/><E28/><V125/><F43/><W25/><G21/><T120/><D65/><U23/><E23/><V96/><F47/><W60/><G20/><T94/><D126/><U122/><E122/><V101/><F125/><W49/><G124/><T30/><D127/><U83/><E83/><V121/><F121/><W103/><G80/><T89/><D120/><U41/><E41/><V27/><F38/><W88/><G82/><T63/><D39/><U34/><E34/><V75/><F75/><W99/><G25/><T104/><D24/><U113/><E113/><V72/><F72/><W0/><G118/><T50/><D114/><N who="2" m="43562" /><F27/><W66/><G66/><T12/><D26/><U111/><E111/><V79/><F79/><W44/><G117/><N who="2" m="45129" /><F108/><W1/><G44/><T16/><D109/><U123/><E123/><V6/><F6/><W131/><G131/><T54/><D30/><U110/><E110/><V102/><F105/><RYUUKYOKU ba="4,2" sc="188,-15,312,15,240,15,240,-15" hai1="5,7,8,9,13,15,48,53,59,61,85,91,93" hai2="96,98,101,102" />
</Scene>
<Scene>
<INIT seed="1,5,2,4,3,61" ten="173,327,255,225" oya="1" hai0="40,20,50,30,31,117,133,88,56,89,109,38,67" hai1="4,95,45,98,63,37,7,22,131,23,51,18,55" hai2="118,62,87,34,36,15,111,75,11,26,81,122,104" hai3="77,35,13,92,93,14,65,96,115,8,24,28,25"/><U82/><E131/><V134/><F87/><W1/><G115/><T47/><D117/><U54/><E37/><V125/><F81/><W99/><G77/><T16/><D109/><U64/><E82/><V100/><F75/><W119/><G119/><T105/><D105/><U79/><E79/><V60/><F62/><W29/><G1/><T49/><D133/><U43/><E4/><V110/><F60/><W101/><G8/><T124/><D124/><U52/><E7/><V27/><F36/><W85/><G85/><T113/><D113/><U135/><E135/><V130/><F100/><W102/><REACH who="3" step="1"/><G65/><REACH who="3" ten="173,327,255,215" step="2"/><T106/><D67/><U74/><E74/><V42/><F11/><W44/><G44/><T132/><D132/><U72/><E72/><V108/><F118/><W10/><G10/><T120/><D120/><U12/><E22/><AGARI ba="5,3" hai="13,14,22,24,25,28,29,35,92,93,96,99,101,102" machi="22" ten="30,3900,0" yaku="1,1,7,1,9,1,53,0" doraHai="61" doraHaiUra="3" who="3" fromWho="1" sc="173,0,327,-54,255,0,215,84" />
</Scene>
<Scene>
<INIT seed="2,0,0,5,5,17" ten="173,273,255,299" oya="2" hai0="32,125,2,4,31,97,13,27,61,16,70,93,87" hai1="106,84,11,104,19,6,57,120,75,52,69,83,24" hai2="43,10,129,0,77,51,63,50,56,41,116,94,112" hai3="119,133,131,5,135,123,15,1,115,14,130,79,90"/><V47/><F77/><W89/><G79/><T122/><D122/><U34/><E69/><V111/><F94/><W54/><G54/><T88/><D125/><U108/><E75/><V82/><F82/><W20/><G123/><T29/><D29/><U110/><E120/><V36/><F0/><W35/><G35/><T48/><D48/><N who="1" m="30855" /><E34/><V73/><F10/><N who="3" m="2351" /><G90/><T81/><D2/><U44/><E44/><N who="2" m="23591" /><F73/><W38/><G89/><T37/><D4/><U66/><E66/><N who="2" m="39271" /><F116/><W9/><G38/><T98/><D37/><U40/><E40/><V105/><F105/><W55/><G55/><T7/><D7/><U99/><E99/><V28/><F112/><W60/><G60/><T80/><D80/><U103/><E103/><V86/><F86/><W132/><G115/><T46/><D46/><U102/><E102/><V127/><F50/><W100/><G100/><T95/><D95/><U62/><E6/><V18/><F51/><W26/><G119/><T23/><REACH who="0" step="1"/><D81/><REACH who="0" ten="163,273,255,299" step="2"/><U42/><E83/><V45/><F47/><W53/><G53/><T114/><D114/><U33/><E104/><V74/><F45/><W121/><G121/><T92/><D92/><U49/><E106/><V65/><F74/><W101/><G101/><T118/><D118/><U134/><E42/><V71/><F43/><W78/><G78/><T12/><D12/><N who="3" m="4649" /><G9/><T64/><AGARI ba="0,1" hai="13,16,23,27,31,32,61,64,70,87,88,93,97,98" machi="64" ten="30,8000,1" yaku="1,1,0,1,52,1,54,2,53,0" doraHai="17" doraHaiUra="107" who="0" fromWho="0" sc="163,90,273,-20,255,-40,299,-20" />
</Scene>
<Scene>
<INIT seed="3,0,0,0,0,56" ten="253,253,215,279" oya="3" hai0="21,98,57,45,37,91,89,38,69,29,22,48,100" hai1="115,59,36,72,93,134,82,53,28,50,83,41,31" hai2="88,32,95,23,86,65,125,112,94,17,26,132,15" hai3="104,73,44,27,81,8,90,30,51,87,33,74,55"/><W66/><G104/><T61/><D69/><U67/><E115/><V131/><F112/><W10/><G10/><T60/><D38/><U62/><E134/><V6/><F132/><W54/><G66/><T1/><D1/><U85/><E72/><V18/><F6/><W4/><REACH who="3" step="1"/><G55/><REACH who="3" ten="253,253,215,269" step="2"/><T42/><D37/><U25/><E36/><V84/><F65/><W70/><G70/><T76/><D76/><U58/><E41/><V107/><F107/><W40/><G40/><T118/><D118/><U47/><E67/><V2/><F2/><AGARI ba="0,1" hai="2,4,8,27,30,33,44,51,54,73,74,81,87,90" machi="2" ten="30,2900,0" yaku="1,1,7,1,53,0" doraHai="56" doraHaiUra="119" who="3" fromWho="2" sc="253,0,253,0,215,-29,269,39" />
</Scene>
<Scene>
<INIT seed="3,1,0,5,0,74" ten="253,253,186,308" oya="3" hai0="42,16,5,39,14,63,61,117,115,28,3,86,56" hai1="52,71,122,129,67,55,121,77,44,75,46,85,26" hai2="102,89,134,8,88,49,36,23,24,0,4,100,103" hai3="64,21,125,78,119,50,53,47,83,48,70,104,120"/><W98/><G119/><T91/><D117/><U132/><E75/><V27/><F36/><W25/><G120/><T69/><D115/><U109/><E109/><V123/><F134/><W58/><G125/><T37/><D28/><U20/><E132/><V43/><F123/><W7/><G7/><T65/><D3/><U30/><E129/><V113/><F113/><W106/><G70/><T15/><D5/><U128/><E128/><V110/><F110/><W10/><G10/><T80/><D42/><U32/><E121/><V133/><F133/><W76/><G98/><T19/><D14/><U90/><E122/><V59/><F24/><W114/><G114/><T29/><D29/><U45/><E32/><V118/><F118/><W62/><G48/><T54/><REACH who="0" step="1"/><D19/><REACH who="0" ten="243,253,186,308" step="2"/><U135/><E135/><V41/><F43/><W94/><G94/><T9/><AGARI ba="1,1" hai="9,15,16,37,39,54,56,61,63,65,69,80,86,91" machi="9" ten="20,8000,1" yaku="1,1,2,1,0,1,7,1,54,1,53,0" doraHai="74" doraHaiUra="112" who="0" fromWho="0" sc="243,93,253,-21,186,-21,308,-41" />
</Scene>
<Scene>
<INIT seed="4,0,0,5,5,3" ten="336,232,165,267" oya="0" hai0="113,100,51,76,120,60,108,22,29,117,10,16,32" hai1="55,82,77,9,19,34,68,26,21,95,128,11,107" hai2="42,18,53,13,37,103,70,81,72,110,131,74,109" hai3="4,75,45,134,115,116,83,23,94,91,27,40,14"/><T6/><D117/><U119/><E107/><V123/><F123/><W8/><G116/><T69/><D120/><U80/><E119/><V127/><F70/><W12/><G134/><T121/><D121/><U63/><E128/><V78/><F74/><W97/><G115/><T125/><D113/><U48/><E34/><V24/><F103/><W56/><G56/><T43/><D125/><U30/><E68/><V87/><F72/><W112/><G112/><T1/><D100/><U2/><E63/><V90/><F78/><W92/><G75/><T96/><D96/><U50/><E50/><V25/><F53/><W46/><G83/><T39/><D39/><U122/><E122/><V58/><F58/><W86/><G14/><T98/><D98/><U44/><E77/><V35/><F42/><W64/><G64/><T132/><D132/><U85/><E2/><V89/><F37/><W84/><G40/><T104/><D104/><U36/><E36/><V54/><F89/><W57/><G57/><T0/><D0/><U126/><E126/><V15/><F54/><W133/><G133/><T5/><D5/><U59/><E44/><V114/><F127/><W52/><G52/><T20/><D76/><U31/><E95/><V118/><F114/><W135/><G135/><T130/><D130/><U79/><E82/><V38/><F131/><W62/><G62/><T61/><D69/><U124/><E124/><V41/><F38/><W49/><G49/><T99/><D61/><U71/><E71/><V129/><F118/><W111/><G111/><T33/><D108/><U47/><E47/><RYUUKYOKU ba="0,0" sc="336,-10,232,30,165,-10,267,-10" hai1="9,11,19,21,26,30,31,48,55,59,79,80,85" />
</Scene>
<Scene>
<INIT seed="5,1,0,1,4,21" ten="326,262,155,257" oya="1" hai0="116,91,28,13,61,86,47,87,8,121,114,110,93" hai1="74,128,112,63,39,46,7,25,40,75,32,5,100" hai2="70,9,96,101,51,17,20,134,29,26,2,11,59" hai3="117,129,65,98,38,131,124,82,19,27,30,78,92"/><U135/><E112/><V127/><F70/><W119/><G38/><T67/><D116/><N who="3" m="44617" /><G65/><T89/><D110/><U18/><E128/><N who="3" m="49226" /><G19/><T48/><D114/><U36/><E135/><V60/><F134/><W53/><G53/><T71/><D121/><U4/><E39/><V50/><F17/><W37/><G37/><T81/><D28/><U35/><E100/><V102/><F102/><N who="3" m="60743" /><G124/><T77/><D77/><U42/><E42/><V83/><F127/><W113/><G113/><T79/><D79/><U84/><E63/><V133/><F60/><W73/><G30/><T41/><D13/><U58/><E58/><V44/><F59/><W122/><G27/><T23/><D23/><U111/><E18/><V105/><F2/><W68/><G68/><T120/><D120/><AGARI ba="1,0" hai="73,78,82,120,122" m="60743,49226,44617" machi="120" ten="30,7700,0" yaku="12,1,19,1,34,2" doraHai="21" who="3" fromWho="0" sc="326,-80,262,0,155,0,257,80" />
</Scene>
<Scene>
<INIT seed="6,0,0,5,1,128" ten="246,262,155,337" oya="2" hai0="35,89,82,14,65,60,96,17,61,80,0,112,56" hai1="55,83,121,29,78,31,32,6,64,69,73,20,94" hai2="44,41,26,57,119,7,10,51,24,103,11,134,93" hai3="52,25,90,23,92,85,63,16,91,8,77,86,28"/><V18/><F119/><W34/><G77/><T102/><D112/><U108/><E108/><V130/><F130/><W122/><G122/><T124/><D124/><U47/><E121/><V68/><F68/><W120/><G120/><T42/><D35/><U71/><E32/><V87/><F57/><W9/><G34/><T66/><D0/><U2/><E69/><V125/><F125/><W59/><G28/><T75/><D75/><U97/><E20/><V3/><F134/><W129/><G129/><T70/><D42/><U58/><E47/><V53/><F41/><W105/><G105/><T43/><D43/><U114/><E114/><V50/><F50/><W40/><G40/><T79/><D89/><U67/><E6/><V5/><F18/><W131/><G131/><T118/><D79/><U111/><E2/><V99/><REACH who="2" step="1"/><F87/><REACH who="2" ten="246,262,145,337" step="2"/><W123/><G123/><T98/><D118/><U133/><E133/><V74/><F74/><W81/><AGARI ba="0,1" hai="8,9,16,23,25,52,59,63,81,85,86,90,91,92" machi="81" ten="20,8000,1" yaku="0,1,7,1,8,1,54,2" doraHai="128" who="3" fromWho="3" sc="246,-20,262,-20,145,-40,337,90" />
</Scene>
<Scene>
<INIT seed="7,0,0,0,2,48" ten="226,242,105,427" oya="3" hai0="56,82,15,112,59,128,114,88,98,126,34,51,123" hai1="75,86,105,125,74,109,83,12,14,0,106,101,7" hai2="31,61,122,43,25,36,96,71,127,46,79,40,24" hai3="110,113,69,81,111,99,77,119,47,30,41,2,60"/><W39/><G2/><T50/><D123/><U91/><E109/><V70/><F79/><W22/><G119/><T4/><D34/><U29/><E0/><V32/><F25/><W97/><G22/><T10/><D126/><U134/><E29/><V8/><F8/><W80/><G30/><T65/><D128/><U117/><E7/><V3/><F3/><W45/><G113/><N who="0" m="43627" /><D65/><U118/><E125/><V78/><F127/><W107/><G47/><T44/><D51/><U100/><E134/><V132/><F132/><W9/><G9/><T124/><D124/><U131/><E131/><V11/><F11/><W102/><G97/><T54/><D98/><U18/><E18/><V33/><F33/><W52/><G81/><T55/><D55/><U133/><E133/><V66/><F96/><W130/><G130/><T58/><D88/><U63/><E63/><V19/><F19/><W27/><G27/><T1/><D82/><U116/><E14/><AGARI ba="0,0" hai="1,4,10,14,15,44,50,54,56,58,59" m="43627" machi="14" ten="30,3900,0" yaku="15,1,11,1,52,1" doraHai="48" who="0" fromWho="1" sc="226,39,242,-39,105,0,427,0" owari="265,7.0,203,-20.0,105,-39.0,427,52.0" />
</Scene>
</mjloggm>