<mjloggm ver="2.3"><GO type="169" lobby="0"/><UN n0="%EF%BC%A0%E6%A3%AE" n1="%74%61%63%6F%73" n2="%41%53%41%50%49%4E" n3="%E2%99%AA%E3%83%A2%E3%83%8E%E3%82%AF%E3%83%AD" dan="17,17,18,18" rate="2129,2108,2206,2219" sx="F,M,M,F"/><TAIKYOKU oya="0"/>

<Scene>
<INIT seed="0,0,0,1,0,97" ten="250,250,250,250" oya="0" hai0="36,23,39,94,119,49,10,79,129,33,12,135,51" hai1="54,75,70,98,35,4,38,30,55,125,67,109,81" hai2="118,101,107,71,80,34,0,58,91,120,26,5,99" hai3="131,126,46,13,134,29,7,73,43,124,87,64,18"/><T111/><D119/><U84/><E38/><V74/><F118/><W19/><G73/><T115/><D115/><U40/><E40/><V27/><F58/><W103/><G131/><T50/><D129/><U68/><E75/><V89/><F120/><W104/><G134/><T82/><D135/><U86/><E4/><V32/><F27/><W45/><G29/><T121/><D121/><U15/><E15/><V63/><F89/><W106/><G64/><T6/><D33/><U108/><E125/><N who="3" m="48234" /><G87/><T90/><D111/><N who="1" m="42571" /><E98/><V24/><F91/><W100/><G7/><T96/><REACH who="0" step="1"/><D23/><REACH who="0" ten="240,250,250,250" step="2"/><U127/><E127/><V47/><F32/><W122/><G122/><T123/><D123/><U65/><E35/><V88/><F34/><W41/><G41/><T60/><D60/><U42/><E42/><V102/><F63/><W61/><G61/><T21/><D21/><U95/><E68/><V114/><F71/><W28/><G43/><T132/><D132/><U113/><E70/><V56/><F114/><W22/><G28/><T1/><D1/><U11/><E113/><V17/><F0/><W72/><G19/><T128/><D128/><U16/><E16/><V76/><F17/><W57/><G22/><T53/><D53/><U110/><E55/><V2/><F2/><W116/><G18/><T59/><D59/><U20/><E54/><V78/><F56/><W66/><G116/><T69/><D69/><U44/><E20/><V31/><F31/><W92/><G57/><T62/><D62/><U52/><N who="1" m="42579" /><U14/><DORA hai="37" /><E30/><V85/><F26/><W105/><G66/><RYUUKYOKU ba="0,1" sc="240,30,250,-10,250,-10,250,-10" hai0="6,10,12,36,39,49,50,51,79,82,90,94,96" />
</Scene>
<Scene>
<INIT seed="0,1,1,5,3,125" ten="270,240,240,240" oya="0" hai0="80,69,88,78,126,4,41,23,128,61,98,52,107" hai1="76,46,74,12,26,8,11,60,91,14,2,109,122" hai2="17,124,95,16,108,24,28,51,40,134,30,49,79" hai3="37,81,130,29,25,35,129,73,43,66,31,93,117"/><T62/><D126/><U113/><E122/><V100/><F124/><W39/><G117/><T55/><D41/><U106/><E106/><V115/><F115/><W102/><G66/><T33/><D33/><U114/><E109/><V105/><F105/><W94/><G31/><N who="2" m="11817" /><F134/><W64/><G64/><T84/><D4/><U133/><E133/><V83/><F40/><W71/><G71/><T27/><D128/><N who="3" m="49257" /><G102/><T15/><D15/><U36/><E2/><V50/><F24/><W116/><G116/><T68/><D68/><U135/><E26/><V44/><F44/><N who="3" m="23663" /><G39/><T0/><D69/><U101/><E36/><V110/><F108/><W132/><G132/><T72/><D0/><U90/><E135/><V32/><F100/><W118/><G118/><T63/><D107/><U38/><E101/><V59/><F110/><W103/><G103/><T121/><D121/><U99/><E38/><V21/><F32/><W82/><G73/><T89/><D72/><U85/><E74/><V54/><F54/><N who="0" m="20522" /><D98/><U104/><E99/><V70/><F70/><W92/><AGARI ba="1,1" hai="25,29,35,81,82,92,93,94" m="23663,49257" machi="92" ten="30,7900,0" yaku="19,1,52,3" doraHai="125" who="3" fromWho="3" sc="270,-40,240,-21,240,-21,240,92" />
</Scene>
<Scene>
<INIT seed="1,0,0,4,3,48" ten="230,219,219,332" oya="1" hai0="81,16,132,5,12,18,118,115,24,105,26,1,100" hai1="83,13,78,49,134,35,8,33,36,17,126,77,76" hai2="128,32,119,54,91,93,28,22,133,102,30,25,79" hai3="135,112,117,99,2,129,80,113,70,94,65,110,46"/><U63/><E36/><V0/><F119/><W37/><G2/><T130/><D118/><U92/><E126/><V3/><F128/><W88/><G117/><T62/><D130/><U103/><E134/><V41/><F133/><W44/><G129/><T106/><D132/><U56/><E49/><V84/><F41/><W20/><G135/><T10/><D115/><U86/><E33/><V9/><F79/><W104/><G104/><T89/><D18/><U40/><E40/><V101/><F30/><W121/><G121/><T61/><D105/><U75/><E35/><V114/><F114/><W34/><G34/><T72/><D106/><U53/><REACH who="1" step="1"/><E75/><REACH who="1" ten="230,209,219,332" step="2"/><V73/><F73/><W43/><G37/><T4/><D72/><U60/><E60/><V57/><F32/><W39/><G39/><T120/><D62/><U109/><E109/><V58/><F3/><W51/><G110/><T68/><D61/><U50/><E50/><V23/><F0/><W122/><G112/><T74/><D1/><U42/><E42/><V45/><F45/><W82/><G113/><T52/><D74/><U131/><E131/><V11/><F57/><W6/><G46/><T19/><D120/><U107/><E107/><V123/><F123/><W55/><G122/><T15/><D68/><U95/><E95/><V21/><F58/><W27/><G70/><T90/><D81/><U111/><E111/><V31/><F93/><W67/><G82/><T64/><D64/><U47/><E47/><V96/><F28/><N who="3" m="17511" /><G80/><T14/><D10/><U97/><AGARI ba="0,1" hai="8,13,17,53,56,63,76,77,78,83,86,92,97,103" machi="97" ten="30,11700,0" yaku="1,1,0,1,8,1,52,1,53,0" doraHai="48" doraHaiUra="125" who="1" fromWho="1" sc="230,-39,209,127,219,-39,332,-39" />
</Scene>
<Scene>
<INIT seed="1,1,0,1,1,78" ten="191,336,180,293" oya="1" hai0="128,80,113,53,75,55,13,88,50,70,46,52,32" hai1="94,100,101,3,119,74,47,129,57,20,21,82,68" hai2="9,83,36,84,105,111,79,1,42,126,115,11,121" hai3="14,23,71,77,51,72,66,112,123,19,18,133,43"/><U91/><E119/><V16/><F121/><W59/><G112/><T92/><D113/><U7/><E68/><V87/><F115/><W69/><G123/><T54/><D128/><U99/><E129/><V134/><F105/><W127/><G127/><T108/><D108/><U22/><E57/><V85/><F111/><W39/><G133/><T130/><D130/><U120/><E120/><V118/><F118/><W131/><G131/><T48/><D32/><U61/><E61/><V24/><F134/><W98/><G39/><T44/><D70/><U67/><E67/><V106/><F106/><W95/><G43/><T124/><D124/><U4/><E47/><V107/><F107/><W5/><G5/><T45/><D13/><U30/><E30/><V58/><F126/><W41/><G41/><T56/><D75/><U33/><E33/><V104/><F104/><W97/><G97/><N who="0" m="57479" /><D80/><U17/><E17/><V27/><F58/><AGARI ba="1,0" hai="44,45,46,48,50,52,53,54,55,56,58" m="57479" machi="58" ten="30,3900,0" yaku="8,1,54,2" doraHai="78" who="0" fromWho="2" sc="191,42,336,0,180,-42,293,0" />
</Scene>
<Scene>
<INIT seed="2,0,0,1,5,110" ten="233,336,138,293" oya="2" hai0="42,132,18,120,30,101,76,71,97,25,103,67,16" hai1="29,10,8,26,9,48,64,31,115,70,85,119,2" hai2="94,36,105,17,89,12,100,73,28,104,7,52,116" hai3="50,78,117,102,93,127,134,37,43,122,128,96,124"/><V54/><F116/><W47/><G122/><T113/><D120/><U38/><E38/><V61/><F36/><W49/><G117/><T81/><D132/><U15/><E119/><V45/><F73/><W83/><G128/><T5/><D5/><U6/><E115/><V109/><F109/><W106/><G106/><T0/><D0/><U66/><E70/><V21/><F100/><W123/><G134/><T57/><D113/><U39/><E39/><V19/><F7/><W69/><G69/><T87/><D71/><U35/><E29/><V23/><F28/><W107/><G107/><T99/><D42/><U90/><E48/><V82/><F82/><W1/><G1/><T135/><D135/><U40/><E40/><V108/><F108/><W77/><G123/><T86/><D67/><U84/><E84/><V80/><F80/><W126/><REACH who="3" step="1"/><G78/><REACH who="3" ten="233,336,138,283" step="2"/><T74/><D76/><U55/><E2/><V56/><F45/><W63/><G63/><T53/><D57/><U75/><E75/><AGARI ba="0,1" hai="37,43,47,49,50,75,77,83,93,96,102,124,126,127" machi="75" ten="40,5200,0" yaku="1,1,18,1,53,1" doraHai="110" doraHaiUra="79" who="3" fromWho="1" sc="233,0,336,-52,138,0,283,62" />
</Scene>
<Scene>
<INIT seed="3,0,0,4,3,74" ten="233,284,138,345" oya="3" hai0="46,27,73,92,88,72,82,31,64,106,22,6,5" hai1="119,95,113,33,83,16,8,97,91,70,53,115,63" hai2="90,38,23,111,12,86,75,29,21,28,121,62,77" hai3="14,93,107,48,125,81,3,52,41,109,47,99,120"/><W50/><G3/><T114/><D106/><U103/><E33/><V124/><F38/><W112/><G112/><T105/><D105/><U108/><E108/><V126/><F111/><W1/><G1/><T128/><D128/><U15/><E119/><V4/><F121/><W49/><G109/><T54/><D114/><U57/><REACH who="1" step="1"/><E70/><REACH who="1" ten="233,274,138,345" step="2"/><V44/><F124/><W69/><G69/><T84/><D64/><U59/><E59/><V76/><F126/><W56/><G125/><T79/><REACH who="0" step="1"/><D73/><REACH who="0" ten="223,274,138,345" step="2"/><U34/><E34/><V135/><F75/><W30/><G120/><T85/><D85/><AGARI ba="0,2" hai="8,15,16,53,57,63,83,85,91,95,97,103,113,115" machi="85" ten="40,2600,0" yaku="1,1,54,1,53,0" doraHai="74" doraHaiUra="100" who="1" fromWho="0" sc="223,-26,274,46,138,0,345,0" />
</Scene>
<Scene>
<INIT seed="4,0,0,2,4,49" ten="197,320,138,345" oya="0" hai0="133,119,111,104,84,63,71,62,25,105,91,44,124" hai1="27,77,48,57,2,47,11,37,83,52,32,3,78" hai2="110,40,42,5,65,109,134,68,8,0,51,93,6" hai3="10,126,118,13,61,123,96,132,88,23,50,58,99"/><T43/><D119/><U53/><E78/><V46/><F134/><W1/><G118/><T41/><D133/><U114/><E114/><V75/><F75/><W64/><G132/><T79/><D124/><U80/><E11/><V120/><F120/><W9/><G126/><T33/><D111/><U87/><E80/><V106/><F106/><W16/><G123/><T94/><D43/><U122/><E122/><V29/><F6/><W28/><G1/><T31/><D79/><U24/><E37/><V97/><F29/><W101/><G28/><T85/><D85/><U67/><E67/><V54/><F65/><W103/><G50/><T56/><D71/><U130/><E130/><V72/><F72/><W92/><REACH who="3" step="1"/><G103/><REACH who="3" ten="197,320,138,335" step="2"/><T35/><D63/><U82/><E2/><V107/><F110/><W74/><G74/><T89/><D35/><U135/><E3/><V116/><F109/><W117/><G117/><T108/><D108/><U15/><E135/><V12/><F0/><W112/><G112/><T125/><D125/><U22/><E32/><V21/><F116/><W55/><G55/><T70/><D70/><U131/><E131/><V121/><F68/><W98/><G98/><T34/><D33/><U90/><E53/><V129/><F121/><W20/><G20/><T39/><D91/><U30/><E30/><V19/><F129/><W66/><G66/><AGARI ba="0,1" hai="25,31,34,39,41,44,56,62,66,84,89,94,104,105" machi="66" ten="30,1500,0" yaku="7,1" doraHai="49" who="0" fromWho="3" sc="197,25,320,0,138,0,335,-15" />
</Scene>
<Scene>
<INIT seed="4,1,0,3,3,60" ten="222,320,138,320" oya="0" hai0="45,84,10,109,118,117,40,72,135,73,134,32,16" hai1="28,9,66,53,26,67,83,92,0,116,80,122,23" hai2="62,64,104,33,37,85,101,3,115,125,81,128,112" hai3="47,103,100,29,8,54,42,108,13,35,75,71,86"/><T38/><D32/><U93/><E116/><N who="0" m="44649" /><D84/><U98/><E122/><V126/><F33/><W119/><G75/><T2/><D109/><U69/><E69/><V11/><F37/><W27/><G108/><T110/><D110/><U61/><E0/><V70/><F128/><W89/><G119/><T44/><D44/><U114/><E9/><V78/><F101/><W39/><G54/><T127/><D127/><N who="2" m="48650" /><F104/><W124/><G71/><T87/><D87/><U91/><E93/><V96/><F96/><W130/><G130/><T30/><D30/><U24/><E114/><N who="2" m="43563" /><F11/><W49/><G39/><T20/><D2/><AGARI ba="1,0" hai="2,3,62,64,70,78,81,85" m="43563,48650" machi="2" ten="30,3900,0" yaku="18,1,15,1,52,1" doraHai="60" who="2" fromWho="0" sc="222,-42,320,0,138,42,320,0" />
</Scene>
<Scene>
<INIT seed="5,0,0,4,0,51" ten="180,320,180,320" oya="1" hai0="25,109,106,44,90,133,105,38,101,24,126,53,131" hai1="13,60,123,79,119,33,91,5,15,73,28,6,104" hai2="46,107,111,40,17,125,50,94,95,49,57,108,98" hai3="66,132,75,45,122,88,7,48,16,112,41,99,35"/><U80/><E119/><V92/><F125/><W30/><G122/><T115/><D126/><U129/><E104/><V89/><F17/><W1/><G75/><T110/><D115/><U77/><E123/><V21/><F21/><W47/><G132/><T78/><D133/><U34/><E79/><V58/><F107/><W14/><G112/><T118/><D131/><U135/><E135/><V32/><F32/><W97/><G7/><T62/><D118/><U84/><E129/><V93/><REACH who="2" step="1"/><F58/><REACH who="2" ten="180,320,170,320" step="2"/><W68/><G35/><T69/><D106/><U102/><E33/><V127/><F127/><W27/><G16/><T37/><D105/><U54/><E34/><V59/><F59/><W114/><G114/><T96/><D110/><U8/><E28/><V103/><F103/><W70/><G30/><T128/><D109/><U116/><E102/><V0/><F0/><W72/><G1/><T86/><D128/><U120/><E120/><V11/><F11/><W43/><G68/><T64/><D69/><U12/><E116/><V39/><F39/><W65/><G70/><T87/><D37/><U52/><E6/><V82/><F82/><W117/><G117/><T56/><D38/><U130/><E130/><V113/><F113/><W26/><G14/><T20/><D101/><U55/><REACH who="1" step="1"/><E60/><REACH who="1" ten="180,310,170,320" step="2"/><V85/><F85/><W74/><G48/><T42/><D87/><U124/><E124/><V83/><F83/><AGARI ba="0,2" hai="5,8,12,13,15,52,54,55,73,77,80,83,84,91" machi="83" ten="40,24000,3" yaku="1,1,52,3,54,1,53,3" doraHai="51" doraHaiUra="10" who="1" fromWho="2" sc="180,0,310,260,170,-240,320,0" owari="180,-22.0,570,67.0,-70,-57.0,320,12.0" />
</Scene>
</mjloggm>