<mjloggm ver="2.3"><GO type="169"/><UN n0="%E3%83%8F%E3%83%A1%E3%83%89%E4%BA%8C%E4%B8%96" n1="%E6%A1%9C%E7%8C%AB" n2="%41%53%41%50%49%4E" n3="%E5%B2%A1%E6%9D%91" dan="16,16,19,17" rate="2093,2030,2193,2093" sx="M,F,M,M"/><TAIKYOKU oya="0"/>

<Scene>
<INIT seed="0,0,0,5,3,93" ten="250,250,250,250" oya="0" hai0="44,64,38,72,119,76,47,78,20,35,111,56,81" hai1="113,60,62,51,32,73,4,15,3,74,34,85,102" hai2="52,55,11,108,123,0,67,23,18,103,90,1,46" hai3="84,89,116,91,61,59,70,39,121,104,110,58,45"/><T105/><D119/><U128/><E3/><V124/><F123/><W14/><G116/><T30/><D105/><U29/><E113/><V66/><F108/><W41/><G121/><T63/><D111/><U94/><E128/><V65/><F124/><W126/><G126/><T53/><D78/><U43/><E74/><V12/><F103/><W86/><G110/><T9/><D35/><U101/><E73/><V122/><F122/><W27/><G27/><T125/><D125/><U88/><E32/><V134/><F134/><W95/><G104/><T80/><D80/><U75/><E34/><V48/><F90/><W71/><G14/><T109/><D109/><U37/><E29/><V36/><F36/><W132/><G132/><T68/><D30/><U33/><E33/><V10/><F0/><W79/><G79/><T8/><D20/><U97/><E37/><V25/><F1/><W19/><G19/><T69/><D47/><U40/><E75/><V100/><F100/><W87/><G89/><T106/><D106/><U5/><E102/><V16/><F55/><W82/><G82/><T13/><D8/><AGARI ba="0,0" hai="8,10,11,12,16,18,23,25,46,48,52,65,66,67" machi="8" ten="40,5200,0" yaku="8,1,54,2" doraHai="93" who="2" fromWho="0" sc="250,-52,250,0,250,52,250,0" />
</Scene>
<Scene>
<INIT seed="1,0,0,2,4,88" ten="198,250,302,250" oya="1" hai0="132,118,44,83,16,106,53,122,110,109,115,18,28" hai1="93,37,62,135,46,7,30,99,64,76,85,40,60" hai2="25,73,65,133,134,72,124,107,98,27,105,3,70" hai3="33,103,71,75,127,131,95,52,126,49,13,57,1"/><U78/><E135/><N who="2" m="51723" /><F3/><W125/><G71/><T34/><D106/><N who="2" m="40458" /><F98/><N who="3" m="59871" /><G131/><T89/><D34/><U22/><E7/><V19/><F19/><W102/><G102/><T128/><D28/><U55/><E85/><V74/><F124/><W20/><G33/><T54/><D115/><U79/><E55/><V17/><F17/><N who="0" m="6762" /><D118/><U24/><REACH who="1" step="1"/><E64/><REACH who="1" ten="198,240,302,250" step="2"/><V21/><F65/><W63/><G1/><T56/><D132/><U9/><E9/><V96/><F96/><W87/><G87/><N who="0" m="50431" /><D122/><U101/><AGARI ba="0,1" hai="22,24,30,37,40,46,60,62,76,78,79,93,99,101" machi="101" ten="30,6000,0" yaku="1,1,0,1,52,1,53,0" doraHai="88" doraHaiUra="4" who="1" fromWho="1" sc="198,-20,240,70,302,-20,250,-20" />
</Scene>
<Scene>
<INIT seed="1,1,0,1,4,14" ten="178,310,282,230" oya="1" hai0="106,119,95,63,28,12,65,62,16,6,110,135,91" hai1="86,10,126,132,13,34,116,18,0,124,85,37,3" hai2="134,118,20,52,44,8,67,22,82,54,122,107,57" hai3="39,53,38,48,30,120,58,61,26,36,55,51,46"/><U131/><E37/><V84/><F118/><W24/><G120/><T50/><D119/><U41/><E116/><V21/><F122/><W81/><G81/><T19/><D106/><U97/><E41/><V9/><F107/><W127/><G127/><N who="1" m="48682" /><E34/><V117/><F117/><W56/><G30/><T109/><D135/><U90/><E132/><V115/><F115/><W45/><G24/><T2/><D2/><N who="1" m="555" /><E131/><V31/><F31/><W94/><G26/><T32/><D32/><U17/><E97/><V80/><F134/><W35/><G94/><T102/><D102/><U74/><E74/><V11/><F44/><N who="3" m="17003" /><G35/><T96/><D28/><U64/><E64/><V15/><F15/><W87/><G87/><N who="1" m="33290" /><E90/><V130/><F130/><W29/><G29/><T114/><D114/><U71/><E71/><V104/><F104/><W88/><G88/><N who="0" m="55399" /><D50/><AGARI ba="1,0" hai="36,38,39,48,50,51,53,55,56,58,61" m="17003" machi="50" ten="40,8000,1" yaku="35,5" doraHai="14" who="3" fromWho="0" sc="178,-83,310,0,282,0,230,83" />
</Scene>
<Scene>
<INIT seed="2,0,0,3,3,69" ten="95,310,282,313" oya="2" hai0="95,49,51,56,105,47,57,0,71,108,20,72,87" hai1="129,52,28,32,34,107,84,60,125,29,38,31,2" hai2="85,134,13,9,4,92,37,109,132,90,112,116,97" hai3="128,121,94,11,45,114,104,24,58,3,25,103,63"/><V23/><F112/><W75/><G121/><T126/><D72/><U36/><E107/><V124/><F116/><W77/><G104/><T48/><D105/><U16/><E2/><V133/><F124/><W82/><G114/><T98/><D0/><U67/><E125/><V44/><F109/><W27/><G128/><T79/><D71/><U117/><E117/><V115/><F115/><W55/><G45/><T74/><D74/><U110/><E129/><V43/><REACH who="2" step="1"/><F23/><REACH who="2" ten="95,310,272,313" step="2"/><W39/><G39/><T88/><D108/><U26/><E110/><V18/><F18/><W21/><G21/><T46/><D126/><U93/><E34/><V113/><F113/><W33/><G33/><T17/><D47/><U99/><E32/><V91/><F91/><W73/><G103/><T120/><D46/><U50/><E16/><V54/><F54/><W78/><G55/><T65/><D120/><U111/><E111/><V131/><F131/><W5/><G77/><T123/><D123/><U22/><E38/><V135/><N who="2" m="33792" /><DORA hai="130" /><V10/><F10/><W89/><G78/><T96/><D65/><U6/><E36/><V19/><F19/><W61/><G11/><T59/><REACH who="0" step="1"/><D79/><REACH who="0" ten="85,310,272,313" step="2"/><U41/><E67/><V30/><F30/><W119/><G119/><T101/><D101/><U106/><E29/><V53/><F53/><W76/><G76/><T8/><D8/><U12/><E31/><V66/><F66/><W1/><G73/><T42/><D42/><U15/><E41/><V86/><AGARI ba="0,2" hai="4,9,13,37,43,44,85,86,90,92,97" m="33792" machi="86" ten="60,24000,3" yaku="1,1,0,1,20,1,52,5,53,1" doraHai="69,130" doraHaiUra="14,68" who="2" fromWho="2" sc="85,-80,310,-80,272,260,313,-80" />
</Scene>
<Scene>
<INIT seed="2,1,0,3,3,89" ten="5,230,532,233" oya="2" hai0="3,46,73,64,15,54,70,52,30,49,97,106,93" hai1="108,44,104,21,134,74,50,101,13,128,90,132,111" hai2="25,68,26,123,59,48,126,115,8,72,95,91,86" hai3="56,22,19,105,69,85,40,6,9,135,121,83,109"/><V37/><F115/><W28/><G69/><T92/><D3/><U88/><E74/><V14/><F123/><W125/><G121/><T12/><D73/><U18/><E128/><V114/><F114/><W65/><G105/><T87/><D70/><U113/><E113/><V63/><F72/><W24/><G135/><N who="1" m="51754" /><E101/><V81/><F37/><W7/><G125/><T107/><D106/><U119/><E104/><V36/><F36/><W43/><G109/><N who="1" m="42058" /><E119/><V110/><F126/><W103/><G103/><N who="0" m="60847" /><D107/><U116/><E116/><V38/><F38/><W96/><G96/><T29/><D64/><U80/><E80/><V84/><F110/><W130/><G130/><T100/><D54/><AGARI ba="1,0" hai="13,18,21,44,50,54,88,90" m="42058,51754" machi="54" ten="30,3900,0" yaku="20,1,14,1,54,1" doraHai="89" who="1" fromWho="0" sc="5,-42,230,42,532,0,233,0" owari="-37,-54.0,272,7.0,532,64.0,233,-17.0" />
</Scene>
</mjloggm>