<mjloggm ver="2.3"><GO type="169" lobby="0"/><UN n0="%41%53%41%50%49%4E" n1="%E3%81%A4%E3%81%B0%E3%81%8D%E3%81%A1%30%33" n2="%EF%BC%A0%E6%A3%AE" n3="%E5%88%87%E3%82%8A%E8%A3%82%E3%81%8D%E3%81%99%E3%81%9A" dan="18,17,17,16" rate="2195,2179,2137,2020" sx="M,M,F,M"/><TAIKYOKU oya="0"/>

<Scene>
<INIT seed="0,0,0,0,1,27" ten="250,250,250,250" oya="0" hai0="134,60,44,71,132,37,3,125,128,58,69,93,0" hai1="31,115,56,52,82,96,14,100,22,109,39,32,4" hai2="36,45,76,9,35,21,47,43,90,104,68,106,8" hai3="48,130,46,30,40,34,50,6,85,65,55,87,53"/><T122/><D93/><N who="1" m="58383" /><E32/><V16/><F35/><W89/><G65/><T5/><D5/><U79/><E39/><V91/><F68/><W86/><G130/><T38/><D0/><U117/><E109/><V114/><F114/><W57/><G6/><T88/><D3/><U94/><E117/><V41/><F76/><W92/><G34/><T74/><D74/><U11/><E115/><V131/><F131/><W80/><G30/><T7/><D7/><U112/><E112/><V12/><F106/><W105/><G105/><T118/><D128/><U72/><E72/><V78/><F78/><W126/><G126/><T120/><D118/><U99/><E82/><V17/><F104/><W28/><G28/><T70/><D88/><N who="1" m="55751" /><E79/><V13/><REACH who="2" step="1"/><F21/><REACH who="2" ten="250,250,240,250" step="2"/><W95/><G80/><T124/><D70/><U26/><E56/><V19/><F19/><W127/><G127/><T111/><D58/><U29/><E29/><V81/><F81/><W133/><G95/><T10/><D111/><U101/><E101/><V64/><F64/><W83/><G83/><T113/><D113/><U49/><E49/><AGARI ba="0,1" hai="8,9,12,13,16,17,36,41,43,45,47,49,90,91" machi="49" ten="30,7700,0" yaku="1,1,7,1,9,1,54,1,53,0" doraHai="27" doraHaiUra="107" who="2" fromWho="1" sc="250,0,250,-77,240,87,250,0" />
</Scene>
<Scene>
<INIT seed="1,0,0,2,2,74" ten="250,173,327,250" oya="1" hai0="37,69,102,92,66,40,22,100,123,13,84,104,128" hai1="7,85,28,133,32,111,77,24,62,54,67,76,46" hai2="26,105,107,27,19,56,116,34,52,112,14,50,82" hai3="45,115,65,6,23,132,121,78,5,15,8,118,119"/><U25/><E133/><V95/><F116/><N who="3" m="44587" /><G121/><T120/><D128/><U94/><E111/><V42/><F112/><W134/><G115/><T17/><D104/><U48/><E7/><V72/><F42/><W38/><G65/><T79/><D40/><U114/><E114/><V96/><F105/><W49/><G38/><T20/><D37/><U18/><E18/><V122/><F107/><W58/><G58/><T131/><D131/><U124/><E25/><V41/><F41/><N who="3" m="24751" /><G23/><T33/><D33/><U0/><E0/><V98/><F122/><W30/><G30/><T1/><D20/><U80/><E124/><V109/><F34/><W2/><G5/><T130/><D66/><U110/><E110/><V127/><F127/><W91/><G91/><T108/><D108/><U10/><E10/><V36/><F36/><W75/><G2/><T9/><D1/><U89/><REACH who="1" step="1"/><E80/><AGARI ba="0,0" hai="6,8,15,75,78,80,132,134" m="24751,44587" machi="80" ten="30,2000,0" yaku="12,1,52,1" doraHai="74" who="3" fromWho="1" sc="250,0,173,-20,327,0,250,20" />
</Scene>
<Scene>
<INIT seed="2,0,0,3,1,59" ten="250,153,327,270" oya="2" hai0="31,12,88,68,50,91,122,16,101,53,109,73,67" hai1="2,133,25,47,116,117,37,14,17,51,79,74,81" hai2="19,32,132,4,70,18,84,112,54,42,78,127,66" hai3="13,92,75,120,40,65,129,24,58,62,131,10,71"/><V85/><F112/><W72/><G120/><T125/><D122/><U55/><E133/><V87/><F132/><W6/><G40/><T8/><D73/><U123/><E123/><V104/><F104/><W45/><G45/><T94/><D109/><U36/><E2/><V30/><F127/><W49/><G24/><T76/><D76/><U3/><E3/><V43/><F4/><W11/><G11/><T97/><D125/><U22/><REACH who="1" step="1"/><E25/><REACH who="1" ten="250,143,327,270" step="2"/><V7/><F78/><W38/><G131/><T103/><D31/><U80/><E80/><V100/><F30/><W5/><G129/><T105/><D105/><U108/><E108/><V96/><F32/><W46/><G72/><T89/><D94/><U29/><E29/><V124/><F124/><W9/><G92/><T107/><D107/><U82/><E82/><V69/><F70/><W1/><G75/><T0/><D0/><U99/><E99/><V106/><F69/><W102/><G71/><T15/><D97/><U77/><E77/><V61/><F96/><W56/><G1/><T128/><D128/><U28/><E28/><V93/><F106/><W110/><G110/><T39/><D12/><U52/><E52/><V114/><F54/><W33/><G13/><T86/><D86/><U20/><E20/><V135/><F87/><W134/><G33/><T35/><D35/><U57/><E57/><V60/><F85/><W63/><G58/><T27/><D27/><U23/><E23/><V21/><F21/><W48/><G56/><T119/><D15/><U26/><E26/><V130/><F93/><W44/><G10/><RYUUKYOKU ba="0,1" sc="250,-10,143,30,327,-10,270,-10" hai1="14,17,22,36,37,47,51,55,74,79,81,116,117" />
</Scene>
<Scene>
<INIT seed="3,1,1,3,5,117" ten="240,173,317,260" oya="3" hai0="39,79,123,130,23,8,72,93,20,99,120,35,2" hai1="133,48,134,103,40,92,127,75,118,15,9,44,115" hai2="34,124,106,96,131,53,22,122,125,94,1,61,5" hai3="52,98,6,81,95,119,33,59,108,84,7,129,77"/><W113/><G119/><T41/><D35/><U100/><E75/><V12/><F106/><W24/><G113/><T102/><D130/><U55/><E118/><V51/><F34/><W25/><G129/><T13/><D20/><U18/><E115/><V58/><F131/><W97/><G108/><T14/><D23/><U57/><E127/><N who="2" m="48715" /><F1/><W30/><G25/><T91/><D14/><U11/><E11/><N who="2" m="4207" /><F22/><W111/><G111/><T36/><D91/><U28/><E28/><V32/><F32/><W87/><G87/><T90/><D90/><U54/><E54/><V85/><F85/><W31/><G31/><T128/><D13/><U47/><E47/><V0/><F0/><W88/><REACH who="3" step="1"/><G98/><REACH who="3" ten="240,173,317,250" step="2"/><N who="0" m="59727" /><D128/><U89/><E134/><V107/><F96/><W74/><G74/><T101/><D72/><U83/><E133/><V17/><F107/><W46/><G46/><T80/><D99/><N who="1" m="57743" /><E83/><V70/><F94/><W76/><G76/><T29/><D79/><U56/><E56/><V78/><F78/><W135/><G135/><T3/><D80/><U68/><E68/><V38/><F70/><W66/><G66/><T19/><D29/><U64/><E64/><V37/><F58/><W60/><AGARI ba="1,2" hai="6,7,24,30,33,52,59,60,77,81,84,88,95,97" machi="60" ten="20,18000,2" yaku="1,1,0,1,7,1,54,2,53,1" doraHai="117" doraHaiUra="49" who="3" fromWho="3" sc="240,-61,173,-61,317,-61,250,203" />
</Scene>
<Scene>
<INIT seed="3,2,0,4,1,54" ten="179,112,256,453" oya="3" hai0="3,10,68,122,75,97,104,64,96,23,13,129,30" hai1="132,71,36,12,112,18,58,0,20,120,123,131,82" hai2="94,16,27,133,102,9,81,89,80,88,113,105,40" hai3="119,35,66,128,84,42,53,126,110,39,83,50,95"/><W22/><G35/><T56/><D122/><U2/><E71/><V134/><F113/><W79/><G119/><T69/><D75/><U127/><E36/><V11/><F40/><W107/><G107/><T118/><D118/><U59/><E112/><V72/><F105/><W61/><G126/><T73/><D73/><U25/><E127/><V62/><F102/><W7/><G128/><T38/><D3/><U24/><E131/><V65/><F89/><W1/><G39/><T6/><D38/><U63/><E2/><V33/><F11/><W26/><G42/><T67/><D129/><U125/><E0/><V109/><F109/><W45/><G110/><T34/><D34/><U115/><E125/><V100/><F100/><W14/><G95/><T108/><D108/><U101/><E115/><V74/><F72/><W29/><G1/><T46/><D46/><U15/><E101/><V98/><F33/><W19/><G7/><T5/><D104/><U47/><E47/><V111/><F74/><W90/><G79/><T103/><D103/><U114/><E114/><V4/><F111/><W55/><G55/><T99/><D6/><U77/><E123/><V87/><F98/><W43/><G43/><T78/><D78/><U37/><E37/><V17/><F81/><W106/><G106/><T51/><D67/><N who="1" m="39415" /><E120/><V8/><F80/><W44/><G44/><T28/><D64/><U49/><E82/><V130/><F130/><W92/><G83/><T76/><D76/><U124/><E124/><V32/><F32/><W121/><G121/><T52/><D23/><U116/><E77/><RYUUKYOKU ba="2,0" sc="179,30,112,-10,256,-10,453,-10" hai0="5,10,13,28,30,51,52,56,68,69,96,97,99" />
</Scene>
<Scene>
<INIT seed="4,3,0,2,2,109" ten="209,102,246,443" oya="0" hai0="71,16,20,125,101,22,54,65,1,115,106,53,15" hai1="30,70,89,108,134,32,35,55,93,12,79,127,103" hai2="8,61,77,82,67,26,38,135,17,0,102,60,113" hai3="78,6,123,72,76,45,42,5,133,36,121,111,85"/><T52/><D1/><U3/><E70/><V50/><F38/><W29/><G111/><T28/><D125/><U131/><E3/><V105/><F135/><W75/><G29/><T46/><D115/><U56/><E134/><V7/><F113/><W130/><G133/><T40/><D106/><U27/><E127/><V73/><F50/><W68/><G68/><T126/><D126/><U10/><E108/><V112/><F112/><W37/><G130/><T25/><D101/><U80/><E103/><V87/><F87/><W57/><G57/><T39/><D71/><U43/><E43/><V104/><F102/><W9/><G36/><T34/><REACH who="0" step="1"/><D65/><REACH who="0" ten="199,102,246,443" step="2"/><U110/><E110/><V84/><F104/><W86/><G123/><T94/><D94/><U74/><E131/><V31/><F105/><W69/><G121/><T19/><D19/><U92/><E92/><V51/><F17/><W18/><G69/><T33/><AGARI ba="3,1" hai="15,16,20,22,25,28,33,34,39,40,46,52,53,54" machi="33" ten="30,11700,0" yaku="1,1,0,1,54,2,53,0" doraHai="109" doraHaiUra="118" who="0" fromWho="0" sc="199,136,102,-42,246,-42,443,-42" />
</Scene>
<Scene>
<INIT seed="4,4,0,4,2,30" ten="335,60,204,401" oya="0" hai0="81,52,80,68,131,87,45,20,28,121,39,75,12" hai1="99,84,5,106,51,66,89,0,98,37,25,118,133" hai2="15,23,86,17,108,49,19,91,129,73,102,6,109" hai3="9,101,95,104,54,105,122,125,70,50,116,79,94"/><T43/><D121/><U64/><E37/><V114/><F73/><W60/><G116/><T77/><D68/><U13/><E0/><V111/><F129/><W130/><G79/><T61/><D131/><U107/><E118/><V103/><F114/><W123/><G130/><T113/><D113/><U100/><E25/><V38/><F38/><W88/><G125/><T132/><D132/><U78/><E51/><V97/><F6/><W93/><G9/><T76/><D28/><U90/><E13/><V69/><F69/><W48/><G88/><N who="1" m="33898" /><E5/><V72/><F72/><W24/><G24/><T3/><D3/><U31/><E31/><V22/><F49/><W16/><G16/><T36/><D36/><U120/><E64/><V126/><F126/><W32/><G32/><T115/><D115/><U82/><E66/><V128/><F128/><W55/><G101/><T46/><D46/><U47/><E47/><V11/><F103/><W53/><G70/><T67/><D67/><U127/><E127/><V18/><F18/><W10/><G10/><T57/><REACH who="0" step="1"/><D12/><REACH who="0" ten="325,60,204,401" step="2"/><U92/><E133/><V65/><F65/><W117/><G117/><T96/><D96/><N who="1" m="59399" /><E120/><V1/><F1/><W35/><G123/><T21/><AGARI ba="4,1" hai="20,21,39,43,45,52,57,61,75,76,77,80,81,87" machi="21" ten="30,11700,0" yaku="1,1,0,1,54,1,53,1" doraHai="30" doraHaiUra="59" who="0" fromWho="0" sc="325,139,60,-43,204,-43,401,-43" />
</Scene>
<Scene>
<INIT seed="4,5,0,2,1,78" ten="464,17,161,358" oya="0" hai0="36,114,133,52,32,94,103,30,104,6,62,53,89" hai1="22,47,88,38,2,75,81,64,35,109,71,40,68" hai2="126,108,11,58,60,9,91,66,106,57,14,74,113" hai3="54,46,67,135,120,119,37,42,70,90,118,41,12"/><T61/><D36/><U63/><E109/><V97/><F108/><W95/><G135/><T80/><D133/><U117/><E117/><V59/><F74/><W123/><G12/><T83/><D114/><U55/><E71/><V77/><F113/><W101/><G101/><T125/><D125/><U26/><E2/><V112/><F112/><W115/><G115/><T51/><D6/><U72/><E55/><V87/><F77/><W100/><G100/><T44/><D104/><U29/><REACH who="1" step="1"/><E22/><REACH who="1" ten="464,7,161,358" step="2"/><V98/><F126/><W48/><G118/><T122/><D53/><U20/><E20/><V132/><F132/><W82/><G119/><T17/><D52/><U85/><AGARI ba="5,1" hai="26,29,35,38,40,47,63,64,68,72,75,81,85,88" machi="85" ten="30,7900,0" yaku="1,1,0,1,52,1,54,1,53,0" doraHai="78" doraHaiUra="33" who="1" fromWho="1" sc="464,-44,7,104,161,-25,358,-25" />
</Scene>
<Scene>
<INIT seed="5,0,0,0,4,114" ten="420,111,136,333" oya="1" hai0="73,112,96,108,1,87,31,69,120,46,110,23,60" hai1="129,37,128,44,19,89,102,132,133,95,77,24,18" hai2="135,54,116,6,41,72,78,49,7,47,92,90,126" hai3="79,21,104,82,68,85,43,27,30,80,10,111,42"/><U17/><E77/><V88/><F135/><N who="1" m="51785" /><E102/><V16/><F126/><W55/><G104/><T26/><D73/><U59/><E59/><V50/><F116/><W125/><G111/><T12/><D1/><U51/><E37/><V94/><F78/><W36/><G68/><T62/><D120/><U0/><E0/><V58/><F72/><W57/><G125/><T119/><D119/><U122/><E24/><V32/><F32/><W9/><G82/><T70/><D70/><U5/><E5/><V118/><F118/><W56/><G56/><T28/><D26/><U91/><E122/><V67/><F67/><W3/><G3/><T84/><D69/><U71/><E71/><V98/><REACH who="2" step="1"/><F16/><REACH who="2" ten="420,111,126,333" step="2"/><N who="1" m="4097" /><U38/><DORA hai="74" /><E38/><V101/><F101/><W93/><G36/><T48/><D108/><U25/><E25/><V40/><F40/><W29/><G42/><T99/><D110/><U66/><E66/><V64/><F64/><W115/><G43/><T83/><D23/><U100/><E100/><V65/><F65/><W76/><G21/><T130/><D31/><U127/><E127/><V81/><F81/><W97/><G80/><T20/><D83/><U124/><E124/><V15/><F15/><W11/><G29/><T13/><D12/><U134/><N who="1" m="51793" /><U52/><DORA hai="35" /><E91/><V53/><F53/><W45/><G55/><T106/><D13/><U34/><E34/><V61/><F61/><W14/><G30/><T123/><D28/><U109/><E109/><V113/><F113/><W117/><G14/><T131/><D20/><U75/><E75/><V4/><F4/><RYUUKYOKU ba="0,1" sc="420,-15,111,15,126,15,333,-15" hai1="44,51,52,89,95,128,129" hai2="6,7,41,47,49,50,54,58,88,90,92,94,98" />
</Scene>
<Scene>
<INIT seed="5,1,1,1,0,102" ten="405,126,141,318" oya="1" hai0="119,132,63,18,103,42,106,98,4,67,33,8,22" hai1="68,39,133,1,36,51,90,84,76,48,40,80,66" hai2="101,65,6,94,5,72,32,82,44,3,35,57,85" hai3="37,58,11,71,0,91,17,73,131,56,83,38,97"/><U59/><E1/><V128/><F72/><W24/><G71/><T34/><D132/><U109/><E133/><V13/><F128/><W26/><G131/><T53/><D119/><U134/><E134/><V45/><F3/><W52/><G58/><T9/><D42/><U55/><E109/><V15/><F35/><W100/><G0/><T21/><D53/><U115/><E115/><V78/><F32/><W61/><G11/><T49/><D49/><U74/><E51/><V135/><F135/><W14/><G14/><N who="2" m="5129" /><F101/><W117/><G117/><T95/><D106/><U108/><E108/><V31/><F31/><W70/><G70/><T104/><D104/><U93/><REACH who="1" step="1"/><E40/><REACH who="1" ten="405,116,141,318" step="2"/><V105/><F105/><W123/><G123/><T112/><D112/><U118/><E118/><V62/><F94/><W50/><G50/><T20/><D95/><U60/><AGARI ba="1,2" hai="36,39,48,55,59,60,66,68,74,76,80,84,90,93" machi="60" ten="30,3000,0" yaku="1,1,0,1,53,0" doraHai="102" doraHaiUra="114" who="1" fromWho="1" sc="405,-11,116,53,141,-11,318,-11" />
</Scene>
<Scene>
<INIT seed="5,2,0,1,0,8" ten="394,169,130,307" oya="1" hai0="77,13,44,90,51,87,63,27,62,61,53,121,101" hai1="95,50,21,15,14,119,118,37,102,9,131,70,89" hai2="91,114,116,83,74,39,55,16,10,94,127,20,100" hai3="31,122,34,81,96,129,110,42,22,1,128,68,75"/><U97/><E37/><V98/><F116/><W3/><G68/><T72/><D121/><U7/><E70/><V112/><F39/><W65/><G110/><T99/><D72/><U57/><E131/><N who="3" m="50250" /><G122/><T32/><D77/><U85/><E119/><V4/><F127/><W115/><G65/><T126/><D126/><U30/><E118/><V47/><F74/><W33/><G42/><T18/><D27/><N who="1" m="16751" /><E15/><N who="2" m="5575" /><F83/><W0/><G96/><T84/><D32/><N who="3" m="12393" /><G81/><T92/><D101/><U113/><E113/><N who="2" m="43627" /><F47/><W46/><G115/><T103/><D103/><U107/><E107/><V69/><F55/><W60/><G75/><T64/><D64/><U86/><E102/><V105/><F69/><W12/><G46/><T48/><D53/><AGARI ba="2,0" hai="7,9,14,50,53,57,85,86,89,95,97" m="16751" machi="53" ten="30,2900,0" yaku="8,1,52,1" doraHai="8" who="1" fromWho="0" sc="394,-35,169,35,130,0,307,0" />
</Scene>
<Scene>
<INIT seed="5,3,0,0,3,42" ten="359,204,130,307" oya="1" hai0="75,6,0,125,104,116,19,135,95,114,99,15,92" hai1="90,73,21,86,110,107,66,5,100,127,23,52,27" hai2="12,83,7,120,50,13,46,74,35,34,63,25,111" hai3="30,36,128,85,55,47,68,3,105,70,53,67,82"/><U87/><E73/><V22/><F111/><W130/><G105/><T118/><D75/><U115/><E115/><V102/><F120/><W54/><G3/><T91/><D114/><U98/><E110/><V16/><F102/><W72/><G72/><T8/><D104/><U45/><E127/><V24/><F63/><W79/><G30/><T37/><D37/><U76/><E5/><V108/><F108/><W18/><G18/><T93/><D125/><U26/><E66/><V122/><F122/><W84/><G84/><T132/><D95/><N who="1" m="56695" /><E107/><V101/><F101/><W97/><G97/><T129/><D93/><U59/><E100/><V119/><F119/><W9/><G9/><N who="0" m="6639" /><D129/><N who="3" m="49769" /><G67/><T80/><D80/><N who="1" m="47367" /><E87/><V51/><F74/><W117/><G117/><T31/><D31/><U89/><E89/><V134/><F134/><AGARI ba="3,0" hai="0,6,8,91,92,99,116,118,132,134,135" m="6639" machi="134" ten="30,1000,0" yaku="20,1" doraHai="42" who="0" fromWho="2" sc="359,19,204,0,130,-19,307,0" />
</Scene>
<Scene>
<INIT seed="6,0,0,5,3,70" ten="378,204,111,307" oya="2" hai0="60,19,3,80,2,71,85,62,54,98,16,61,47" hai1="42,49,79,82,123,103,106,74,78,73,12,53,72" hai2="119,109,17,56,121,51,112,132,8,134,65,94,52" hai3="83,37,33,21,23,131,95,125,43,124,41,104,10"/><V50/><F121/><W81/><G104/><T101/><D71/><U100/><E42/><V102/><F119/><W57/><G33/><T105/><D54/><U77/><E12/><N who="2" m="7303" /><F112/><W0/><G57/><T68/><D68/><U66/><E66/><V115/><F115/><W46/><G131/><T128/><D128/><U88/><E49/><N who="2" m="30735" /><F109/><W116/><G116/><T84/><D84/><N who="1" m="50199" /><E53/><V111/><F111/><W28/><G95/><T15/><D47/><U55/><E55/><V108/><F65/><W91/><G91/><T127/><D19/><U1/><E1/><V26/><F26/><W87/><G87/><T58/><D58/><U18/><E18/><V96/><F108/><W107/><G107/><T122/><D16/><U133/><E133/><AGARI ba="0,0" hai="50,51,94,96,102,132,133,134" m="30735,7303" machi="133" ten="30,2900,0" yaku="20,1,54,1" doraHai="70" who="2" fromWho="1" sc="378,0,204,-29,111,29,307,0" />
</Scene>
<Scene>
<INIT seed="6,1,0,3,1,19" ten="378,175,140,307" oya="2" hai0="5,105,49,43,62,114,72,95,120,6,100,25,7" hai1="23,87,32,127,109,48,119,12,102,125,103,36,129" hai2="77,121,68,22,124,4,26,122,130,91,56,66,59" hai3="135,84,108,117,40,30,98,80,131,15,61,2,9"/><V123/><F130/><W116/><G108/><T96/><D120/><U46/><E32/><V58/><F124/><N who="1" m="47689" /><E109/><V34/><F34/><W90/><G2/><T132/><D72/><U74/><E74/><V60/><F4/><W101/><G30/><T17/><D132/><U33/><E33/><V97/><F77/><W92/><G135/><T29/><D114/><U133/><E36/><V53/><F97/><W24/><G24/><T104/><D17/><N who="1" m="10663" /><E133/><V134/><F91/><W52/><G131/><T115/><D115/><U73/><E73/><V128/><F134/><W47/><G40/><T0/><D43/><N who="1" m="24671" /><E129/><V65/><F128/><W71/><G71/><T69/><D69/><U41/><E41/><V10/><F10/><W38/><G38/><T113/><D0/><U88/><E119/><V8/><F8/><W110/><G110/><T79/><D113/><U35/><E35/><V50/><REACH who="2" step="1"/><F66/><REACH who="2" ten="378,175,130,307" step="2"/><W82/><G117/><T75/><D5/><U118/><E118/><V31/><AGARI ba="1,1" hai="22,26,31,50,53,56,58,59,60,65,68,121,122,123" machi="31" ten="30,12000,1" yaku="1,1,2,1,0,1,52,1,53,1" doraHai="19" doraHaiUra="21" who="2" fromWho="2" sc="378,-41,175,-41,130,133,307,-41" />
</Scene>
<Scene>
<INIT seed="6,2,0,4,3,6" ten="337,134,263,266" oya="2" hai0="46,133,31,67,104,27,56,22,134,21,17,123,76" hai1="72,15,3,63,82,79,131,125,97,34,30,88,128" hai2="37,5,74,90,32,108,54,35,119,8,10,59,55" hai3="38,42,115,109,26,39,111,129,110,103,36,80,120"/><V44/><F119/><W40/><G103/><T78/><D123/><U92/><E125/><V95/><F74/><W86/><G120/><T13/><D104/><U85/><E3/><V28/><F108/><W33/><G129/><T89/><D89/><U64/><E15/><V91/><F37/><W41/><G115/><T114/><D114/><U127/><E127/><V14/><F28/><W4/><G4/><T71/><D71/><U12/><E30/><V7/><F44/><W20/><G33/><T73/><D73/><U45/><E34/><V126/><F126/><W105/><G105/><T96/><D96/><U107/><E45/><V83/><F83/><W117/><G117/><T81/><D81/><U58/><REACH who="1" step="1"/><E12/><REACH who="1" ten="337,124,263,266" step="2"/><V93/><F14/><W24/><REACH who="3" step="1"/><G20/><REACH who="3" ten="337,124,263,256" step="2"/><T70/><D22/><U132/><E132/><V19/><F32/><W51/><G51/><T50/><D50/><U124/><E124/><V29/><F35/><W47/><G47/><T101/><D46/><U48/><E48/><V23/><F23/><W49/><G49/><T135/><D21/><U11/><E11/><V60/><F8/><W57/><G57/><T68/><D56/><U87/><E87/><N who="2" m="52447" /><F10/><W75/><G75/><T106/><D134/><U102/><AGARI ba="2,2" hai="58,63,64,72,79,82,85,88,92,97,102,107,128,131" machi="102" ten="30,12000,2" yaku="1,1,0,1,24,2,54,1,53,1" doraHai="6" doraHaiUra="61" who="1" fromWho="1" sc="337,-32,124,146,263,-62,256,-32" />
</Scene>
<Scene>
<INIT seed="7,0,0,3,3,26" ten="305,270,201,224" oya="3" hai0="48,11,82,58,29,6,44,12,30,93,28,69,74" hai1="57,118,55,45,64,59,8,132,43,19,112,49,123" hai2="92,73,108,116,46,18,106,31,76,7,83,128,115" hai3="9,2,107,27,131,61,87,102,97,13,56,78,124"/><W70/><G124/><T32/><D69/><U22/><E123/><V40/><F116/><W120/><G120/><T94/><D32/><U71/><E112/><V130/><F115/><W114/><G114/><T111/><D111/><U109/><E109/><V20/><F108/><W68/><G2/><T133/><D133/><U119/><E8/><V39/><F106/><W121/><G121/><T3/><D3/><U60/><E132/><V101/><F7/><W15/><G131/><N who="2" m="50217" /><F101/><W105/><G105/><T110/><D110/><U91/><E91/><V21/><F92/><N who="0" m="35434" /><D74/><U77/><E77/><V10/><F31/><W25/><G15/><T41/><D58/><U37/><REACH who="1" step="1"/><E59/><REACH who="1" ten="305,260,201,224" step="2"/><V80/><F80/><AGARI ba="0,1" hai="6,11,12,28,29,30,41,44,48,80,82" m="35434" machi="80" ten="30,7700,0" yaku="8,1,52,3" doraHai="26" who="0" fromWho="2" sc="305,87,260,0,201,-77,224,0" owari="392,50.0,260,6.0,124,-38.0,224,-18.0" />
</Scene>
</mjloggm>