<mjloggm ver="2.3"><GO type="169" lobby="0"/><UN n0="%EF%BC%A0%E6%A3%AE" n1="%E7%88%86%E7%89%8C%E3%82%A6%E3%82%B7%E3%82%B8%E3%83%9E%E3%81%8F%E3%82%93" n2="%41%53%41%50%49%4E" n3="%EF%BC%BC%28%EF%BC%BE%6F%EF%BC%BE%29%EF%BC%8F%E2%98%85" dan="17,18,19,18" rate="2168,2165,2252,2180" sx="F,M,M,M"/><TAIKYOKU oya="0"/>

<Scene>
<INIT seed="0,0,0,3,1,130" ten="250,250,250,250" oya="0" hai0="32,95,34,33,94,16,131,75,6,41,44,72,101" hai1="10,73,50,71,96,42,102,2,25,122,76,82,91" hai2="14,18,54,61,21,121,86,120,90,1,55,68,113" hai3="17,119,126,123,125,116,28,107,129,26,52,112,88"/><T84/><D131/><U106/><E71/><V62/><F1/><W7/><G129/><T79/><D6/><U109/><E122/><V35/><F35/><W83/><G107/><T134/><D134/><U67/><E67/><V43/><F113/><W104/><G104/><T0/><D0/><U45/><E109/><V87/><F87/><N who="3" m="50303" /><G112/><T92/><D101/><U108/><E108/><V118/><F118/><W69/><G69/><T58/><D58/><U100/><E100/><V40/><F120/><W36/><G36/><T39/><D84/><U15/><E25/><V3/><F3/><W27/><G7/><T59/><D79/><U111/><E111/><V77/><F77/><W66/><G66/><T23/><REACH who="0" step="1"/><D59/><REACH who="0" ten="240,250,250,250" step="2"/><U57/><E57/><N who="2" m="34999" /><F68/><W46/><G123/><T13/><AGARI ba="0,1" hai="13,16,23,32,33,34,39,41,44,72,75,92,94,95" machi="13" ten="40,7800,0" yaku="1,1,0,1,54,1,53,0" doraHai="130" doraHaiUra="49" who="0" fromWho="0" sc="240,88,250,-26,250,-26,250,-26" />
</Scene>
<Scene>
<INIT seed="0,1,0,0,2,83" ten="328,224,224,224" oya="0" hai0="34,3,60,54,5,123,90,36,78,56,129,23,38" hai1="111,125,127,113,0,24,132,97,85,33,52,92,110" hai2="30,20,84,72,65,133,59,76,74,118,43,27,114" hai3="121,63,45,99,69,49,28,2,42,86,40,44,9"/><T131/><D123/><U101/><E0/><V25/><F114/><W115/><G115/><T134/><D34/><U10/><E113/><V109/><F109/><N who="1" m="41481" /><E132/><V32/><F133/><W55/><G121/><T67/><D134/><U48/><E10/><V14/><F118/><W64/><G28/><T124/><D124/><N who="1" m="47691" /><E33/><V89/><F76/><W57/><G99/><T61/><D78/><U13/><E24/><V112/><F112/><W1/><G86/><T51/><D90/><N who="1" m="53327" /><E13/><V21/><F14/><W77/><G77/><T73/><D73/><U120/><E120/><V18/><F32/><W6/><G2/><T58/><D5/><U68/><E68/><V31/><F18/><W37/><REACH who="3" step="1"/><G42/><REACH who="3" ten="328,224,224,214" step="2"/><T103/><D3/><U17/><E17/><V80/><F43/><W98/><G98/><T15/><D15/><U126/><E126/><V39/><F72/><W11/><G11/><T107/><D23/><U79/><E79/><V106/><F74/><W71/><AGARI ba="1,1" hai="1,6,9,37,40,44,45,49,55,57,63,64,69,71" machi="71" ten="30,7900,0" yaku="1,1,0,1,53,2" doraHai="83" doraHaiUra="66" who="3" fromWho="3" sc="328,-40,224,-21,224,-21,214,92" />
</Scene>
<Scene>
<INIT seed="1,0,0,5,2,111" ten="288,203,203,306" oya="1" hai0="31,50,61,41,135,81,45,26,114,33,93,134,23" hai1="120,131,18,51,118,8,57,75,99,87,9,17,133" hai2="126,46,106,34,117,100,72,86,49,43,35,21,116" hai3="24,77,121,65,88,11,68,70,115,60,12,27,95"/><U29/><E75/><V0/><F72/><W22/><G121/><T109/><D109/><U132/><E120/><V44/><F0/><W113/><G77/><T130/><D130/><U105/><E118/><V69/><F69/><W6/><G70/><T4/><D4/><U47/><E29/><V104/><F126/><W42/><G42/><T78/><D93/><U55/><E131/><V67/><F67/><W91/><G27/><T127/><D127/><U79/><E99/><V112/><F112/><W89/><REACH who="3" step="1"/><G95/><REACH who="3" ten="288,203,203,296" step="2"/><T125/><D125/><U80/><E105/><V56/><F43/><W48/><G48/><T13/><D114/><U53/><E132/><V83/><F49/><W5/><G5/><T2/><D135/><U124/><E133/><V76/><F76/><W90/><N who="3" m="22528" /><DORA hai="123" /><W10/><G10/><N who="1" m="4202" /><E124/><V64/><F104/><W107/><G107/><T40/><D134/><U122/><E122/><V15/><F106/><W52/><G52/><T73/><D78/><U3/><E3/><V20/><F117/><W128/><G128/><T36/><D41/><U25/><E25/><V71/><F71/><W82/><G82/><T98/><D81/><U62/><AGARI ba="0,1" hai="17,18,47,51,53,55,57,62,79,80,87" m="4202" machi="62" ten="30,1500,0" yaku="8,1" doraHai="111,123" who="1" fromWho="1" sc="288,-5,203,25,203,-5,296,-5" />
</Scene>
<Scene>
<INIT seed="1,1,0,5,3,1" ten="283,228,198,291" oya="1" hai0="129,15,56,72,35,122,55,97,41,83,101,77,87" hai1="68,7,108,0,131,135,54,14,110,2,61,119,32" hai2="48,113,121,22,36,115,79,105,92,60,85,49,133" hai3="13,102,4,127,50,88,21,91,82,8,93,104,84"/><U52/><E119/><V45/><F121/><W12/><G127/><T111/><D111/><N who="1" m="42539" /><E32/><V130/><F105/><W98/><G50/><T89/><D122/><U57/><E131/><V75/><F75/><W66/><G66/><T99/><D35/><U103/><E103/><V53/><F130/><W123/><G123/><T63/><D129/><U10/><E135/><V18/><F133/><W30/><G30/><T37/><D15/><U80/><E68/><V59/><F36/><W44/><G44/><T58/><D101/><U47/><E80/><N who="2" m="47263" /><F45/><W81/><G91/><T118/><D118/><U106/><E106/><V128/><F92/><W25/><G13/><T124/><D124/><U67/><E54/><V39/><F39/><W20/><REACH who="3" step="1"/><G21/><REACH who="3" ten="283,228,198,281" step="2"/><T107/><D89/><U71/><E47/><V74/><F128/><W26/><G26/><T24/><D24/><U9/><E9/><V19/><F22/><W90/><G90/><T3/><D37/><U29/><E29/><V109/><F109/><W64/><G64/><T62/><D41/><U28/><E28/><V17/><F49/><AGARI ba="1,1" hai="0,2,7,10,14,49,52,57,61,67,71" m="42539" machi="49" ten="30,11600,0" yaku="14,1,10,1,52,1,54,1" doraHai="1" who="1" fromWho="2" sc="283,0,228,129,198,-119,281,0" />
</Scene>
<Scene>
<INIT seed="1,2,0,5,3,98" ten="283,357,79,281" oya="1" hai0="16,116,95,36,40,48,119,99,134,64,54,129,14" hai1="78,1,21,135,7,13,130,23,84,38,44,45,117" hai2="29,24,77,69,43,111,125,59,18,106,131,74,15" hai3="104,49,82,19,55,39,20,22,126,33,63,35,93"/><U120/><E117/><V50/><F69/><W96/><G39/><T67/><D129/><U118/><E130/><V30/><F131/><W107/><G126/><T66/><D134/><U17/><E135/><V102/><F125/><W87/><G63/><T52/><D36/><U92/><E38/><V32/><F111/><W109/><G109/><T37/><D37/><U132/><E1/><V42/><F29/><W94/><G94/><T72/><D72/><U27/><E7/><V51/><F77/><W12/><G22/><T8/><D40/><U123/><E118/><V121/><F74/><W110/><G110/><T90/><REACH who="0" step="1"/><D54/><REACH who="0" ten="273,357,79,281" step="2"/><U2/><E132/><V3/><F121/><W31/><G55/><T83/><D83/><U80/><E80/><V101/><F43/><W11/><G82/><T73/><D73/><U58/><E120/><V0/><F42/><W103/><G35/><T112/><D112/><U5/><E123/><V9/><F106/><W75/><G33/><T122/><D122/><U100/><E78/><V88/><F3/><W28/><G75/><T89/><D89/><U105/><E2/><V133/><F133/><W114/><G114/><T124/><D124/><U128/><E128/><V65/><F0/><W113/><G113/><T108/><D108/><U85/><E105/><V91/><F91/><W57/><G107/><T79/><D79/><U60/><E27/><V76/><F76/><W70/><G104/><T10/><D10/><U56/><E23/><V68/><F24/><W71/><G20/><T61/><D61/><U6/><E21/><V4/><F32/><RYUUKYOKU ba="2,1" sc="273,30,357,-10,79,-10,281,-10" hai0="8,14,16,48,52,64,66,67,90,95,99,116,119" />
</Scene>
<Scene>
<INIT seed="2,3,1,1,2,100" ten="303,347,69,271" oya="2" hai0="13,20,97,24,35,22,114,65,131,12,58,92,10" hai1="88,43,85,48,67,70,27,29,33,18,39,101,37" hai2="87,68,36,122,46,116,132,121,26,79,59,30,75" hai3="25,38,95,135,61,76,126,66,124,19,102,119,110"/><V73/><F68/><W74/><G38/><T94/><D114/><U127/><E127/><N who="3" m="48682" /><G119/><T133/><D131/><U62/><E101/><V69/><F69/><W115/><G110/><T7/><D133/><U81/><REACH who="1" step="1"/><E18/><REACH who="1" ten="303,337,69,271" step="2"/><V63/><F132/><W40/><G19/><N who="0" m="10607" /><D7/><U99/><E99/><V118/><F116/><W14/><G102/><T108/><D97/><U47/><AGARI ba="3,2" hai="27,29,33,37,39,43,47,48,62,67,70,81,85,88" machi="47" ten="30,7900,0" yaku="1,1,0,1,54,1,53,1" doraHai="100" doraHaiUra="83" who="1" fromWho="1" sc="303,-23,337,108,69,-42,271,-23" />
</Scene>
<Scene>
<INIT seed="3,0,0,3,3,12" ten="280,445,27,248" oya="3" hai0="111,1,17,66,80,45,46,104,92,121,100,82,90" hai1="51,70,25,60,75,86,42,15,117,88,85,103,47" hai2="34,48,22,69,6,62,84,55,77,61,112,106,119" hai3="87,52,3,116,53,64,9,29,128,44,83,98,96"/><W114/><G114/><T5/><D111/><U20/><E75/><V4/><F112/><W125/><G116/><T73/><D121/><U107/><E117/><V79/><F119/><W27/><G64/><T71/><D100/><U37/><E107/><V10/><F106/><W133/><G133/><T50/><D104/><U115/><E103/><V101/><F34/><W19/><G125/><T97/><D5/><U39/><E86/><V7/><F101/><W134/><G134/><T65/><D1/><U113/><E15/><V94/><F10/><W43/><G128/><T57/><D71/><U72/><E72/><V41/><F41/><W108/><G108/><T0/><D0/><U58/><E70/><V118/><F118/><W33/><G98/><T67/><D17/><U8/><E8/><V68/><F68/><W2/><G96/><T132/><D73/><U21/><E21/><V89/><F69/><W40/><G40/><N who="0" m="24871" /><D46/><U56/><E56/><V129/><F129/><W38/><G2/><T110/><D132/><U74/><E74/><V35/><F35/><W49/><G38/><T14/><D14/><U76/><E39/><V93/><F22/><W105/><G105/><T109/><D109/><U124/><E37/><V102/><F102/><W30/><G30/><T13/><D13/><U78/><E113/><V36/><F36/><W26/><G3/><T11/><D11/><U126/><E115/><V31/><F31/><W81/><G9/><T122/><D110/><U135/><E135/><V120/><F120/><W63/><G29/><T123/><D57/><U99/><E58/><RYUUKYOKU ba="0,0" sc="280,30,445,-10,27,-10,248,-10" hai0="65,66,67,80,82,90,92,97,122,123" />
</Scene>
<Scene>
<INIT seed="4,1,0,5,2,134" ten="310,435,17,238" oya="0" hai0="13,24,129,36,103,74,118,71,61,19,64,57,33" hai1="126,32,49,135,39,101,66,130,45,31,73,117,5" hai2="20,63,102,7,55,51,27,34,85,109,99,83,95" hai3="44,40,104,75,122,0,17,128,98,93,133,54,23"/><T29/><D118/><U89/><E49/><V43/><F109/><W14/><G133/><T68/><D36/><U114/><E31/><V47/><F34/><W78/><G0/><T28/><D74/><U11/><E89/><V110/><F110/><W50/><G128/><T42/><D129/><U58/><E58/><V38/><F38/><W120/><G104/><T4/><D29/><U60/><E60/><V90/><F7/><W82/><REACH who="3" step="1"/><G40/><REACH who="3" ten="310,435,17,228" step="2"/><T115/><D42/><U35/><E135/><V87/><F43/><W125/><G125/><T25/><D115/><U12/><E126/><V22/><F27/><W3/><G3/><T100/><D25/><U92/><E117/><V96/><F63/><W15/><G15/><T59/><D68/><U16/><E12/><V52/><F55/><W113/><G113/><T116/><D71/><U6/><E114/><V127/><F127/><W119/><G119/><T88/><D116/><U84/><E130/><V131/><F131/><W2/><G2/><T56/><D61/><U53/><E53/><V105/><REACH who="2" step="1"/><F87/><REACH who="2" ten="310,435,7,228" step="2"/><W79/><G79/><AGARI ba="1,2" hai="20,22,47,51,52,79,83,85,90,95,96,99,102,105" machi="79" ten="30,7700,0" yaku="1,1,2,1,7,1,54,1,53,0" doraHai="134" doraHaiUra="37" who="2" fromWho="3" sc="310,0,435,0,7,100,228,-80" />
</Scene>
<Scene>
<INIT seed="5,0,0,1,4,128" ten="310,435,107,148" oya="1" hai0="64,131,116,67,45,129,35,133,103,98,36,62,7" hai1="114,106,95,24,126,82,51,46,44,102,105,121,13" hai2="80,125,72,96,115,100,21,27,33,57,107,99,3" hai3="78,113,55,1,73,10,89,5,109,63,16,117,68"/><U31/><E114/><V30/><F3/><W39/><G109/><T83/><D116/><U14/><E82/><V48/><F115/><W127/><G113/><T66/><D35/><U9/><E95/><V0/><F0/><W101/><G39/><T75/><D7/><U111/><E24/><V49/><F125/><W18/><G127/><T59/><D133/><U74/><E51/><V56/><F96/><W37/><G37/><T22/><D22/><U32/><E102/><V11/><F11/><W54/><G101/><T120/><D120/><U81/><E9/><V122/><F122/><W50/><G117/><T6/><D6/><U124/><E81/><V79/><F33/><W112/><G112/><T70/><D83/><U65/><E32/><V19/><F19/><W108/><G108/><T123/><D75/><U134/><E74/><V17/><F17/><W53/><G78/><T77/><D77/><U110/><E31/><V34/><F34/><W90/><G73/><T41/><D123/><U42/><E121/><V61/><REACH who="2" step="1"/><F57/><REACH who="2" ten="310,435,97,148" step="2"/><W71/><G18/><T76/><D59/><U8/><E8/><V135/><F135/><W132/><G16/><T52/><D98/><U94/><E134/><V4/><F4/><W25/><G132/><T97/><D97/><U69/><E124/><V40/><F40/><W118/><G118/><T38/><D41/><U23/><E126/><V85/><F85/><W28/><G5/><T119/><D119/><U43/><E42/><V47/><F47/><W93/><G1/><T12/><D45/><N who="1" m="17515" /><E43/><V88/><F88/><W130/><G90/><RYUUKYOKU ba="0,1" sc="310,-10,435,-10,97,30,148,-10" hai2="21,27,30,48,49,56,61,72,79,80,99,100,107" />
</Scene>
<Scene>
<INIT seed="6,1,1,2,4,5" ten="300,425,127,138" oya="2" hai0="117,19,39,133,21,106,45,96,62,49,2,128,104" hai1="110,27,81,29,95,134,71,76,80,55,119,69,79" hai2="14,10,87,68,51,97,6,82,0,34,120,130,77" hai3="12,60,1,64,30,16,121,20,85,46,131,18,32"/><V42/><F120/><W26/><G121/><T94/><D117/><U115/><E110/><V53/><F130/><W78/><G131/><T40/><D128/><U8/><E119/><V41/><F68/><W59/><G1/><T65/><D2/><U111/><E111/><V98/><F34/><W58/><G46/><T116/><D133/><U35/><E134/><V3/><F3/><W28/><G59/><T89/><D39/><U101/><E115/><V93/><F0/><W83/><REACH who="3" step="1"/><G32/><REACH who="3" ten="300,425,127,128" step="2"/><T109/><D116/><U126/><E35/><V56/><REACH who="2" step="1"/><F98/><REACH who="2" ten="300,425,117,128" step="2"/><W52/><G52/><T57/><D109/><U74/><E55/><V54/><F54/><W108/><G108/><T88/><D96/><U38/><E71/><V123/><F123/><W92/><G92/><T91/><D94/><U4/><E69/><V67/><F67/><W43/><G43/><T9/><D65/><U72/><E95/><V84/><F84/><W33/><G33/><T107/><D107/><U73/><E73/><V24/><F24/><W113/><G113/><T7/><D106/><U25/><E27/><V100/><AGARI ba="1,3" hai="6,10,14,41,42,51,53,56,77,82,87,93,97,100" machi="100" ten="20,18000,2" yaku="1,1,0,1,7,1,8,1,52,1,53,1" doraHai="5" doraHaiUra="50" who="2" fromWho="2" sc="300,-61,425,-61,117,213,128,-61" />
</Scene>
<Scene>
<INIT seed="6,2,0,3,4,58" ten="239,364,330,67" oya="2" hai0="84,34,76,106,134,26,125,132,127,18,74,80,81" hai1="47,110,73,59,94,8,19,46,93,118,45,28,130" hai2="103,61,119,117,107,112,39,109,75,60,69,128,108" hai3="123,102,66,126,85,42,98,2,12,131,53,89,135"/><V133/><F39/><W48/><G2/><T6/><D6/><U40/><E73/><V82/><F69/><W121/><G42/><T54/><D34/><U15/><E118/><N who="2" m="45067" /><F112/><W124/><G66/><T68/><D68/><U79/><E110/><N who="2" m="42603" /><F128/><W31/><G131/><T20/><D106/><U50/><E79/><N who="2" m="44415" /><F133/><N who="0" m="51306" /><D54/><N who="1" m="32215" /><E130/><V129/><F129/><W62/><G135/><T67/><D67/><U71/><E71/><V49/><F49/><W96/><G48/><T88/><AGARI ba="2,0" hai="18,20,26,74,76,80,81,84,88,125,127" m="51306" machi="88" ten="30,2000,0" yaku="20,1,54,1" doraHai="58" who="0" fromWho="0" sc="239,26,364,-7,330,-12,67,-7" />
</Scene>
<Scene>
<INIT seed="7,0,0,1,1,118" ten="265,357,318,60" oya="3" hai0="13,36,115,126,42,25,7,1,76,39,19,120,107" hai1="123,14,73,10,46,110,65,134,22,92,112,50,95" hai2="51,102,41,34,15,125,86,117,68,90,106,61,0" hai3="81,67,82,104,23,78,43,132,111,103,70,116,24"/><W122/><G116/><T21/><D120/><U49/><E123/><V40/><F117/><W9/><G122/><T3/><D107/><U17/><E73/><V44/><F0/><W64/><G132/><T91/><D76/><U108/><E134/><V69/><F34/><W6/><G111/><T83/><D126/><U98/><E112/><V31/><F31/><W58/><G70/><T37/><D115/><U59/><E65/><V63/><F125/><W85/><G43/><T38/><N who="0" m="9216" /><DORA hai="133" /><T89/><D42/><U4/><E59/><V130/><F130/><W114/><G114/><T131/><D131/><U28/><E28/><V84/><F84/><W32/><G32/><T35/><D83/><U26/><E50/><V71/><F40/><W101/><G82/><T20/><D1/><U121/><E95/><V113/><F113/><W8/><G104/><T97/><D97/><U27/><E27/><V2/><F2/><W109/><G109/><T54/><D54/><U56/><E56/><V124/><F124/><W55/><G67/><T18/><D35/><U30/><E121/><V129/><F129/><W5/><G64/><T77/><D77/><U60/><E60/><V100/><F15/><N who="3" m="5519" /><G9/><T66/><D66/><U57/><E108/><V119/><F119/><W99/><G6/><T135/><D135/><U47/><E110/><V96/><REACH who="2" step="1"/><F102/><REACH who="2" ten="265,357,308,60" step="2"/><W105/><G103/><T62/><D3/><U74/><E74/><V11/><F11/><W12/><G12/><T94/><D13/><U48/><E4/><V79/><F79/><W33/><G33/><T128/><D7/><RYUUKYOKU ba="0,1" sc="265,-10,357,-10,308,30,60,-10" hai2="41,44,51,61,63,68,69,71,86,90,96,100,106" owari="255,-14.0,357,45.0,338,14.0,50,-45.0" />
</Scene>
</mjloggm>