<mjloggm ver="2.3"><GO type="169"/><UN n0="%E5%9F%BA%E7%A4%8E%E8%AB%96" n1="%41%53%41%50%49%4E" n2="%E3%82%A2%E3%83%8B%E3%82%AA%E3%83%B3" n3="%E5%B2%A1%E6%9D%91" dan="16,18,16,16" rate="2086,2256,2063,2067" sx="M,M,F,M"/><TAIKYOKU oya="0"/>

<Scene>
<INIT seed="0,0,0,5,1,114" ten="250,250,250,250" oya="0" hai0="54,31,84,105,82,120,62,126,113,14,88,34,68" hai1="119,15,127,131,58,1,48,56,79,22,100,85,94" hai2="123,4,90,109,70,129,69,12,8,7,40,37,103" hai3="39,86,107,72,122,23,73,95,63,47,116,38,59"/><T36/><D113/><U66/><E1/><V32/><F123/><W5/><G107/><T29/><D120/><U104/><E104/><V19/><F32/><W2/><G122/><T130/><D105/><U65/><E131/><V106/><F129/><W89/><G23/><T74/><D130/><U18/><E127/><V10/><F109/><W78/><G116/><T21/><D126/><U17/><E119/><V87/><F106/><W83/><G47/><T50/><D36/><U132/><E132/><V75/><F75/><W35/><G35/><T51/><D74/><U117/><E117/><V49/><F103/><W102/><G102/><T92/><D34/><U112/><E112/><V101/><F101/><W16/><G73/><T30/><D68/><U3/><E3/><V124/><F124/><W26/><G26/><T27/><D14/><U57/><E18/><V46/><F37/><W61/><G16/><N who="0" m="12711" /><D62/><U53/><E79/><V64/><F19/><W9/><REACH who="3" step="1"/><G63/><REACH who="3" ten="250,250,250,240" step="2"/><T115/><D115/><U99/><REACH who="1" step="1"/><E85/><REACH who="1" ten="250,240,250,240" step="2"/><V121/><F121/><W25/><G25/><T111/><D111/><U67/><AGARI ba="0,2" hai="15,17,22,48,53,56,57,58,65,66,67,94,99,100" machi="67" ten="30,7900,0" yaku="1,1,2,1,0,1,8,1,53,0" doraHai="114" doraHaiUra="71" who="1" fromWho="1" sc="250,-39,240,99,250,-20,240,-20" />
</Scene>
<Scene>
<INIT seed="1,0,0,2,2,23" ten="211,339,230,220" oya="1" hai0="18,131,76,27,24,71,16,111,121,20,106,37,78" hai1="4,105,10,22,6,42,40,77,104,52,5,64,101" hai2="1,96,56,81,87,98,93,95,125,107,109,94,35" hai3="115,61,55,33,74,126,120,83,51,124,14,25,21"/><U133/><E133/><V43/><F35/><W17/><G120/><T128/><D106/><U15/><E64/><V82/><F1/><W45/><G115/><T100/><D100/><U132/><E132/><V135/><F43/><W41/><G61/><T72/><D121/><U99/><E104/><V49/><F135/><W46/><G83/><T110/><D71/><U3/><E77/><N who="0" m="29801" /><D72/><U70/><E70/><V90/><F125/><W58/><G74/><T38/><D18/><U67/><E67/><V62/><F49/><W50/><REACH who="3" step="1"/><G45/><REACH who="3" ten="211,339,230,210" step="2"/><T122/><D122/><U47/><E47/><V88/><F62/><W102/><G102/><T34/><D110/><U63/><E101/><N who="2" m="62903" /><F109/><W84/><G84/><T8/><D111/><U119/><E63/><V134/><F134/><W91/><G91/><T11/><D38/><U2/><E99/><N who="2" m="57767" /><F56/><W86/><G86/><T97/><D97/><U85/><E85/><V32/><F32/><W112/><G112/><T19/><D37/><U127/><E127/><V66/><F66/><W7/><G7/><T75/><D75/><U92/><E5/><V114/><F114/><W79/><G79/><T65/><D65/><U30/><E4/><V73/><F73/><W36/><G36/><T9/><D34/><U31/><E6/><V69/><F69/><W29/><AGARI ba="0,1" hai="14,17,21,25,29,33,41,46,50,51,55,58,124,126" machi="29" ten="30,4000,0" yaku="1,1,0,1,52,1,53,0" doraHai="23" doraHaiUra="129" who="3" fromWho="3" sc="211,-10,339,-20,230,-10,210,50" />
</Scene>
<Scene>
<INIT seed="2,0,0,3,5,75" ten="201,319,220,260" oya="2" hai0="52,124,122,54,118,57,67,90,113,77,6,14,46" hai1="104,110,63,16,101,32,45,28,121,73,13,82,3" hai2="55,27,47,83,86,130,15,24,79,109,11,114,18" hai3="119,23,84,1,81,70,33,36,131,61,80,100,41"/><V127/><F114/><W123/><G123/><T76/><D122/><U2/><E121/><V34/><F127/><W128/><G119/><T5/><D113/><U92/><E104/><V62/><F130/><W68/><G33/><T29/><D124/><U9/><E110/><V48/><F109/><W60/><G1/><T95/><D118/><U53/><E32/><V97/><F34/><W69/><G100/><T44/><D29/><U58/><E28/><V102/><REACH who="2" step="1"/><F62/><REACH who="2" ten="201,319,210,260" step="2"/><W26/><G61/><N who="0" m="38319" /><D46/><U108/><E45/><V0/><F0/><W85/><G60/><T38/><D38/><U7/><E108/><V103/><F103/><W105/><G36/><T39/><D39/><U93/><E101/><V116/><F116/><W94/><G128/><T89/><D44/><U25/><E3/><V91/><F91/><W120/><G131/><T30/><D89/><U35/><E35/><V10/><F10/><W98/><G120/><T22/><D90/><U40/><E2/><V71/><F71/><W56/><G69/><T135/><D135/><U134/><E134/><V8/><F8/><W19/><G68/><T59/><D59/><U126/><E126/><V96/><F96/><W50/><G70/><T17/><D95/><AGARI ba="0,1" hai="11,15,18,24,27,47,48,55,79,83,86,95,97,102" machi="95" ten="30,12000,1" yaku="1,1,7,1,8,1,52,1,53,1" doraHai="75" doraHaiUra="43" who="2" fromWho="0" sc="201,-120,319,0,210,130,260,0" />
</Scene>
<Scene>
<INIT seed="2,1,0,4,2,96" ten="81,319,340,260" oya="2" hai0="42,88,75,59,50,33,20,58,13,119,102,69,122" hai1="97,51,95,94,71,36,12,116,109,123,53,5,105" hai2="86,32,131,107,134,3,29,84,101,19,40,23,78" hai3="9,114,110,79,52,98,68,54,74,15,80,99,4"/><V44/><F3/><W38/><G114/><T120/><D75/><U108/><E116/><V49/><F134/><W26/><G110/><N who="1" m="42602" /><E36/><V111/><F111/><W76/><G68/><T47/><D69/><U48/><E71/><V39/><F131/><W64/><G64/><T82/><D33/><U87/><E123/><V121/><F121/><W28/><G38/><T22/><D119/><U135/><E135/><V6/><F6/><W91/><G76/><T67/><D120/><U132/><E132/><V103/><F107/><W129/><G129/><T66/><D122/><U83/><E105/><V125/><F39/><W130/><G130/><T45/><D45/><U126/><E126/><V10/><F125/><W41/><G41/><T85/><D102/><N who="2" m="38922" /><F32/><W89/><G99/><T27/><D13/><U17/><E97/><V117/><F117/><W11/><G98/><T21/><REACH who="0" step="1"/><D27/><REACH who="0" ten="71,319,340,260" step="2"/><U65/><E12/><N who="2" m="7575" /><F78/><W90/><REACH who="3" step="1"/><G9/><REACH who="3" ten="71,319,340,250" step="2"/><T57/><AGARI ba="1,2" hai="20,21,22,42,47,50,57,58,59,66,67,82,85,88" machi="57" ten="30,12000,2" yaku="1,1,0,1,8,1,54,1,53,2" doraHai="96" doraHaiUra="62" who="0" fromWho="0" sc="71,143,319,-31,340,-61,250,-31" />
</Scene>
<Scene>
<INIT seed="3,0,0,2,1,7" ten="214,288,279,219" oya="3" hai0="106,57,59,84,101,74,95,133,54,77,19,64,78" hai1="69,96,87,88,112,68,108,91,76,110,65,104,21" hai2="56,125,94,105,18,34,17,114,24,38,66,99,44" hai3="39,30,20,43,71,61,67,25,36,22,111,85,79"/><W92/><G111/><N who="1" m="42538" /><E112/><V75/><F114/><W132/><G132/><T98/><D133/><U29/><E76/><V127/><F75/><W135/><G135/><T11/><D74/><U58/><E58/><V120/><F105/><W118/><G118/><T109/><D109/><U115/><E115/><V50/><F120/><W0/><G0/><T45/><D106/><U35/><E35/><V48/><F38/><W86/><G43/><T126/><D126/><N who="2" m="48138" /><F48/><W83/><REACH who="3" step="1"/><G20/><REACH who="3" ten="214,288,279,209" step="2"/><T81/><D78/><U31/><E21/><V130/><F34/><W102/><G102/><T122/><D122/><U3/><E3/><V82/><F130/><W15/><G15/><N who="0" m="7679" /><D64/><U60/><E65/><V46/><F66/><W12/><G12/><T6/><D6/><U134/><E134/><V93/><F24/><W41/><G41/><T13/><D13/><U49/><E68/><V121/><F121/><W63/><G63/><T2/><D2/><U47/><E60/><V129/><F129/><W116/><G116/><T10/><D10/><U128/><E69/><V16/><F46/><W28/><G28/><T14/><D14/><U100/><E128/><V62/><F44/><W119/><G119/><T32/><D32/><U55/><E31/><V80/><F62/><W53/><G53/><T103/><D103/><U42/><E29/><V90/><F56/><W23/><G23/><T89/><D101/><U124/><E55/><V27/><F27/><W51/><G51/><AGARI ba="0,1" hai="45,51,54,57,59,77,81,84,89,95,98" m="7679" machi="51" ten="30,2000,0" yaku="8,1,52,1" doraHai="7" who="0" fromWho="3" sc="214,30,288,0,279,0,209,-20" />
</Scene>
<Scene>
<INIT seed="4,0,0,4,2,40" ten="244,288,279,189" oya="0" hai0="16,85,29,111,33,0,30,35,34,101,6,78,31" hai1="94,49,91,59,73,83,97,42,77,38,18,95,126" hai2="37,132,117,9,12,124,96,13,107,11,52,130,86" hai3="53,82,125,115,10,113,39,15,68,5,103,127,19"/><T116/><D116/><U45/><E126/><N who="3" m="48138" /><G68/><T122/><D101/><U106/><E106/><V74/><F74/><W119/><G39/><T70/><D70/><U80/><E80/><V21/><F37/><W118/><G103/><T8/><D78/><U27/><E95/><V89/><F124/><W90/><G53/><T61/><D61/><U79/><E79/><V2/><F2/><N who="3" m="311" /><G90/><T60/><D85/><U54/><E18/><V87/><F117/><N who="3" m="44555" /><G82/><T100/><D60/><U99/><E27/><V1/><F107/><W92/><G92/><T135/><D100/><U3/><E3/><V32/><F96/><AGARI ba="0,0" hai="38,42,45,49,54,59,73,77,83,91,94,96,97,99" machi="96" ten="30,2000,0" yaku="7,1,52,1" doraHai="40" who="1" fromWho="2" sc="244,0,288,20,279,-20,189,0" />
</Scene>
<Scene>
<INIT seed="5,0,0,5,4,36" ten="244,308,259,189" oya="1" hai0="51,62,101,23,53,58,96,103,56,113,111,93,105" hai1="61,5,14,74,117,82,0,104,12,108,75,88,116" hai2="13,37,38,26,8,9,90,69,94,126,66,114,45" hai3="97,72,59,46,67,6,40,63,77,49,84,29,34"/><U7/><E104/><V16/><F126/><W1/><G97/><T87/><D111/><U73/><E108/><V83/><F83/><W122/><G122/><T133/><D133/><U125/><E125/><V21/><F114/><W35/><G29/><T19/><D113/><U91/><E61/><V85/><F45/><W42/><G72/><T55/><D87/><U100/><E82/><V102/><F102/><W134/><G134/><T110/><D110/><U76/><E100/><V10/><F69/><W18/><G1/><T30/><D30/><U27/><E27/><V17/><F66/><W48/><G6/><N who="1" m="2058" /><E76/><V115/><REACH who="2" step="1"/><F115/><REACH who="2" ten="244,308,249,189" step="2"/><W98/><G98/><T39/><D39/><AGARI ba="0,1" hai="8,9,10,13,16,17,21,26,37,38,39,85,90,94" machi="39" ten="40,5200,0" yaku="1,1,2,1,54,1,53,0" doraHai="36" doraHaiUra="31" who="2" fromWho="0" sc="244,-52,308,0,249,62,189,0" />
</Scene>
<Scene>
<INIT seed="6,0,0,3,1,110" ten="192,308,311,189" oya="2" hai0="32,80,99,122,4,131,40,1,28,11,123,100,41" hai1="39,94,79,50,48,36,31,43,108,127,3,97,135" hai2="59,12,71,9,60,21,14,67,64,42,52,20,84" hai3="69,112,38,62,33,30,24,73,70,106,117,29,2"/><V120/><F120/><W51/><G117/><T57/><D131/><U22/><E108/><V114/><F114/><W85/><G73/><T46/><D41/><U113/><E3/><V109/><F109/><W82/><G38/><N who="0" m="21783" /><D57/><U103/><E113/><V107/><F107/><W98/><G112/><T45/><D45/><U0/><E0/><V61/><F42/><W102/><G30/><T126/><D80/><U65/><E135/><V75/><F75/><W10/><G51/><T93/><D93/><U124/><E127/><V133/><F133/><W27/><G27/><N who="0" m="18463" /><D126/><U128/><E124/><V125/><F125/><W76/><REACH who="3" step="1"/><G62/><REACH who="3" ten="192,308,311,179" step="2"/><T92/><D123/><U68/><E36/><V90/><F61/><W83/><G83/><T87/><D122/><U81/><E81/><V86/><F60/><W66/><G66/><T134/><D134/><U78/><E65/><V96/><F67/><W101/><G101/><T56/><D56/><U116/><E48/><V26/><F59/><W47/><G47/><T19/><D100/><U121/><E50/><V18/><F64/><W49/><G49/><T95/><D87/><U72/><E121/><V130/><F84/><W119/><G119/><T23/><D99/><U58/><E116/><V6/><F96/><W54/><G54/><T89/><D89/><U7/><E58/><V104/><F52/><W53/><G53/><T118/><D118/><U63/><E97/><V8/><F86/><W129/><G129/><T111/><D111/><U37/><E128/><V77/><F130/><W5/><AGARI ba="0,1" hai="2,5,10,24,29,33,69,70,76,82,85,98,102,106" machi="5" ten="30,2000,0" yaku="1,1,0,1,53,0" doraHai="110" doraHaiUra="115" who="3" fromWho="3" sc="192,-5,308,-5,311,-10,179,30" />
</Scene>
<Scene>
<INIT seed="7,0,0,4,1,18" ten="187,303,301,209" oya="3" hai0="91,115,79,96,14,81,39,21,70,4,90,99,6" hai1="33,52,50,126,20,38,132,133,77,102,97,134,124" hai2="10,31,121,74,43,125,111,3,16,129,105,61,118" hai3="11,112,73,19,29,36,17,44,45,58,78,63,23"/><W68/><G68/><T53/><D70/><U75/><E33/><V2/><F118/><W123/><G123/><T86/><D39/><U37/><E20/><V64/><F111/><W57/><G112/><T84/><D115/><U130/><E130/><V49/><F74/><W131/><G131/><T128/><D128/><U120/><E120/><V60/><F129/><W66/><G73/><T108/><D108/><U101/><E101/><V104/><F121/><W42/><G78/><T41/><D41/><U113/><E113/><V72/><F72/><W106/><G106/><T24/><D53/><U119/><E119/><V55/><F31/><W95/><G44/><T25/><D79/><U9/><E9/><V13/><F43/><W26/><G11/><N who="0" m="4455" /><D6/><U88/><E88/><N who="0" m="33833" /><D25/><U109/><E109/><V92/><F125/><N who="1" m="48233" /><E77/><V15/><F92/><W28/><G95/><T0/><D0/><U85/><E85/><N who="0" m="32873" /><D81/><U59/><E75/><V116/><F116/><W127/><G127/><T40/><D40/><U12/><E12/><V54/><F2/><W80/><G80/><T135/><D135/><U8/><E8/><V34/><F3/><W114/><G114/><T46/><D46/><U67/><E67/><V35/><F64/><W100/><G100/><T110/><D110/><U71/><E71/><V103/><F10/><W89/><G89/><T83/><D83/><U47/><E47/><V56/><F103/><W7/><G7/><T48/><D48/><U51/><E51/><V93/><F49/><W117/><G117/><T69/><D69/><U76/><E76/><V27/><F105/><AGARI ba="0,0" hai="37,38,50,52,59,97,102,105,132,133,134" m="48233" machi="105" ten="40,8000,1" yaku="6,1,20,1,18,1,54,1" doraHai="18" who="1" fromWho="2" sc="187,0,303,80,301,-80,209,0" owari="187,-31.0,383,48.0,221,2.0,209,-19.0" />
</Scene>
</mjloggm>