<mjloggm ver="2.3"><GO type="169" lobby="0"/><UN n0="%E5%AF%BE%E5%AD%90%E3%81%AE%E7%8E%8B%E6%A7%98" n1="%E3%80%93%E6%9D%BE%E4%BA%95%EF%BC%A3%EF%BC%B3%E3%80%93" n2="%41%53%41%50%49%4E" n3="%CE%9A%CE%95%CE%99" dan="17,17,19,17" rate="2141.74,2192.47,2259.10,2148.59" sx="M,M,M,M"/><TAIKYOKU oya="0"/>

<Scene>
<INIT seed="0,0,0,3,2,3" ten="250,250,250,250" oya="0" hai0="45,59,107,79,97,51,125,52,7,75,73,68,60" hai1="43,65,14,94,72,101,11,99,91,90,87,71,124" hai2="116,114,35,104,81,40,17,89,25,83,109,130,102" hai3="92,36,8,62,134,121,4,126,12,110,6,129,117"/><T119/><D119/><U15/><E124/><V50/><F114/><W76/><G117/><T23/><D125/><U111/><E111/><V33/><F116/><W28/><G126/><T123/><D123/><U46/><E72/><V48/><F109/><W64/><G110/><T69/><D23/><U47/><E15/><V13/><F130/><W133/><G129/><T55/><D7/><U44/><E71/><V18/><F40/><W100/><G36/><T113/><D113/><U53/><E65/><V58/><F102/><W106/><G106/><T132/><D132/><U32/><E32/><V122/><F104/><W16/><G28/><T27/><D27/><U108/><E108/><V57/><F13/><W112/><G76/><T85/><D75/><U74/><E74/><V98/><F25/><W10/><G10/><T118/><D73/><U39/><E53/><V0/><F98/><N who="3" m="59463" /><G121/><T9/><D9/><U42/><E39/><V105/><F105/><W82/><G82/><T135/><D135/><N who="3" m="51721" /><G112/><T86/><D118/><U20/><E20/><V24/><F122/><W84/><G84/><T34/><D34/><U95/><REACH who="1" step="1"/><E101/><REACH who="1" ten="250,240,250,250" step="2"/><V38/><F38/><W66/><G64/><T22/><D22/><U61/><E61/><V29/><F35/><W37/><G37/><T77/><D60/><U78/><E78/><V31/><F33/><W63/><G62/><N who="0" m="36199" /><D79/><U96/><E96/><V21/><F21/><W26/><G26/><T70/><D77/><U54/><E54/><V5/><F24/><W56/><AGARI ba="0,1" hai="4,6,8,12,16,56,63,66" m="51721,59463" machi="56" ten="30,7900,0" yaku="20,1,52,2,54,1" doraHai="3" who="3" fromWho="3" sc="250,-39,240,-20,250,-20,250,89" />
</Scene>
<Scene>
<INIT seed="1,0,0,5,5,86" ten="211,220,230,339" oya="1" hai0="93,41,123,76,47,70,125,51,71,117,10,19,84" hai1="102,14,5,97,66,126,39,99,56,95,119,31,129" hai2="100,17,120,130,61,134,48,23,25,44,45,3,80" hai3="106,24,6,13,38,103,81,111,131,62,127,75,83"/><U124/><E119/><V116/><F116/><W42/><G111/><T67/><D117/><U16/><E39/><V34/><F120/><W63/><G127/><N who="1" m="48682" /><E129/><V107/><F3/><W1/><G131/><T4/><D125/><U128/><E128/><V118/><F118/><W101/><G24/><T57/><D123/><U112/><E112/><V64/><F130/><W7/><G13/><N who="0" m="5319" /><D19/><U85/><E31/><V20/><F134/><W68/><G68/><T135/><D93/><U94/><E85/><V52/><F34/><W98/><G103/><T133/><D57/><U37/><E37/><V0/><F0/><W79/><G83/><N who="0" m="47207" /><D67/><U110/><E110/><V74/><F64/><W46/><REACH who="3" step="1"/><G7/><REACH who="3" ten="211,220,230,329" step="2"/><T89/><D71/><U43/><E5/><V59/><F100/><W72/><G72/><T88/><D70/><U53/><E102/><V87/><F74/><W33/><G33/><T11/><D11/><AGARI ba="0,1" hai="1,6,11,38,42,46,62,63,75,79,81,98,101,106" machi="11" ten="40,5200,0" yaku="1,1,25,2,53,0" doraHai="86" doraHaiUra="18" who="3" fromWho="0" sc="211,-52,220,0,230,0,329,62" />
</Scene>
<Scene>
<INIT seed="2,0,0,5,0,44" ten="159,220,230,391" oya="2" hai0="107,2,126,87,83,33,61,64,133,98,103,10,82" hai1="29,113,21,42,94,3,6,55,25,76,12,4,60" hai2="99,88,41,52,23,114,97,77,67,46,95,18,96" hai3="0,130,128,1,123,16,36,104,115,66,127,15,85"/><V135/><F114/><W35/><G104/><T51/><D33/><U122/><E113/><V81/><F135/><W53/><G115/><T22/><D133/><U20/><E3/><V40/><F67/><W26/><G123/><T50/><D126/><U71/><E122/><V90/><F90/><W125/><G36/><T39/><D39/><U31/><E42/><N who="2" m="16491" /><F77/><W63/><G85/><T120/><D120/><U27/><E76/><V65/><F65/><W9/><G53/><T100/><D22/><U69/><E94/><V38/><F81/><W112/><G112/><T17/><D83/><U47/><E71/><V110/><F110/><W28/><G63/><T117/><D103/><U109/><E109/><V56/><F46/><W102/><G66/><T80/><D80/><U48/><E69/><V129/><F129/><N who="3" m="49771" /><G102/><T118/><D61/><U92/><E60/><N who="2" m="35847" /><F38/><W132/><G132/><T24/><D64/><U79/><E79/><V43/><N who="2" m="16499" /><V89/><DORA hai="5" /><F89/><W124/><AGARI ba="0,0" hai="0,1,9,15,16,26,28,35,124,125,127" m="49771" machi="124" ten="40,12000,2" yaku="18,1,19,1,34,2,52,1,54,1" doraHai="44,5" who="3" fromWho="3" sc="159,-30,220,-30,230,-60,391,120" />
</Scene>
<Scene>
<INIT seed="3,0,0,3,5,82" ten="129,190,170,511" oya="3" hai0="100,87,102,96,21,81,80,39,52,86,74,99,9" hai1="48,16,15,55,44,33,13,73,92,34,7,89,11" hai2="112,78,107,101,98,46,2,43,129,14,113,8,64" hai3="122,123,127,6,121,85,69,12,70,83,32,109,126"/><W125/><G32/><T71/><D71/><N who="3" m="27145" /><G109/><T124/><D39/><U105/><E105/><V65/><F129/><W119/><G119/><T116/><D116/><U128/><E73/><V111/><F111/><W41/><G41/><T114/><D74/><U120/><E120/><V68/><F78/><N who="3" m="46327" /><G12/><T0/><D124/><U3/><E3/><V131/><F131/><W97/><G97/><N who="0" m="37451" /><D114/><U1/><E1/><V135/><F2/><W45/><G45/><T17/><D0/><U26/><E128/><V36/><F68/><W115/><G115/><T134/><D9/><U18/><E26/><V106/><F113/><W77/><G77/><N who="0" m="46351" /><D52/><U132/><E132/><V58/><F135/><W117/><G117/><T108/><D108/><U110/><E110/><V72/><F112/><W25/><G25/><N who="0" m="14511" /><D134/><U118/><E118/><V31/><F106/><W93/><G93/><T76/><AGARI ba="0,0" hai="76,81,87,100,102" m="14511,46351,37451" machi="76" ten="30,4000,0" yaku="8,1,52,2" doraHai="82" who="0" fromWho="0" sc="129,40,190,-10,170,-10,511,-20" />
</Scene>
<Scene>
<INIT seed="4,0,0,5,3,52" ten="169,180,160,491" oya="0" hai0="18,55,30,4,5,43,17,120,112,47,101,82,62" hai1="119,66,117,108,124,8,131,105,20,3,44,121,85" hai2="63,104,81,96,57,79,0,24,19,14,115,109,95" hai3="71,130,68,106,42,75,94,13,37,135,10,51,100"/><T114/><D120/><U97/><E121/><V23/><F109/><W64/><G106/><T73/><D101/><U16/><E108/><V88/><F115/><W78/><G37/><T103/><D103/><U65/><E97/><V116/><F116/><W123/><G135/><T59/><D30/><U89/><E105/><V122/><F104/><W102/><G130/><T90/><D114/><U87/><E131/><V54/><F122/><W67/><G94/><T60/><D112/><U33/><E33/><V29/><F0/><W27/><G27/><T80/><D62/><U61/><E124/><V118/><F118/><W133/><G78/><T69/><D69/><U53/><E87/><N who="2" m="48575" /><F14/><W45/><G75/><T34/><D34/><U12/><E119/><V2/><F2/><W46/><G133/><T50/><D73/><U40/><E117/><V129/><F129/><W7/><G123/><T76/><D76/><U39/><E3/><V35/><F35/><W9/><G13/><T128/><D128/><U86/><E86/><V127/><F127/><W41/><G51/><T111/><D111/><U99/><E99/><V56/><F56/><W126/><G126/><T91/><D82/><U70/><E8/><V74/><F74/><W98/><G98/><T132/><D132/><U110/><E110/><V48/><F48/><W83/><G83/><T28/><D80/><N who="1" m="49319" /><E70/><V84/><F84/><W11/><G11/><T134/><D134/><U113/><E113/><V25/><F25/><W107/><G107/><T92/><D92/><U49/><E39/><V38/><F38/><W26/><G26/><RYUUKYOKU ba="0,0" sc="169,-30,180,10,160,10,491,10" hai1="12,16,20,40,44,49,53,61,65,66" hai2="19,23,24,29,54,57,63,88,95,96" hai3="7,9,10,41,42,45,46,64,67,68,71,100,102" />
</Scene>
<Scene>
<INIT seed="5,1,0,4,0,30" ten="139,190,170,501" oya="1" hai0="2,45,25,126,39,13,75,11,36,88,40,69,29" hai1="68,83,73,4,102,63,135,47,27,112,8,116,85" hai2="80,79,127,9,53,130,128,46,66,59,98,22,118" hai3="115,105,44,52,23,34,32,54,16,99,125,94,90"/><U70/><E116/><V18/><F118/><W33/><G115/><T57/><D69/><U17/><E112/><V19/><F127/><W122/><G122/><T91/><D75/><U20/><E73/><V3/><F66/><W133/><G125/><T78/><D126/><U100/><E135/><V132/><F132/><W14/><G133/><T65/><D39/><U38/><E68/><V96/><F46/><W72/><G72/><T95/><D2/><U12/><E70/><V5/><F80/><W50/><REACH who="3" step="1"/><G105/><REACH who="3" ten="139,190,170,491" step="2"/><T56/><D78/><U49/><E38/><V1/><F79/><W84/><G84/><T60/><D57/><U113/><E113/><V31/><F59/><W106/><G106/><T89/><D95/><U93/><E93/><V71/><F71/><W48/><G48/><T26/><REACH who="0" step="1"/><D29/><REACH who="0" ten="129,190,170,491" step="2"/><U55/><E63/><V42/><F31/><W101/><G101/><T74/><D74/><U6/><E6/><AGARI ba="1,2" hai="6,11,13,25,26,36,40,45,56,60,65,88,89,91" machi="6" ten="40,2600,0" yaku="1,1,54,1,53,0" doraHai="30" doraHaiUra="64" who="0" fromWho="1" sc="129,49,190,-29,170,0,491,0" />
</Scene>
<Scene>
<INIT seed="6,0,0,3,3,15" ten="178,161,170,491" oya="2" hai0="86,53,94,34,27,130,39,0,72,20,135,120,30" hai1="73,33,18,101,21,99,76,22,89,17,16,109,78" hai2="24,64,46,68,66,31,127,93,112,23,125,61,114" hai3="132,105,124,52,5,43,82,26,3,58,8,65,131"/><V29/><F66/><W1/><G105/><T32/><D120/><U87/><E33/><V85/><F46/><W54/><G124/><N who="2" m="47689" /><F93/><W80/><G131/><T28/><D0/><U59/><E109/><V84/><F31/><W75/><G1/><T103/><D130/><U116/><E116/><V12/><F12/><W74/><G132/><T97/><D135/><U69/><E69/><V83/><F83/><W11/><G8/><T128/><D128/><U48/><E73/><V25/><F25/><W38/><G65/><T63/><D39/><U90/><E101/><V14/><F14/><W95/><G95/><T35/><D72/><U42/><E99/><V57/><F68/><W108/><G108/><T104/><D30/><U122/><E122/><V7/><F7/><W118/><G118/><T91/><D63/><U121/><E121/><V88/><F88/><N who="1" m="33897" /><E78/><V92/><F92/><W70/><G70/><T56/><D56/><U133/><E133/><V115/><AGARI ba="0,0" hai="23,24,29,57,61,64,84,85,112,114,115" m="47689" machi="115" ten="40,3900,0" yaku="15,1,18,1" doraHai="15" who="2" fromWho="2" sc="178,-13,161,-13,170,39,491,-13" />
</Scene>
<Scene>
<INIT seed="6,1,0,1,4,109" ten="165,148,209,478" oya="2" hai0="87,98,44,20,51,129,85,52,58,131,14,3,82" hai1="40,34,49,91,10,37,0,116,45,63,19,35,41" hai2="57,106,33,88,17,50,29,128,127,83,43,125,92" hai3="118,66,76,42,69,59,2,61,113,84,60,94,25"/><V132/><F106/><W81/><G118/><T123/><D123/><U5/><E116/><V95/><F128/><N who="0" m="49226" /><D3/><U8/><E63/><V1/><F1/><W39/><G113/><T4/><D98/><U114/><E114/><V68/><F68/><W111/><G2/><T46/><D87/><U117/><E117/><V27/><F132/><W130/><G94/><T96/><D96/><U103/><E103/><V36/><F36/><W108/><G130/><T21/><D4/><U38/><E91/><V134/><F134/><W97/><G97/><T30/><D30/><U22/><E10/><V120/><F120/><W74/><G74/><T99/><D99/><U104/><E104/><V78/><F17/><W23/><G42/><T75/><D75/><U32/><REACH who="1" step="1"/><E40/><REACH who="1" ten="165,138,209,478" step="2"/><V105/><F105/><W67/><G39/><T9/><D9/><U77/><E77/><V86/><F78/><W126/><G126/><N who="2" m="48137" /><F43/><W124/><G124/><T12/><D12/><AGARI ba="1,1" hai="0,5,8,12,19,22,32,34,35,37,38,41,45,49" machi="12" ten="40,8000,1" yaku="1,1,53,3" doraHai="109" doraHaiUra="28" who="1" fromWho="0" sc="165,-83,138,93,209,0,478,0" />
</Scene>
<Scene>
<INIT seed="7,0,0,5,0,75" ten="82,231,209,478" oya="3" hai0="60,93,59,41,62,64,74,31,117,18,85,63,112" hai1="90,24,9,12,3,32,92,58,33,67,134,72,52" hai2="104,45,65,17,125,50,4,5,39,98,95,107,38" hai3="30,14,35,47,102,79,91,21,114,27,101,94,129"/><W48/><G114/><T56/><D74/><U130/><E3/><V132/><F132/><W36/><G36/><T71/><D93/><U78/><E134/><V84/><F125/><W120/><G129/><T22/><D85/><U0/><E0/><V25/><F65/><W2/><G2/><T69/><D31/><U16/><E67/><V51/><F84/><N who="3" m="52583" /><G35/><T55/><D22/><U97/><E130/><V124/><F124/><W82/><G120/><T122/><D18/><U53/><E53/><V109/><F109/><W61/><G61/><N who="0" m="23659" /><D122/><U80/><E24/><V46/><F95/><W105/><G105/><T8/><D8/><U73/><E73/><V106/><F17/><W29/><G29/><T19/><D19/><U133/><E133/><V23/><F23/><W15/><G79/><T123/><D123/><U111/><E111/><V28/><F98/><W131/><G82/><T20/><D20/><U66/><E66/><V49/><F25/><W89/><G89/><T127/><D127/><U34/><E34/><V54/><F28/><W135/><G135/><T88/><D88/><U81/><E81/><V13/><F13/><N who="3" m="4619" /><G131/><T7/><D7/><N who="2" m="2634" /><F54/><AGARI ba="0,0" hai="21,27,30,47,48,54,101,102" m="4619,52583" machi="54" ten="30,1500,0" yaku="8,1" doraHai="75" who="3" fromWho="2" sc="82,0,231,0,209,-15,478,15" owari="82,-42.0,231,3.0,194,-21.0,493,60.0" />
</Scene>
</mjloggm>