<mjloggm ver="2.3"><GO type="169" lobby="0"/><UN n0="%E3%83%A4%E3%82%AD%E3%83%B3" n1="%41%53%41%50%49%4E" n2="%E3%81%99%E3%81%9F%E3%81%A1%E3%81%AA%2E" n3="%E6%B0%97%E6%A5%BD%E3%81%AB%E6%89%93%E3%81%A4" dan="16,18,16,16" rate="2079.06,2275.43,2027.23,2145.83" sx="M,M,M,M"/><TAIKYOKU oya="0"/>

<Scene>
<INIT seed="0,0,0,1,4,16" ten="250,250,250,250" oya="0" hai0="118,74,78,117,33,108,32,12,3,15,1,121,100" hai1="92,135,133,31,59,93,48,36,40,28,132,13,45" hai2="19,84,123,9,10,89,8,106,72,18,43,85,37" hai3="125,58,0,34,130,112,17,87,88,65,7,94,79"/><T75/><D100/><U50/><E13/><N who="0" m="5193" /><D78/><U56/><E36/><V69/><F72/><N who="0" m="27690" /><D121/><U104/><E104/><V24/><F69/><W120/><G120/><T115/><D115/><U25/><E31/><V5/><F5/><W97/><G7/><T128/><D128/><U20/><E56/><V30/><F106/><W80/><G130/><T101/><D101/><U23/><E23/><V114/><F114/><W68/><G112/><T41/><D41/><U110/><E110/><V113/><F113/><W96/><G79/><T105/><D105/><U63/><REACH who="1" step="1"/><E48/><REACH who="1" ten="250,240,250,250" step="2"/><V90/><F37/><W81/><G58/><T98/><D108/><U95/><E95/><V83/><F123/><W111/><G94/><T27/><D27/><U131/><E131/><V46/><F43/><W52/><G111/><T60/><D33/><U124/><E124/><V127/><F127/><W126/><G125/><T116/><D32/><U102/><E102/><V21/><F46/><W67/><G126/><T99/><D60/><U129/><E129/><V73/><F73/><W122/><G34/><T49/><D49/><U76/><E76/><V107/><F107/><W47/><G47/><T55/><D55/><AGARI ba="0,1" hai="20,25,28,40,45,50,55,59,63,92,93,132,133,135" machi="55" ten="40,5200,0" yaku="1,1,20,1,52,1,53,0" doraHai="16" doraHaiUra="82" who="1" fromWho="0" sc="250,-52,240,62,250,0,250,0" />
</Scene>
<Scene>
<INIT seed="1,0,0,3,3,131" ten="198,302,250,250" oya="1" hai0="48,133,90,104,29,88,5,127,132,83,61,2,49" hai1="19,11,110,95,40,16,111,13,44,112,100,79,66" hai2="57,15,94,54,60,21,80,115,97,103,75,67,106" hai3="134,38,56,70,18,53,101,113,4,125,72,25,20"/><U6/><E112/><V9/><F115/><W7/><G113/><T135/><D104/><U17/><E79/><V33/><F33/><W32/><G125/><T27/><D127/><U85/><E66/><V122/><F122/><W64/><G72/><T51/><D61/><U126/><E126/><V120/><F120/><W86/><G32/><N who="0" m="20543" /><D83/><U130/><E130/><V96/><F21/><W114/><G114/><T74/><D74/><U26/><E26/><V30/><F30/><W87/><G70/><T22/><D22/><U46/><E100/><V52/><F80/><W50/><G101/><T65/><D65/><U116/><E116/><V118/><F118/><W82/><G64/><T41/><D41/><U105/><E105/><V3/><F3/><W98/><G82/><T84/><D84/><U37/><REACH who="1" step="1"/><E44/><REACH who="1" ten="198,292,250,250" step="2"/><V117/><F117/><W8/><G25/><T91/><D5/><U10/><E10/><V34/><F75/><W109/><G8/><T99/><D2/><U71/><E71/><V14/><F67/><W39/><G4/><T92/><AGARI ba="0,1" hai="48,49,51,88,90,91,92,99,132,133,135" m="20543" machi="92" ten="40,8000,1" yaku="20,1,52,3,54,1" doraHai="131" who="0" fromWho="0" sc="198,90,292,-40,250,-20,250,-20" />
</Scene>
<Scene>
<INIT seed="2,0,0,2,1,105" ten="288,252,230,230" oya="2" hai0="30,118,38,10,33,123,84,111,89,65,25,116,94" hai1="76,98,75,1,5,77,100,27,99,66,109,124,20" hai2="3,64,70,44,56,112,78,22,129,86,133,91,80" hai3="128,117,49,103,17,45,47,6,67,95,108,125,113"/><V88/><F112/><W71/><G117/><N who="0" m="45163" /><D123/><U46/><E109/><V62/><F3/><W0/><G108/><T60/><D111/><U127/><E66/><V4/><F4/><W68/><G113/><T69/><D10/><N who="1" m="2351" /><E46/><V36/><F129/><W104/><G128/><T122/><D122/><U74/><E77/><V63/><F133/><W59/><G67/><T83/><D38/><U48/><E48/><V120/><F120/><W57/><G49/><T85/><D85/><U106/><E98/><V92/><F22/><W61/><G0/><T41/><D41/><U126/><E76/><V24/><F24/><W39/><G6/><T8/><D8/><U134/><E134/><V107/><F107/><W9/><G9/><T130/><D130/><U81/><E81/><AGARI ba="0,0" hai="25,30,33,60,65,69,81,83,84,89,94" m="45163" machi="81" ten="30,1000,0" yaku="12,1" doraHai="105" who="0" fromWho="1" sc="288,10,252,-10,230,0,230,0" />
</Scene>
<Scene>
<INIT seed="3,0,0,0,2,0" ten="298,242,230,230" oya="3" hai0="61,63,94,49,27,55,105,40,47,93,56,109,25" hai1="88,128,3,130,89,113,62,52,7,110,45,124,24" hai2="60,26,77,117,118,103,86,69,97,51,18,53,46" hai3="13,9,134,32,76,6,66,114,57,34,22,5,37"/><W44/><G114/><T135/><D105/><U2/><E113/><V104/><F77/><W42/><G134/><T33/><D135/><U4/><E110/><V17/><F86/><W80/><G5/><N who="1" m="2122" /><E24/><N who="0" m="9289" /><D33/><U11/><E11/><V91/><F91/><N who="1" m="34889" /><E124/><V29/><F117/><W82/><G22/><T126/><D126/><U28/><E28/><V81/><F81/><W95/><G82/><T108/><D63/><U78/><E78/><V72/><F72/><W75/><REACH who="3" step="1"/><G95/><REACH who="3" ten="298,242,230,220" step="2"/><T1/><D94/><U127/><E127/><V71/><F118/><W102/><G102/><T58/><D93/><U120/><E120/><V96/><F96/><W31/><G31/><T14/><D109/><U107/><E107/><V35/><F69/><W112/><G112/><T98/><D98/><U125/><E125/><V73/><REACH who="2" step="1"/><F73/><REACH who="2" ten="298,242,220,220" step="2"/><W119/><G119/><T121/><D108/><U132/><E132/><V70/><F70/><W85/><G85/><T106/><D121/><U99/><E99/><V129/><F129/><W74/><G74/><T48/><D106/><U68/><E130/><V19/><F19/><W10/><G10/><T54/><D1/><U12/><E128/><V16/><F16/><W38/><G38/><T111/><D111/><U87/><E87/><V43/><F43/><W79/><G79/><T101/><D101/><U59/><E68/><V41/><F41/><W122/><G122/><T15/><AGARI ba="0,2" hai="14,15,40,47,48,49,54,55,56,58,61" m="9289" machi="15" ten="30,1100,0" yaku="8,1" doraHai="0" who="0" fromWho="0" sc="298,31,242,-3,220,-3,220,-5" />
</Scene>
<Scene>
<INIT seed="4,0,0,0,4,17" ten="329,239,217,215" oya="0" hai0="127,115,116,13,134,59,49,97,31,34,77,46,10" hai1="112,14,6,36,33,120,91,54,11,61,128,131,15" hai2="125,0,124,58,19,129,16,85,37,104,107,75,123" hai3="3,63,65,81,71,18,117,133,24,2,42,5,69"/><T99/><D116/><U95/><E120/><V50/><F75/><W93/><G117/><T98/><D77/><U27/><E36/><V38/><F123/><W72/><G133/><T21/><D34/><U52/><E112/><V83/><F0/><W68/><G93/><T80/><D115/><U47/><E15/><V70/><F70/><W8/><G2/><T100/><D134/><U9/><E9/><V60/><F50/><W89/><G42/><T86/><D127/><N who="2" m="48714" /><F129/><N who="1" m="49737" /><E47/><V25/><F37/><W103/><G72/><T101/><D59/><U92/><E61/><V76/><F38/><W62/><G62/><T119/><D119/><U122/><E92/><V22/><F19/><W79/><G18/><N who="0" m="10447" /><D31/><N who="1" m="19711" /><E122/><V84/><F84/><AGARI ba="0,0" hai="6,11,14,52,54,84,91,95" m="19711,49737" machi="84" ten="30,2000,0" yaku="19,1,54,1" doraHai="17" who="1" fromWho="2" sc="329,0,239,20,217,-20,215,0" />
</Scene>
<Scene>
<INIT seed="5,0,0,3,3,48" ten="329,259,197,215" oya="1" hai0="18,15,52,70,109,99,119,35,131,96,66,68,123" hai1="128,55,4,33,115,130,62,83,94,17,77,97,36" hai2="126,114,23,110,103,12,37,34,32,45,8,6,43" hai3="105,73,117,74,63,120,81,42,125,113,71,39,124"/><U133/><E36/><V92/><F110/><W60/><G113/><T61/><D109/><U40/><E40/><V53/><F114/><W26/><G120/><T64/><D35/><U24/><E115/><V47/><F126/><N who="3" m="48747" /><G117/><T108/><D108/><U132/><E4/><V76/><F76/><N who="3" m="44175" /><G74/><T65/><D119/><U82/><E17/><V13/><F103/><W84/><G105/><T3/><D3/><U16/><E33/><V91/><F23/><W78/><G71/><T135/><D123/><U28/><E28/><V86/><REACH who="2" step="1"/><F12/><REACH who="2" ten="329,259,187,215" step="2"/><W56/><G78/><T44/><D15/><U59/><E77/><V58/><F58/><W122/><G56/><T107/><D70/><U14/><E130/><V2/><F2/><W134/><G122/><T72/><D68/><U41/><E128/><V85/><F85/><W19/><G84/><T127/><D131/><U100/><E24/><V69/><F69/><W118/><G118/><T57/><D127/><U93/><E100/><V49/><AGARI ba="0,1" hai="6,8,13,32,34,37,43,45,47,49,53,86,91,92" machi="49" ten="30,4000,0" yaku="1,1,0,1,52,1,53,0" doraHai="48" doraHaiUra="106" who="2" fromWho="2" sc="329,-10,259,-20,187,50,215,-10" />
</Scene>
<Scene>
<INIT seed="6,0,0,0,5,54" ten="319,239,237,205" oya="2" hai0="1,30,79,72,51,8,117,28,101,69,88,32,47" hai1="119,36,46,121,132,53,70,110,17,115,133,45,25" hai2="40,83,18,26,65,12,124,89,104,107,59,5,75" hai3="57,35,123,2,112,135,67,74,13,77,49,41,62"/><V10/><F124/><W103/><G123/><T114/><D101/><U9/><E119/><V96/><F40/><W24/><G2/><T29/><D69/><U37/><E70/><V131/><F131/><W50/><G135/><N who="1" m="51786" /><E121/><V120/><F120/><W6/><G112/><T116/><D114/><U4/><E115/><V82/><F75/><W68/><G103/><T22/><D32/><U102/><E110/><V58/><F104/><W84/><G74/><T129/><D129/><U91/><E102/><V16/><F107/><W3/><G3/><T42/><D79/><U92/><E17/><N who="2" m="6763" /><F26/><W60/><G24/><N who="0" m="16407" /><D72/><U90/><E25/><V134/><F134/><W118/><G118/><N who="0" m="45675" /><D88/><N who="1" m="33835" /><E92/><N who="2" m="56335" /><F65/><W128/><G67/><T113/><D113/><U109/><E109/><V38/><F38/><N who="1" m="14953" /><E53/><V127/><F127/><W95/><G128/><T64/><D64/><U27/><E27/><V48/><F48/><W94/><G50/><T130/><D130/><U122/><E122/><V85/><F85/><W20/><G84/><T125/><D125/><U61/><E61/><V56/><AGARI ba="0,0" hai="5,10,12,56,58,59,82,83" m="56335,6763" machi="56" ten="30,12000,1" yaku="8,1,52,3,54,1" doraHai="54" who="2" fromWho="2" sc="319,-40,239,-40,237,120,205,-40" />
</Scene>
<Scene>
<INIT seed="6,1,0,3,0,48" ten="279,199,357,165" oya="2" hai0="10,37,50,8,127,68,28,81,72,76,38,67,92" hai1="26,6,122,17,22,128,113,24,71,58,77,103,134" hai2="95,47,106,89,4,0,73,86,123,56,1,112,90" hai3="5,7,62,74,3,124,108,88,85,84,39,44,60"/><V130/><F123/><W25/><G108/><T54/><D127/><U120/><E71/><V119/><F119/><W100/><G74/><T97/><D28/><U110/><E110/><V70/><F70/><W133/><G124/><T23/><D23/><N who="1" m="13423" /><E103/><V15/><F73/><W13/><G3/><T78/><D78/><U107/><E77/><V79/><F79/><W64/><G133/><T96/><D96/><U36/><E6/><V57/><F106/><W2/><G2/><T118/><D118/><U115/><E36/><V93/><F112/><N who="1" m="43081" /><E107/><V105/><F105/><W14/><G100/><T51/><D38/><U135/><E58/><V19/><F47/><W61/><G44/><T125/><D37/><U87/><E87/><V55/><F130/><W69/><G39/><T126/><D68/><U116/><E116/><V11/><F57/><W32/><G84/><T45/><D76/><U29/><E128/><V132/><F132/><AGARI ba="1,0" hai="22,26,29,120,122,132,134,135" m="43081,13423" machi="132" ten="30,7700,0" yaku="20,1,15,1,34,2" doraHai="48" who="1" fromWho="2" sc="279,0,199,80,357,-80,165,0" />
</Scene>
<Scene>
<INIT seed="7,0,0,5,3,106" ten="279,279,277,165" oya="3" hai0="128,22,52,64,27,20,48,112,23,93,24,94,16" hai1="28,120,4,131,49,42,109,113,85,62,89,88,100" hai2="41,11,114,69,70,17,133,29,130,21,125,32,92" hai3="121,77,80,103,53,129,55,97,104,1,124,51,9"/><W45/><G121/><T86/><D128/><U60/><E109/><V39/><F114/><W118/><G129/><T107/><D107/><U57/><E131/><V135/><F130/><W78/><G118/><T75/><D75/><U65/><E120/><V36/><F11/><W95/><G124/><T7/><D112/><U71/><E113/><V116/><F116/><W99/><G55/><T15/><D64/><U33/><E100/><V43/><F29/><W102/><REACH who="3" step="1"/><G80/><REACH who="3" ten="279,279,277,155" step="2"/><T2/><D52/><N who="1" m="31887" /><E65/><V84/><F125/><W79/><G79/><T68/><D68/><U58/><E71/><V47/><F69/><W111/><G111/><T101/><D24/><U132/><E42/><V127/><F70/><W90/><G90/><T123/><D27/><U73/><E88/><N who="2" m="53255" /><F127/><W0/><G0/><T66/><D123/><U115/><E89/><V134/><F43/><W14/><G14/><T117/><D66/><U56/><E115/><V59/><F59/><W3/><G3/><T72/><D2/><U10/><E56/><V96/><F96/><W26/><G26/><T61/><D15/><U44/><E58/><V98/><F98/><W126/><G126/><T105/><D117/><U8/><E62/><V54/><F54/><W5/><AGARI ba="0,1" hai="1,5,9,45,51,53,77,78,95,97,99,102,103,104" machi="5" ten="30,6000,0" yaku="1,1,0,1,53,1" doraHai="106" doraHaiUra="91" who="3" fromWho="3" sc="279,-20,279,-20,277,-20,155,70" />
</Scene>
<Scene>
<INIT seed="7,1,0,5,3,129" ten="259,259,257,225" oya="3" hai0="109,17,14,78,124,57,51,58,22,5,48,41,96" hai1="20,123,38,37,125,10,11,73,110,64,66,79,53" hai2="26,91,12,76,75,4,39,60,25,34,93,74,98" hai3="135,15,127,88,28,3,59,130,40,117,94,107,35"/><W9/><G117/><T119/><D119/><U84/><E110/><V46/><F34/><W49/><G130/><T1/><D109/><U67/><E123/><V105/><F105/><W50/><G127/><T27/><D124/><U43/><E125/><V111/><F111/><W85/><G3/><T118/><D1/><U80/><E53/><V82/><F75/><W45/><G135/><T52/><D118/><U63/><E63/><V32/><F32/><W62/><G107/><T54/><D78/><U104/><E104/><V103/><F60/><W31/><G50/><T132/><D132/><U55/><E55/><V70/><F70/><W33/><G33/><T121/><D121/><U13/><E73/><V97/><F4/><W30/><G35/><T0/><D0/><U83/><E83/><V95/><REACH who="2" step="1"/><F12/><REACH who="2" ten="259,259,247,225" step="2"/><W71/><G71/><T99/><D41/><AGARI ba="1,1" hai="25,26,39,41,46,74,76,82,91,93,95,97,98,103" machi="41" ten="40,2600,0" yaku="1,1,2,1,53,0" doraHai="129" doraHaiUra="8" who="2" fromWho="0" sc="259,-29,259,0,247,39,225,0" />
</Scene>
<Scene>
<INIT seed="8,0,0,3,1,41" ten="230,259,286,225" oya="0" hai0="95,109,122,24,99,115,79,64,121,118,90,2,91" hai1="46,5,16,58,34,29,100,74,13,84,128,103,37" hai2="130,25,88,120,30,68,48,43,53,66,125,70,63" hai3="86,106,127,50,114,82,39,108,107,85,65,21,81"/><T80/><D2/><U40/><E74/><V23/><F120/><N who="0" m="46186" /><D24/><U113/><E128/><V110/><F110/><W49/><G21/><T135/><D64/><U92/><E5/><V19/><F43/><W89/><G65/><T119/><D109/><U111/><E111/><V97/><F125/><W11/><G108/><T3/><D3/><U75/><E75/><V117/><F117/><N who="0" m="44554" /><D115/><U131/><E131/><V51/><F70/><W124/><G39/><T20/><D20/><U133/><E133/><V32/><F130/><W83/><G11/><T56/><D56/><U42/><E113/><V9/><F9/><W4/><G114/><T22/><D22/><U104/><E58/><V8/><F8/><W129/><G129/><T62/><D62/><U10/><E34/><V132/><F132/><W123/><G123/><T59/><D59/><U28/><E29/><V60/><F60/><W72/><G4/><T73/><D135/><U77/><E28/><V54/><F30/><W15/><G15/><T105/><D105/><N who="3" m="39945" /><G50/><T6/><D6/><U78/><E104/><V0/><F0/><W55/><G49/><T44/><D44/><U31/><E31/><V96/><F32/><W12/><G12/><T18/><D18/><U57/><E57/><V94/><F51/><W38/><G38/><T33/><D33/><U71/><E71/><V76/><F48/><W69/><G69/><T98/><D98/><U35/><E35/><V112/><F112/><W52/><G127/><T26/><D26/><U67/><E37/><V87/><F97/><W7/><G124/><T126/><D126/><RYUUKYOKU ba="0,0" sc="230,15,259,-15,286,15,225,-15" hai0="73,79,80,90,91,95,99" hai2="19,23,25,53,54,63,66,68,76,87,88,94,96" />
</Scene>
<Scene>
<INIT seed="8,1,0,1,1,21" ten="245,244,301,210" oya="0" hai0="11,113,72,134,35,0,91,83,7,122,43,46,96" hai1="15,67,130,69,63,116,36,135,82,37,10,95,104" hai2="132,80,75,71,40,44,100,66,86,65,68,3,127" hai3="13,52,76,24,92,90,121,60,105,20,81,123,28"/><T34/><D113/><U9/><E116/><V88/><F3/><W110/><G105/><T114/><D114/><U99/><E104/><V79/><F100/><W58/><G110/><T54/><D122/><N who="3" m="46601" /><G13/><T106/><D54/><U30/><E130/><V47/><F132/><W101/><G101/><N who="0" m="62759" /><D91/><U103/><E135/><V74/><F127/><W4/><G4/><T128/><D128/><U62/><E9/><V56/><F47/><W50/><G50/><T131/><D131/><U124/><E124/><V109/><F109/><W97/><G81/><T45/><D45/><U64/><E30/><V120/><F120/><W117/><G117/><T115/><D115/><U84/><E84/><V42/><F42/><W19/><G76/><N who="0" m="44423" /><D134/><U25/><E82/><V8/><F75/><W126/><G126/><T39/><AGARI ba="1,0" hai="0,7,11,34,35,39,43,46" m="44423,62759" machi="39" ten="30,6000,0" yaku="25,1,33,2" doraHai="21" who="0" fromWho="0" sc="245,63,244,-21,301,-21,210,-21" owari="308,41.0,223,-18.0,280,8.0,189,-31.0" />
</Scene>
</mjloggm>