<mjloggm ver="2.3"><GO type="169"/><UN n0="%74%6E%6B%73%68%74" n1="%E3%81%91%E3%82%93%31%39%37%30" n2="%74%61%72%6F%6F" n3="%41%53%41%50%49%4E" dan="16,16,18,18" rate="2099,2082,2198,2240" sx="M,M,M,M"/><TAIKYOKU oya="0"/>

<Scene>
<INIT seed="0,0,0,3,0,76" ten="250,250,250,250" oya="0" hai0="65,129,63,31,34,82,120,32,67,104,38,81,18" hai1="71,110,14,74,109,12,111,40,70,3,97,100,93" hai2="84,28,125,43,35,130,42,66,17,102,2,121,44" hai3="61,24,62,6,92,23,105,1,47,122,10,53,29"/><T5/><D120/><U127/><E3/><V56/><F2/><W131/><G105/><T123/><D123/><U114/><E40/><V86/><F121/><W72/><G122/><T128/><D34/><U118/><E118/><V68/><F68/><W36/><G131/><N who="0" m="50251" /><D104/><U108/><E108/><V46/><F102/><W52/><G72/><T99/><D38/><U37/><E37/><V87/><F125/><W94/><G36/><T106/><D5/><U21/><E127/><V50/><F35/><W124/><G124/><T13/><D31/><U9/><E114/><V8/><F28/><W115/><G115/><T57/><D32/><U77/><E21/><V15/><F130/><W117/><G117/><T85/><D85/><U89/><E100/><V0/><F0/><W33/><G33/><T134/><D134/><U11/><E77/><V51/><F56/><W60/><REACH who="3" step="1"/><G47/><REACH who="3" ten="250,250,250,240" step="2"/><T78/><D78/><U26/><E74/><V91/><REACH who="2" step="1"/><F66/><REACH who="2" ten="250,250,240,240" step="2"/><W107/><G107/><T112/><D67/><U126/><E126/><V135/><F135/><W39/><G39/><T116/><D116/><U75/><E111/><V103/><F103/><W19/><G19/><T83/><D112/><U95/><E110/><V45/><F45/><W69/><G69/><T27/><D106/><U132/><E109/><V30/><F30/><W58/><G58/><T54/><D65/><U98/><E132/><V25/><F25/><W119/><G119/><T16/><D27/><U4/><E26/><V88/><AGARI ba="0,2" hai="8,15,17,42,43,44,46,50,51,84,86,87,88,91" machi="88" ten="30,8000,1" yaku="1,1,0,1,9,1,8,1,54,1,53,0" doraHai="76" doraHaiUra="20" who="2" fromWho="2" sc="250,-40,250,-20,240,100,240,-20" />
</Scene>
<Scene>
<INIT seed="1,0,0,3,1,116" ten="210,230,340,220" oya="1" hai0="56,42,8,25,37,98,74,99,27,131,84,120,130" hai1="83,40,123,94,122,41,53,95,91,100,55,54,20" hai2="78,65,85,46,10,17,125,97,90,63,31,104,132" hai3="75,93,106,68,96,45,13,34,108,115,7,103,33"/><U81/><E100/><V118/><F118/><W36/><G68/><T77/><D74/><U82/><E20/><V62/><F31/><W89/><G108/><T50/><D37/><U111/><E111/><V105/><F78/><W107/><G115/><T124/><D124/><U69/><E69/><V44/><F97/><W86/><G106/><T28/><D8/><U129/><E129/><N who="0" m="49161" /><D84/><U12/><E12/><V70/><F62/><W24/><G24/><T6/><D6/><U119/><E119/><V88/><F90/><W66/><G66/><T117/><D77/><U39/><E39/><V109/><F109/><W35/><G75/><T92/><D117/><U60/><E60/><V57/><F125/><W1/><G13/><T127/><D127/><U134/><E91/><V29/><F29/><W59/><G59/><T30/><D56/><U58/><E58/><V51/><F46/><W102/><G102/><N who="0" m="60743" /><D99/><U128/><E128/><V113/><F104/><W14/><G14/><T135/><D135/><U2/><E2/><V133/><F105/><W73/><G73/><T112/><D112/><U67/><E67/><V79/><F113/><W64/><G64/><T18/><D18/><U15/><E15/><N who="2" m="7415" /><F79/><W21/><G1/><T52/><D42/><N who="1" m="16491" /><E134/><V72/><F72/><W0/><G36/><T38/><D38/><U49/><E49/><V23/><F70/><W9/><G45/><N who="0" m="27727" /><D120/><AGARI ba="0,0" hai="53,54,55,81,82,83,94,95,120,122,123" m="16491" machi="120" ten="40,12000,1" yaku="28,2,52,3" doraHai="116" who="1" fromWho="0" sc="210,-120,230,120,340,0,220,0" />
</Scene>
<Scene>
<INIT seed="1,1,0,4,1,55" ten="90,350,340,220" oya="1" hai0="101,25,61,76,30,117,27,75,73,23,46,47,79" hai1="15,135,114,51,17,19,54,8,121,97,77,95,86" hai2="36,33,99,38,72,90,0,120,69,57,42,37,71" hai3="41,26,113,63,48,92,91,3,49,10,96,104,12"/><U14/><E121/><V81/><F120/><W115/><G3/><T22/><D101/><U83/><E114/><V108/><F33/><W94/><G104/><T21/><D61/><U67/><E135/><V105/><F0/><W62/><G113/><T31/><REACH who="0" step="1"/><D22/><REACH who="0" ten="80,350,340,220" step="2"/><U132/><E132/><V109/><F109/><W9/><G63/><T130/><D130/><U134/><E134/><V125/><F108/><W64/><G62/><T5/><D5/><U133/><E133/><V16/><F71/><W122/><G122/><T82/><D82/><U111/><E111/><V53/><F69/><W2/><G115/><T35/><D35/><U65/><E97/><V1/><F81/><W70/><G96/><T60/><D60/><U45/><E95/><V20/><F99/><W11/><G70/><T58/><D58/><U118/><REACH who="1" step="1"/><E118/><AGARI ba="1,1" hai="21,23,25,27,30,31,46,47,73,75,76,79,117,118" machi="118" ten="25,3200,0" yaku="1,1,22,2,53,0" doraHai="55" doraHaiUra="129" who="0" fromWho="1" sc="80,45,350,-35,340,0,220,0" />
</Scene>
<Scene>
<INIT seed="2,0,0,1,0,119" ten="125,315,340,220" oya="2" hai0="69,46,102,127,111,34,19,39,12,11,33,75,103" hai1="132,113,15,50,79,47,128,24,29,76,133,66,68" hai2="54,62,13,91,108,77,48,74,86,83,60,105,58" hai3="89,1,28,7,112,61,6,80,52,21,56,106,23"/><V26/><F105/><W78/><G106/><T129/><D75/><U45/><E113/><V40/><F108/><W82/><G112/><T10/><D69/><U41/><E66/><V2/><F2/><W32/><G32/><T121/><D111/><U49/><E68/><V130/><F130/><W92/><G1/><T65/><D65/><U38/><E128/><V98/><F26/><W131/><G131/><T88/><D129/><U63/><E63/><V27/><F27/><W107/><G107/><T110/><D110/><U120/><E15/><V124/><F124/><W87/><G82/><T135/><D127/><U94/><E94/><V104/><F40/><W96/><REACH who="3" step="1"/><G28/><REACH who="3" ten="125,315,340,210" step="2"/><T37/><D33/><U3/><E3/><V67/><F104/><W16/><G16/><T18/><D34/><U14/><E133/><V73/><F83/><W9/><G9/><T30/><D30/><U71/><E132/><V118/><F118/><W95/><G95/><T35/><D35/><U25/><E29/><V22/><F22/><AGARI ba="0,1" hai="6,7,21,22,23,52,56,61,78,80,87,89,92,96" machi="22" ten="40,8000,1" yaku="1,1,8,1,54,1,53,1" doraHai="119" doraHaiUra="93" who="3" fromWho="2" sc="125,0,315,0,340,-80,210,90" />
</Scene>
<Scene>
<INIT seed="3,0,0,3,0,88" ten="125,315,260,300" oya="3" hai0="68,74,26,98,117,43,45,82,91,8,9,131,124" hai1="80,94,81,78,4,21,22,46,110,53,49,62,112" hai2="114,109,130,32,129,111,29,28,123,118,90,55,128" hai3="65,25,17,56,18,1,3,63,127,5,77,72,89"/><W6/><G127/><T48/><D117/><U44/><E112/><V102/><F102/><W101/><G101/><T0/><D124/><U100/><E4/><V47/><F114/><W79/><G72/><T87/><D68/><U76/><E62/><V69/><F69/><W7/><G25/><T86/><D131/><U23/><E110/><N who="2" m="41995" /><F118/><W66/><G89/><T134/><D74/><U64/><E64/><N who="3" m="24682" /><G56/><T83/><D134/><U84/><E46/><V107/><F107/><W20/><G20/><T99/><D26/><U85/><E100/><V50/><F32/><W37/><G37/><T57/><D57/><U61/><E61/><V39/><F123/><W16/><G63/><T52/><D43/><U92/><AGARI ba="0,0" hai="21,22,23,44,49,53,76,78,80,81,84,85,92,94" machi="92" ten="30,8000,1" yaku="0,1,9,1,8,1,52,2" doraHai="88" who="1" fromWho="1" sc="125,-20,315,80,260,-20,300,-40" />
</Scene>
<Scene>
<INIT seed="4,0,0,4,4,106" ten="105,395,240,260" oya="0" hai0="122,61,129,104,78,73,41,2,72,90,34,16,127" hai1="59,115,52,99,134,75,33,0,27,86,39,43,54" hai2="23,35,96,62,24,63,13,3,118,1,7,31,25" hai3="58,95,74,135,121,88,79,120,130,6,18,11,46"/><T57/><D122/><N who="3" m="47209" /><G130/><T112/><D104/><U116/><E0/><V123/><F123/><W100/><G135/><T22/><D34/><U50/><E116/><V66/><F118/><W91/><G18/><T44/><D2/><U32/><E134/><V93/><F13/><N who="3" m="5367" /><G58/><T83/><D129/><U14/><E14/><V76/><F76/><W77/><G46/><T101/><D127/><U80/><E27/><V85/><F85/><W55/><G55/><T49/><D112/><U125/><E99/><V113/><F113/><W40/><G40/><T4/><D101/><U98/><E98/><V71/><F63/><W60/><G60/><T114/><D114/><U28/><E28/><V94/><F7/><W105/><G105/><T47/><D4/><U102/><E43/><V17/><REACH who="2" step="1"/><F94/><REACH who="2" ten="105,395,230,260" step="2"/><W126/><G77/><T37/><D90/><AGARI ba="0,1" hai="1,3,17,23,24,25,31,35,62,66,71,90,93,96" machi="90" ten="30,3900,0" yaku="1,1,2,1,7,1,53,0" doraHai="106" doraHaiUra="119" who="2" fromWho="0" sc="105,-39,395,0,230,49,260,0" />
</Scene>
<Scene>
<INIT seed="5,0,0,1,2,39" ten="66,395,279,260" oya="1" hai0="72,100,122,80,103,89,87,135,41,71,94,55,48" hai1="96,57,59,50,114,113,106,125,3,26,8,124,86" hai2="32,27,102,31,56,110,37,49,84,11,40,95,128" hai3="58,121,118,24,23,105,117,132,13,130,129,25,54"/><U66/><E86/><V15/><F110/><W111/><G105/><T119/><D119/><N who="3" m="45577" /><G111/><T47/><D135/><U76/><E76/><V78/><F128/><N who="3" m="49259" /><G132/><T88/><D71/><U6/><E26/><V65/><F37/><W7/><G121/><T74/><D122/><U30/><E30/><V2/><F2/><W112/><G112/><T19/><D74/><U82/><E82/><V98/><F65/><W17/><G7/><T4/><D4/><U60/><E50/><AGARI ba="0,0" hai="13,17,23,24,25,50,54,58" m="49259,45577" machi="50" ten="30,2000,0" yaku="12,1,19,1" doraHai="39" who="3" fromWho="1" sc="66,0,395,-20,279,0,260,20" />
</Scene>
<Scene>
<INIT seed="6,0,0,4,4,91" ten="66,375,279,280" oya="2" hai0="89,127,39,8,86,119,33,94,50,44,114,92,38" hai1="67,52,41,10,56,20,49,72,125,66,75,15,68" hai2="118,83,71,29,57,53,124,99,24,34,129,105,117" hai3="108,21,22,1,46,27,87,132,5,88,109,61,17"/><V23/><F71/><W126/><G132/><T4/><D127/><U112/><E125/><V59/><F124/><W63/><G126/><T80/><D114/><U70/><E112/><V121/><F121/><W6/><G108/><T116/><D33/><U54/><E41/><V0/><F0/><W77/><G109/><T76/><D39/><U64/><E20/><V47/><F129/><W42/><G77/><T96/><D38/><U102/><E102/><V100/><F47/><W7/><G1/><T36/><D36/><U110/><E110/><V35/><F83/><W131/><G131/><T133/><D133/><U79/><E79/><V111/><F111/><W65/><G65/><T73/><D73/><U84/><E84/><V43/><F43/><W113/><G113/><T120/><D120/><U104/><E104/><V19/><F59/><W14/><G46/><T48/><D92/><U26/><E26/><V90/><F90/><W85/><G85/><T106/><D106/><U98/><E98/><V30/><F35/><W58/><G58/><T122/><D122/><U97/><E97/><V60/><REACH who="2" step="1"/><F34/><REACH who="2" ten="66,375,269,280" step="2"/><W123/><G42/><T16/><D16/><U13/><E70/><V62/><F62/><W40/><G40/><T9/><D9/><U45/><E68/><V11/><F11/><W135/><G123/><T69/><D69/><U25/><E10/><V78/><F78/><W93/><G135/><T51/><REACH who="0" step="1"/><D44/><REACH who="0" ten="56,375,269,280" step="2"/><U2/><E45/><V130/><F130/><W28/><AGARI ba="0,2" hai="5,6,7,14,17,21,22,27,28,61,63,87,88,93" machi="28" ten="30,7900,0" yaku="0,1,8,1,52,1,54,1" doraHai="91" who="3" fromWho="3" sc="56,-20,375,-20,269,-39,280,99" />
</Scene>
<Scene>
<INIT seed="7,0,0,5,3,24" ten="36,355,230,379" oya="3" hai0="122,56,107,88,75,131,77,76,119,128,15,2,23" hai1="110,73,116,114,70,91,100,55,98,50,118,6,60" hai2="94,72,53,20,62,65,59,57,85,71,43,78,97" hai3="103,101,40,32,135,132,130,21,3,113,95,96,105"/><W30/><G3/><T46/><D107/><U125/><E110/><V42/><F72/><W8/><G32/><T35/><D35/><U127/><E6/><V121/><F121/><W16/><G113/><T14/><D2/><U86/><E70/><V67/><F71/><W29/><G8/><T74/><D56/><U109/><E109/><V0/><F0/><W54/><G130/><T41/><D23/><U123/><E60/><V9/><F9/><W18/><G40/><T80/><D41/><U106/><E55/><V81/><F67/><W19/><G21/><T52/><D46/><U51/><E51/><V133/><F133/><N who="3" m="51275" /><G54/><T37/><D37/><U38/><E50/><V45/><F45/><W26/><G26/><T58/><D58/><U89/><E38/><V27/><F59/><W39/><G39/><T13/><D52/><U102/><E123/><V63/><F63/><W126/><G126/><N who="1" m="48138" /><E73/><V104/><F104/><W1/><G1/><T44/><D122/><U11/><E11/><V36/><F36/><W87/><G103/><T31/><D44/><U47/><E47/><V134/><F134/><W108/><G108/><T10/><D10/><U115/><E102/><V17/><REACH who="2" step="1"/><F65/><REACH who="2" ten="36,355,220,379" step="2"/><W22/><G105/><T68/><D131/><U69/><E69/><V66/><F66/><W111/><G111/><T48/><D128/><U5/><E5/><V112/><F112/><N who="1" m="43049" /><E91/><AGARI ba="0,1" hai="17,20,27,42,43,53,57,62,78,81,85,91,94,97" machi="91" ten="30,8000,1" yaku="1,1,7,1,25,2,8,1,53,0" doraHai="24" doraHaiUra="117" who="2" fromWho="1" sc="36,0,355,-80,220,90,379,0" owari="36,-46.0,275,-12.0,310,11.0,379,47.0" />
</Scene>
</mjloggm>