<mjloggm ver="2.3"><GO type="169"/><UN n0="%E3%83%9A%E3%83%81%E3%83%A7%E3%83%BC%E3%83%AA%E3%83%B3" n1="%E3%81%B9%E3%81%A3%E3%81%93%E3%83%BC%E2%99%AA" n2="%41%53%41%50%49%4E" n3="%E3%81%82%E3%82%93%E3%81%96%E3%82%93" dan="18,17,18,17" rate="2195,2128,2248,2124" sx="M,F,M,M"/><TAIKYOKU oya="0"/>

<Scene>
<INIT seed="0,0,0,1,5,7" ten="250,250,250,250" oya="0" hai0="129,6,125,76,37,103,95,124,45,19,110,115,63" hai1="116,98,56,106,27,107,2,126,87,23,51,61,62" hai2="90,108,52,17,13,58,42,109,11,97,70,120,114" hai3="101,121,113,54,83,71,117,53,75,47,80,67,134"/><T14/><D115/><U122/><E122/><V111/><F114/><W26/><G117/><T135/><D6/><U105/><E116/><V40/><F70/><W74/><G113/><T5/><D5/><U9/><E126/><N who="0" m="48745" /><D135/><U85/><E98/><V48/><F120/><W130/><G101/><T84/><D129/><U73/><E73/><V96/><F96/><W91/><G26/><T32/><D32/><U49/><E2/><V18/><F18/><W79/><G67/><T127/><D63/><U46/><E9/><V133/><F133/><W41/><G130/><T4/><D4/><U0/><E0/><V55/><F55/><W21/><G54/><T89/><D76/><U69/><E69/><V10/><F10/><W66/><G71/><T8/><N who="0" m="48753" /><T72/><DORA hai="86" /><D72/><U12/><E62/><V93/><AGARI ba="0,0" hai="11,13,17,40,42,48,52,58,90,93,97,108,109,111" machi="93" ten="40,8000,1" yaku="0,1,14,1,52,2,54,1" doraHai="7,86" who="2" fromWho="2" sc="250,-40,250,-20,250,80,250,-20" />
</Scene>
<Scene>
<INIT seed="1,0,0,3,0,83" ten="210,230,330,230" oya="1" hai0="103,97,84,105,15,25,69,53,9,63,40,102,123" hai1="132,104,131,89,10,8,54,56,119,86,85,49,113" hai2="2,126,117,59,107,35,7,39,3,130,5,109,129" hai3="79,78,125,33,82,55,110,34,100,118,45,32,65"/><U27/><E104/><V116/><F107/><W135/><G110/><T57/><D123/><U20/><E119/><N who="2" m="45643" /><F39/><W128/><G118/><T64/><D40/><U120/><E120/><V37/><F37/><W72/><G125/><T47/><D47/><U52/><E113/><V19/><F59/><W111/><G111/><T60/><D25/><U16/><E132/><V11/><F109/><W66/><G128/><N who="2" m="49257" /><F35/><W74/><G135/><T42/><D42/><U101/><E131/><V58/><F58/><W87/><G100/><T12/><D103/><U30/><E101/><V124/><F19/><W70/><G78/><T36/><D36/><U98/><E54/><V127/><F11/><N who="1" m="4137" /><E30/><V93/><F93/><AGARI ba="0,0" hai="16,20,27,49,52,56,85,86,89,93,98" m="4137" machi="93" ten="30,12000,1" yaku="8,1,52,2,54,2" doraHai="83" who="1" fromWho="2" sc="210,0,230,120,330,-120,230,0" />
</Scene>
<Scene>
<INIT seed="1,1,0,5,3,58" ten="210,350,210,230" oya="1" hai0="112,110,31,125,4,42,82,108,135,69,101,70,109" hai1="18,3,13,100,130,80,74,111,30,49,48,7,124" hai2="123,122,78,133,36,20,63,128,15,60,96,44,47" hai3="9,29,54,102,19,79,28,17,99,46,131,10,26"/><U76/><E130/><V38/><F128/><W134/><G79/><T119/><D112/><U129/><E129/><V41/><F133/><W71/><G71/><N who="0" m="27147" /><D31/><N who="3" m="11849" /><G131/><T92/><D4/><U64/><E64/><V72/><F72/><W34/><G134/><T86/><D42/><U132/><E132/><V6/><F78/><W91/><G34/><T90/><D135/><U115/><E115/><V55/><F96/><W35/><G35/><T127/><D119/><U121/><E121/><N who="2" m="46091" /><F20/><W89/><G102/><T126/><D101/><U16/><E100/><V88/><F88/><N who="3" m="33867" /><G99/><T37/><D37/><N who="2" m="14442" /><F15/><W25/><G54/><T98/><D98/><U81/><E76/><V14/><F14/><W43/><G43/><T5/><D5/><U87/><E13/><V51/><F6/><W62/><G62/><T8/><D8/><N who="3" m="3177" /><G46/><T53/><D53/><U23/><E74/><V116/><F116/><W21/><G21/><T27/><D27/><AGARI ba="1,0" hai="17,19,25,26,27" m="3177,33867,11849" machi="27" ten="30,7700,0" yaku="28,2,8,1,54,1" doraHai="58" who="3" fromWho="0" sc="210,-80,350,0,210,0,230,80" />
</Scene>
<Scene>
<INIT seed="2,0,0,0,5,86" ten="130,350,210,310" oya="2" hai0="23,38,113,94,90,5,134,63,39,9,45,74,99" hai1="116,127,71,62,24,129,65,66,13,55,84,85,83" hai2="52,131,118,40,67,20,123,4,0,119,11,103,36" hai3="54,26,14,121,33,125,114,8,124,79,3,30,47"/><V72/><F123/><W76/><G121/><T78/><D113/><U61/><E116/><V50/><F131/><W42/><G114/><T19/><D134/><U32/><E129/><V64/><F72/><W115/><G115/><T130/><D130/><U37/><E37/><V93/><F40/><W104/><G104/><T59/><D45/><U111/><E127/><N who="3" m="48714" /><G3/><T6/><D74/><U128/><E128/><V7/><F36/><N who="3" m="21959" /><G54/><T31/><D78/><U100/><E111/><V102/><F118/><W58/><G58/><T49/><D49/><U81/><E100/><N who="2" m="38443" /><F0/><W112/><G112/><T96/><D31/><U70/><E55/><V18/><F93/><W68/><G68/><T41/><D41/><U60/><E13/><N who="2" m="5375" /><F4/><AGARI ba="0,0" hai="4,8,14,26,30,33,76,79" m="21959,48714" machi="4" ten="30,1000,0" yaku="18,1" doraHai="86" who="3" fromWho="2" sc="130,0,350,0,210,-10,310,10" />
</Scene>
<Scene>
<INIT seed="3,0,0,5,3,69" ten="130,350,200,320" oya="3" hai0="3,91,49,26,33,102,83,29,51,131,113,21,73" hai1="68,41,126,94,19,8,80,117,98,85,90,15,63" hai2="27,18,1,88,38,57,82,20,61,71,53,122,127" hai3="76,118,84,112,86,37,32,96,92,66,59,120,14"/><W108/><G118/><T99/><D131/><U34/><E126/><V93/><F38/><W48/><G120/><T101/><D3/><U62/><E34/><V2/><F127/><W35/><G112/><T67/><D113/><U45/><E117/><V56/><F71/><W130/><G130/><T43/><D67/><U30/><E30/><V9/><F122/><W40/><G108/><T12/><D73/><U16/><E19/><V23/><F82/><W47/><G14/><T7/><D33/><U60/><E68/><V78/><F78/><W89/><G86/><N who="0" m="50655" /><D99/><U121/><E121/><V25/><F56/><W110/><G110/><T13/><D13/><U46/><REACH who="1" step="1"/><E41/><REACH who="1" ten="130,340,200,320" step="2"/><V111/><F111/><W72/><G32/><T11/><D43/><U50/><E50/><AGARI ba="0,1" hai="7,11,12,21,26,29,49,50,51,101,102" m="50655" machi="50" ten="30,1000,0" yaku="8,1" doraHai="69" who="0" fromWho="1" sc="130,20,340,-10,200,0,320,0" />
</Scene>
<Scene>
<INIT seed="4,0,0,0,3,3" ten="150,330,200,320" oya="0" hai0="107,111,43,102,96,120,94,86,58,132,81,70,115" hai1="134,85,0,75,82,41,39,72,121,34,93,83,114" hai2="117,18,24,56,101,59,31,26,79,110,4,128,44" hai3="23,80,15,112,14,108,37,20,119,84,105,92,30"/><T7/><D120/><U123/><E34/><V133/><F110/><W88/><G105/><T13/><D70/><U61/><E134/><V29/><F133/><W116/><G37/><T19/><D132/><U46/><E114/><V113/><F113/><W97/><G108/><T100/><D115/><U17/><E0/><V25/><F128/><W62/><G112/><T8/><D111/><U27/><E61/><V51/><F117/><W40/><G40/><T52/><D43/><U118/><E93/><V53/><F101/><W127/><G127/><T10/><D107/><U95/><E95/><V54/><F79/><W47/><G47/><T48/><D102/><U122/><E118/><V77/><F44/><W32/><G32/><T16/><D10/><U90/><E82/><V103/><F103/><W125/><G125/><T104/><D104/><U71/><E71/><V22/><F77/><AGARI ba="0,0" hai="7,8,13,16,19,48,52,58,77,81,86,94,96,100" machi="77" ten="30,12000,1" yaku="7,1,8,1,52,1,54,2" doraHai="3" who="0" fromWho="2" sc="150,120,330,0,200,-120,320,0" />
</Scene>
<Scene>
<INIT seed="4,1,0,5,3,122" ten="270,330,80,320" oya="0" hai0="102,126,16,98,5,119,112,17,62,77,31,133,75" hai1="51,53,0,131,70,120,121,95,57,55,135,118,18" hai2="1,58,27,8,127,56,10,107,48,110,115,40,86" hai3="113,9,64,39,93,19,22,21,11,30,94,54,20"/><T29/><D119/><U79/><E70/><V83/><F107/><W84/><G39/><T96/><D5/><U35/><E118/><V42/><F115/><W37/><G37/><T36/><D36/><U117/><E0/><V34/><F127/><W38/><G38/><T12/><D112/><U80/><E35/><V49/><F34/><W129/><G64/><T68/><D126/><U76/><E117/><V74/><F27/><W41/><G41/><T13/><D133/><U25/><E135/><V67/><F67/><W89/><G129/><T87/><D75/><U63/><E79/><V32/><F32/><W28/><G113/><T44/><D44/><U114/><E114/><V104/><F104/><W73/><G73/><T106/><D102/><U72/><E131/><V91/><F74/><W99/><G54/><T78/><D106/><U59/><E95/><V123/><F1/><W109/><G109/><T7/><D7/><U3/><E3/><V108/><F86/><W82/><G94/><T116/><D116/><U85/><E72/><V101/><F91/><W103/><REACH who="3" step="1"/><G19/><REACH who="3" ten="270,330,80,310" step="2"/><T24/><D17/><U134/><E134/><V125/><F125/><W130/><G130/><T105/><D105/><U69/><E69/><V97/><F83/><W124/><G124/><T50/><D68/><U61/><E51/><V132/><F132/><W46/><G46/><T88/><D50/><U23/><AGARI ba="1,1" hai="18,23,25,53,55,57,59,61,63,76,80,85,120,121" machi="23" ten="30,2000,0" yaku="0,1,9,1" doraHai="122" who="1" fromWho="1" sc="270,-11,330,33,80,-6,310,-6" />
</Scene>
<Scene>
<INIT seed="5,0,0,5,3,120" ten="259,363,74,304" oya="1" hai0="56,81,34,93,87,94,5,45,124,12,135,19,67" hai1="13,40,106,14,107,0,102,69,1,89,75,32,78" hai2="125,80,6,24,101,10,130,63,60,90,47,128,66" hai3="36,8,28,97,112,119,133,57,103,11,134,16,50"/><U64/><E40/><V113/><F125/><W110/><G36/><T116/><D34/><U41/><E41/><V71/><F101/><W76/><G76/><T88/><D116/><U23/><E32/><V55/><F24/><W2/><G28/><T53/><D5/><U27/><E78/><V79/><F90/><W25/><G119/><T132/><D124/><U26/><E75/><V114/><F55/><N who="3" m="31991" /><G112/><N who="2" m="43113" /><F60/><W44/><G44/><T4/><D4/><U73/><E73/><N who="2" m="43119" /><F47/><W121/><G25/><T21/><D67/><U62/><E89/><V61/><F61/><W126/><G103/><T111/><D45/><U68/><E102/><V46/><F46/><W42/><G42/><T3/><D53/><U65/><E62/><V37/><F37/><W123/><G126/><T29/><D88/><U17/><E23/><V52/><F52/><W127/><G127/><T85/><D21/><U129/><E17/><V92/><F92/><W96/><G16/><T35/><D93/><U59/><E59/><V98/><F98/><W104/><G96/><T70/><D94/><U18/><E18/><V117/><F117/><W77/><G97/><T39/><D56/><U33/><E33/><V100/><F100/><W54/><G123/><T74/><D35/><U9/><E9/><V48/><F48/><W58/><G11/><T15/><D19/><U95/><E95/><V86/><F86/><W109/><G121/><T22/><D85/><U51/><E51/><V20/><F20/><W31/><G77/><T115/><D39/><U38/><E38/><V72/><F72/><W105/><G105/><RYUUKYOKU ba="0,0" sc="259,-15,363,15,74,15,304,-15" hai1="0,1,13,14,26,27,64,65,68,69,106,107,129" hai2="6,10,63,66,71,128,130" />
</Scene>
<Scene>
<INIT seed="5,1,0,0,2,53" ten="244,378,89,289" oya="1" hai0="106,89,82,132,94,116,75,61,104,38,11,52,128" hai1="122,125,120,12,109,43,134,16,46,101,39,45,130" hai2="74,70,54,0,37,41,92,65,2,66,5,50,35" hai3="8,25,32,124,59,117,93,57,107,36,131,133,14"/><U68/><E68/><V135/><F74/><W77/><G107/><T31/><D38/><U111/><E125/><V58/><F35/><W80/><G36/><T44/><D116/><U26/><E46/><V114/><F5/><W13/><G124/><T115/><D31/><U99/><E26/><V33/><F33/><W49/><G117/><T71/><D71/><U121/><E134/><V10/><F10/><W96/><G133/><T23/><D11/><U28/><E28/><V30/><F30/><W127/><G32/><T47/><D104/><N who="1" m="63551" /><E12/><V76/><F76/><W98/><G98/><T27/><D106/><U81/><E81/><V78/><F78/><W126/><G25/><T6/><D6/><U55/><E16/><V48/><F135/><W9/><G49/><N who="2" m="19049" /><F92/><W22/><G93/><T119/><D94/><U79/><E79/><V69/><F0/><W67/><G77/><T20/><D27/><U72/><E72/><V85/><F85/><W51/><G51/><T91/><D20/><U60/><E109/><V4/><F4/><W97/><G22/><T118/><D23/><U15/><E15/><V64/><F2/><W95/><G67/><N who="2" m="17153" /><V88/><DORA hai="73" /><F88/><W123/><G95/><T40/><D89/><U18/><E111/><V110/><F110/><W100/><G80/><T102/><D91/><U42/><E120/><V87/><F87/><W129/><G123/><T62/><D82/><U29/><E29/><V63/><F114/><W21/><G21/><T86/><D115/><U84/><E121/><V56/><F56/><W103/><AGARI ba="1,0" hai="8,9,13,14,57,59,96,97,100,103,126,127,129,131" machi="103" ten="25,8000,1" yaku="0,1,22,2,52,2" doraHai="53,73" who="3" fromWho="3" sc="244,-21,378,-41,89,-21,289,83" />
</Scene>
<Scene>
<INIT seed="6,0,0,1,3,50" ten="223,337,68,372" oya="2" hai0="52,21,20,32,44,6,74,56,118,86,122,39,121" hai1="15,5,19,85,88,76,111,40,59,65,42,132,43" hai2="83,82,29,66,99,128,37,23,105,97,94,64,106" hai3="34,4,38,117,54,131,135,68,11,13,46,114,47"/><V75/><F37/><W25/><G117/><T7/><D74/><U60/><E111/><V0/><F0/><W109/><G68/><T91/><D32/><U36/><E132/><V78/><F29/><W49/><G109/><T119/><D39/><U3/><E3/><V72/><F23/><N who="0" m="8778" /><D44/><U2/><E2/><V55/><F128/><W73/><G73/><T17/><D17/><U35/><E35/><V129/><F129/><W89/><G131/><T92/><D7/><U123/><E123/><V31/><F31/><W115/><G135/><T26/><D6/><U16/><E36/><V126/><F126/><W30/><REACH who="3" step="1"/><G89/><REACH who="3" ten="223,337,68,362" step="2"/><T45/><D121/><U33/><E33/><V127/><F127/><W9/><G9/><T98/><D122/><U48/><E76/><N who="2" m="44295" /><F64/><W77/><G77/><T63/><D118/><U1/><E1/><V14/><F66/><W51/><G51/><N who="0" m="28783" /><D119/><U62/><E48/><V80/><F55/><W10/><G10/><T100/><D26/><U79/><E79/><N who="2" m="44159" /><F14/><W71/><G71/><T90/><D86/><U120/><E120/><V102/><F99/><W96/><G96/><T112/><D98/><U104/><E62/><V133/><F133/><W84/><G84/><AGARI ba="0,1" hai="78,83,84,94,97,102,105,106" m="44159,44295" machi="84" ten="30,12000,1" yaku="35,5" doraHai="50" who="2" fromWho="3" sc="223,0,337,0,68,130,362,-120" />
</Scene>
<Scene>
<INIT seed="6,1,0,4,2,22" ten="223,337,198,242" oya="2" hai0="69,119,41,92,87,133,23,71,107,80,108,48,9" hai1="104,81,5,132,134,16,101,68,8,64,33,44,19" hai2="128,73,46,102,31,7,26,39,21,103,55,106,20" hai3="32,86,95,53,13,59,135,123,78,94,17,60,49"/><V34/><F73/><W38/><G38/><T11/><D107/><U90/><E33/><V2/><F128/><W84/><G135/><N who="1" m="51754" /><E44/><V43/><F55/><W111/><G32/><T40/><D92/><N who="3" m="35369" /><G111/><T113/><D23/><U18/><E64/><V66/><F66/><N who="3" m="39199" /><G123/><T47/><D87/><N who="1" m="50543" /><E68/><V62/><F62/><W89/><G78/><T130/><D69/><U96/><E18/><V63/><F63/><W124/><G89/><T0/><D71/><U88/><E88/><V35/><F35/><W56/><G124/><T93/><D80/><U79/><E79/><V36/><F36/><W75/><G75/><T72/><D93/><U114/><E114/><V3/><F102/><W118/><G118/><T51/><D113/><U58/><E58/><V74/><F74/><W82/><G82/><T61/><D47/><U83/><E83/><V30/><F7/><W115/><G115/><T25/><D72/><U70/><E70/><V76/><F76/><W125/><G125/><T112/><D108/><U27/><E27/><V57/><F57/><W85/><G85/><T126/><D25/><U6/><E6/><V14/><F34/><W67/><G67/><T50/><D112/><U65/><E65/><V121/><F121/><W97/><G97/><T105/><D119/><U109/><E109/><V117/><F117/><W116/><G116/><T10/><D126/><U77/><E77/><V127/><F127/><W12/><G17/><T4/><D4/><U37/><E37/><V110/><F110/><W91/><G91/><T24/><D133/><U100/><E100/><V129/><F103/><RYUUKYOKU ba="1,0" sc="223,-15,337,15,198,-15,242,15" hai1="5,8,16,19,96,101,104" hai3="12,13,49,53,56,84,86" />
</Scene>
<Scene>
<INIT seed="7,2,0,0,3,51" ten="208,352,183,257" oya="3" hai0="55,86,100,132,25,37,111,26,129,89,61,56,107" hai1="22,18,12,90,47,93,81,30,122,29,7,121,84" hai2="113,4,72,130,13,87,88,119,106,82,28,50,34" hai3="92,68,110,0,73,109,103,59,39,11,49,128,124"/><W97/><G39/><T3/><D111/><N who="3" m="42505" /><G68/><T94/><D37/><U116/><E116/><V16/><F119/><W76/><G128/><T101/><D3/><U112/><E112/><V32/><F106/><W52/><G124/><T36/><D36/><U62/><E121/><V71/><F71/><W123/><G123/><T60/><D129/><U120/><E120/><V46/><F130/><W64/><G64/><N who="0" m="38919" /><D107/><U65/><E122/><V1/><F113/><W27/><G27/><N who="0" m="10251" /><D132/><U9/><E47/><V15/><F72/><W118/><G118/><T53/><D61/><U6/><E81/><V134/><F134/><W108/><N who="3" m="42513" /><W31/><DORA hai="57" /><G31/><N who="1" m="11786" /><E22/><V54/><F28/><W48/><G48/><T104/><D104/><U127/><E127/><V44/><F44/><W126/><G126/><T135/><D135/><U115/><E115/><V70/><F70/><W5/><G73/><T10/><D10/><U23/><E65/><V83/><F83/><W85/><G85/><T35/><D35/><U8/><E62/><V21/><REACH who="2" step="1"/><F1/><REACH who="2" ten="208,352,173,257" step="2"/><W79/><AGARI ba="2,1" hai="0,5,11,49,52,59,76,79,92,97,103" m="42513" machi="79" ten="40,7800,0" yaku="10,1,52,1,54,1" doraHai="51,57" who="3" fromWho="3" sc="208,-28,352,-28,173,-28,257,94" owari="180,-22.0,324,12.0,145,-35.0,351,45.0" />
</Scene>
</mjloggm>