<mjloggm ver="2.3"><GO type="169"/><UN n0="%E7%B7%9A%E5%BD%A2%E8%A8%88%E7%94%BB%E6%B3%95" n1="%41%53%41%50%49%4E" n2="%E3%81%84%E3%81%A1%E3%81%8B%E3%82%8F%E2%99%AA" n3="%7A%6B%75%72%74" dan="16,18,17,17" rate="2044,2238,2130,2192" sx="M,M,M,M"/><TAIKYOKU oya="0"/>

<Scene>
<INIT seed="0,0,0,5,3,118" ten="250,250,250,250" oya="0" hai0="77,86,59,48,65,12,130,95,63,7,133,127,1" hai1="120,122,103,9,76,14,11,128,26,68,51,53,101" hai2="37,104,52,98,134,47,25,108,111,84,102,30,60" hai3="99,22,16,29,6,69,132,35,106,13,94,115,91"/><T23/><D130/><U4/><E68/><V119/><F119/><W93/><G69/><T19/><D127/><U107/><E128/><V114/><F134/><W74/><G74/><T67/><D133/><U72/><E76/><V43/><F114/><W100/><G115/><T38/><D38/><U97/><E72/><V112/><F84/><W70/><G70/><T85/><D65/><U105/><E26/><V50/><F60/><W42/><G42/><T27/><D1/><U123/><E11/><V49/><F37/><W33/><G132/><T79/><D48/><U61/><E61/><V3/><F3/><W15/><G106/><T44/><D44/><U39/><E39/><V129/><F112/><W46/><G46/><T56/><D56/><U45/><E101/><V41/><F129/><W64/><G64/><T75/><D75/><U81/><E81/><V73/><F73/><W0/><G29/><T57/><D57/><U121/><N who="1" m="30720" /><DORA hai="31" /><U87/><REACH who="1" step="1"/><E87/><REACH who="1" ten="250,240,250,250" step="2"/><V89/><F89/><W21/><G91/><N who="0" m="53743" /><D86/><U88/><E88/><V82/><F82/><W135/><G135/><T109/><D109/><N who="2" m="42058" /><F50/><W58/><G100/><T110/><D110/><U2/><E2/><V113/><F113/><W71/><G0/><T8/><AGARI ba="0,1" hai="7,8,12,19,23,27,59,63,67,77,79" m="53743" machi="8" ten="30,1500,0" yaku="8,1" doraHai="118,31" who="0" fromWho="0" sc="250,25,240,-5,250,-5,250,-5" />
</Scene>
<Scene>
<INIT seed="0,1,0,3,5,133" ten="275,235,245,245" oya="0" hai0="85,48,111,35,60,98,103,96,102,12,116,44,0" hai1="38,27,112,123,89,104,52,51,115,84,128,25,32" hai2="1,131,23,95,80,49,68,126,58,127,79,74,117" hai3="92,73,9,109,113,63,64,124,75,11,65,41,130"/><T99/><D0/><U108/><E123/><V8/><F68/><W76/><G113/><N who="1" m="43594" /><E38/><V97/><F117/><W34/><G34/><T22/><D35/><U86/><E104/><V125/><F23/><W87/><G41/><T90/><D116/><U19/><E32/><V57/><F49/><W61/><G92/><T30/><D60/><U5/><E108/><V37/><F37/><W54/><G87/><N who="1" m="33322" /><E89/><N who="2" m="55535" /><F131/><W91/><G91/><T4/><D111/><U39/><E39/><V106/><F106/><W31/><G109/><T121/><D121/><U14/><E5/><AGARI ba="1,0" hai="1,5,8,57,58,74,79,80,125,126,127" m="55535" machi="5" ten="30,7700,0" yaku="18,1,52,3" doraHai="133" who="2" fromWho="1" sc="275,0,235,-80,245,80,245,0" />
</Scene>
<Scene>
<INIT seed="1,0,0,2,5,125" ten="275,155,325,245" oya="1" hai0="120,132,29,10,11,78,91,42,94,101,117,2,112" hai1="32,49,85,0,80,124,40,27,97,54,123,73,135" hai2="36,130,84,3,77,56,74,109,79,108,114,65,43" hai3="118,134,26,110,106,70,25,44,59,23,99,98,68"/><U67/><E123/><V15/><F3/><W5/><G110/><N who="2" m="42601" /><F74/><W21/><G118/><T1/><D112/><U76/><E124/><V122/><F122/><W46/><G59/><T129/><D117/><U111/><E0/><V100/><F100/><W17/><G5/><T48/><D101/><U35/><E111/><V75/><F75/><W14/><G14/><T128/><D132/><U127/><E127/><V45/><F114/><W51/><G134/><T104/><D104/><U37/><E135/><V83/><F15/><W87/><G87/><T81/><D29/><U30/><E73/><V96/><F96/><W61/><G61/><T121/><D2/><U41/><E35/><V133/><F133/><W28/><G106/><T57/><D1/><U16/><E37/><V92/><F92/><W20/><G20/><T47/><D57/><U58/><E67/><V50/><F79/><W19/><G51/><T24/><D24/><U113/><E113/><V105/><F105/><W13/><G13/><T93/><D93/><U6/><E6/><V63/><F50/><W31/><AGARI ba="0,0" hai="17,19,21,23,25,26,28,31,44,46,68,70,98,99" machi="31" ten="25,3200,0" yaku="0,1,22,2" doraHai="125" who="3" fromWho="3" sc="275,-8,155,-16,325,-8,245,32" />
</Scene>
<Scene>
<INIT seed="2,0,0,4,1,100" ten="267,139,317,277" oya="2" hai0="129,64,76,83,77,125,72,30,58,19,120,63,82" hai1="41,123,29,79,69,36,117,34,114,18,78,40,96" hai2="0,17,43,101,44,5,80,21,71,22,127,2,1" hai3="51,113,103,104,97,68,32,38,66,8,13,55,54"/><V46/><F71/><W35/><G38/><T48/><D120/><U115/><E117/><V107/><F127/><W49/><G113/><T3/><D125/><U111/><E69/><V7/><F80/><W87/><G87/><T61/><D3/><U12/><E123/><V60/><F60/><W10/><G10/><T14/><D30/><U124/><E124/><V73/><F73/><W57/><G66/><T99/><D99/><U56/><E111/><V42/><F1/><W45/><REACH who="3" step="1"/><G68/><REACH who="3" ten="267,139,317,267" step="2"/><T23/><D129/><U6/><E36/><V75/><F75/><W112/><G112/><T26/><D48/><U128/><E114/><V118/><F118/><W132/><G132/><T88/><D61/><U50/><E128/><V98/><F0/><W133/><G133/><T130/><D130/><U119/><E115/><V92/><F2/><W65/><G65/><T106/><D72/><U4/><E119/><V121/><F121/><W53/><G53/><T9/><D63/><U109/><E109/><V122/><F122/><W108/><G108/><T39/><D9/><U62/><E62/><V59/><F43/><W95/><G95/><T47/><D64/><U102/><E41/><V105/><F42/><W24/><G24/><T93/><D26/><N who="1" m="18743" /><E40/><V52/><F44/><W11/><G11/><T84/><D39/><U91/><E4/><AGARI ba="0,1" hai="4,8,13,32,35,45,49,51,54,55,57,97,103,104" machi="4" ten="30,3900,0" yaku="1,1,7,1,52,1,53,0" doraHai="100" doraHaiUra="33" who="3" fromWho="1" sc="267,0,139,-39,317,0,267,49" />
</Scene>
<Scene>
<INIT seed="3,0,0,0,4,107" ten="267,100,317,316" oya="3" hai0="43,69,8,58,90,27,85,21,127,104,82,4,112" hai1="29,98,130,32,54,126,45,37,51,92,7,9,105" hai2="42,41,95,78,52,63,31,94,119,134,88,74,65" hai3="25,64,83,34,113,129,120,81,13,47,125,3,106"/><W40/><G3/><T19/><D69/><U76/><E130/><V16/><F95/><W77/><G106/><T26/><D104/><U89/><E126/><V20/><F31/><W132/><G120/><T61/><D127/><U79/><E105/><V15/><F134/><W117/><G117/><T67/><D112/><U36/><E29/><V53/><F119/><W111/><G64/><T97/><D97/><U11/><E32/><V23/><F23/><W84/><G113/><T59/><D43/><N who="2" m="16394" /><F74/><W17/><G125/><T103/><D103/><U96/><E96/><N who="2" m="57415" /><F78/><W118/><G118/><T24/><REACH who="0" step="1"/><D59/><AGARI ba="0,0" hai="15,16,20,52,53,59,63,65" m="57415,16394" machi="59" ten="30,7700,0" yaku="8,1,54,3" doraHai="107" who="2" fromWho="0" sc="267,-77,100,0,317,77,316,0" />
</Scene>
<Scene>
<INIT seed="4,0,0,0,4,115" ten="190,100,394,316" oya="0" hai0="49,72,95,91,129,93,97,22,74,34,28,1,87" hai1="124,29,54,109,86,66,118,55,84,64,14,121,113" hai2="128,20,8,103,48,39,16,58,4,116,73,61,53" hai3="69,76,125,45,40,68,82,21,0,79,7,5,56"/><T46/><D1/><U44/><E109/><V62/><F73/><W119/><G125/><T130/><D34/><U17/><E121/><V47/><F128/><N who="0" m="49258" /><D22/><U83/><E124/><V13/><F103/><W30/><G21/><T123/><D28/><U24/><E113/><V85/><F85/><W107/><G30/><T88/><D123/><U2/><E2/><V63/><F39/><W9/><G7/><T122/><D122/><U108/><E108/><V15/><REACH who="2" step="1"/><F116/><REACH who="2" ten="190,100,384,316" step="2"/><W43/><G119/><T94/><D94/><U37/><E118/><V51/><F51/><W50/><G107/><T60/><D60/><U89/><E37/><V81/><F81/><W133/><G82/><T112/><D112/><U111/><E111/><V132/><F132/><W78/><G133/><T75/><D75/><U59/><E84/><V42/><AGARI ba="0,1" hai="4,8,13,15,16,20,42,47,48,53,58,61,62,63" machi="42" ten="20,16000,3" yaku="1,1,0,1,7,1,8,1,54,1,53,3" doraHai="115" doraHaiUra="57" who="2" fromWho="2" sc="190,-80,100,-40,384,170,316,-40" />
</Scene>
<Scene>
<INIT seed="5,0,0,5,5,38" ten="110,60,554,276" oya="1" hai0="27,75,113,103,64,120,7,49,1,29,89,90,16" hai1="117,22,94,135,114,17,85,115,80,128,52,31,99" hai2="100,66,104,125,74,82,127,3,111,102,58,2,5" hai3="122,25,39,106,124,11,56,6,21,54,35,59,95"/><U132/><E117/><V48/><F111/><W0/><G106/><T51/><D75/><U121/><E31/><V45/><F58/><W18/><G122/><T105/><D120/><U72/><E121/><V67/><F66/><W116/><G124/><N who="2" m="47689" /><F67/><W98/><G39/><T68/><D113/><N who="1" m="43019" /><E72/><V110/><F110/><W91/><G116/><T19/><D7/><U126/><E126/><V61/><F61/><W32/><REACH who="3" step="1"/><G59/><REACH who="3" ten="110,60,554,266" step="2"/><T36/><D36/><U73/><E128/><V12/><F104/><W43/><G43/><T15/><D105/><U62/><E135/><V60/><F60/><AGARI ba="0,1" hai="0,6,11,18,21,25,32,35,54,56,60,91,95,98" machi="60" ten="30,7700,0" yaku="1,1,7,1,25,2,53,0" doraHai="38" doraHaiUra="118" who="3" fromWho="2" sc="110,0,60,0,554,-77,266,87" />
</Scene>
<Scene>
<INIT seed="6,0,0,1,5,72" ten="110,60,477,353" oya="2" hai0="49,65,95,42,99,1,33,58,106,26,98,87,97" hai1="73,79,105,14,85,46,4,102,8,100,35,2,96" hai2="60,75,36,68,38,104,128,48,30,124,22,135,3" hai3="133,103,13,115,127,37,91,69,77,34,131,101,120"/><V63/><F104/><W86/><G37/><T54/><D1/><U50/><E35/><V84/><F3/><W10/><G69/><T41/><D106/><U47/><E100/><V118/><F75/><W113/><G34/><T122/><D122/><U39/><E73/><V134/><F118/><W64/><G64/><T81/><D95/><U55/><E39/><V29/><F22/><W74/><G120/><T17/><D65/><U67/><E67/><V119/><F48/><W56/><G56/><T59/><D59/><U27/><E27/><V108/><F119/><W111/><G111/><T116/><D116/><U19/><E47/><V130/><F84/><W45/><G45/><T18/><D33/><U0/><REACH who="1" step="1"/><E4/><REACH who="1" ten="110,50,477,353" step="2"/><V21/><F38/><W6/><G103/><T70/><D70/><U94/><E94/><V28/><F36/><W5/><G5/><T117/><D117/><U9/><E9/><V20/><F68/><W109/><G101/><T78/><D26/><U132/><E132/><V7/><F7/><W76/><G133/><N who="2" m="50697" /><F108/><W43/><G74/><T32/><D32/><U66/><E66/><V83/><F21/><W125/><G109/><T114/><D114/><U80/><AGARI ba="0,1" hai="0,2,8,14,19,46,50,55,79,80,85,96,102,105" machi="80" ten="30,7900,0" yaku="1,1,0,1,52,1,53,1" doraHai="72" doraHaiUra="15" who="1" fromWho="1" sc="110,-20,50,89,477,-39,353,-20" />
</Scene>
<Scene>
<INIT seed="7,0,0,0,2,90" ten="90,139,438,333" oya="3" hai0="114,91,88,106,32,4,33,67,16,58,59,128,52" hai1="89,24,80,98,27,86,43,74,49,0,115,10,42" hai2="120,126,12,117,25,76,55,40,14,39,129,57,112" hai3="48,62,113,54,44,20,97,111,103,72,84,85,95"/><W13/><G72/><T83/><D106/><U26/><E115/><V100/><F120/><W127/><G113/><T45/><D114/><U21/><E74/><V119/><F112/><W123/><G123/><T81/><D128/><U110/><E110/><V94/><F129/><W6/><G111/><T35/><D4/><U118/><E118/><V131/><F131/><W28/><G127/><T104/><D104/><U87/><E0/><V135/><F126/><W69/><G69/><T53/><D67/><U61/><E10/><V116/><F135/><W78/><G78/><T121/><D121/><U133/><E133/><V96/><F76/><W56/><G6/><T70/><D70/><U130/><E130/><V79/><F25/><N who="1" m="9833" /><E61/><V3/><F79/><W30/><G13/><T65/><D65/><U37/><E98/><V107/><F107/><W9/><G9/><T8/><D8/><U122/><E37/><V64/><F64/><W47/><G47/><T134/><D134/><U2/><E2/><V93/><F40/><N who="3" m="24583" /><G20/><T132/><D132/><U66/><E66/><V99/><F39/><W92/><G92/><T31/><D35/><U73/><E73/><V77/><F77/><W124/><G124/><T34/><D34/><U19/><E122/><V18/><F3/><W23/><G23/><T1/><D1/><U50/><E43/><V105/><F12/><W71/><G71/><T7/><D45/><U101/><E42/><V11/><F105/><W46/><G46/><T60/><D60/><U75/><E75/><V68/><F68/><W82/><G85/><T41/><D41/><RYUUKYOKU ba="0,0" sc="90,-10,139,-10,438,-10,333,30" hai3="28,30,54,56,62,82,84,95,97,103" />
</Scene>
<Scene>
<INIT seed="7,1,0,1,0,2" ten="80,129,428,363" oya="3" hai0="97,27,49,39,54,95,31,44,119,24,21,99,101" hai1="58,79,134,130,103,135,67,4,91,56,124,11,115" hai2="111,36,116,46,98,33,110,25,7,105,77,14,106" hai3="132,78,57,10,28,90,48,20,96,61,81,109,13"/><W41/><G132/><N who="1" m="50730" /><E115/><V83/><F116/><W60/><G109/><T12/><D119/><U6/><E130/><V72/><F106/><W18/><G96/><T32/><D39/><U128/><E128/><V70/><F14/><W80/><G90/><T23/><D32/><U127/><E103/><N who="2" m="62711" /><F7/><N who="1" m="2601" /><E11/><V22/><F22/><W112/><G112/><T108/><D108/><U131/><E131/><V133/><F70/><W40/><G61/><T117/><D117/><U104/><E104/><V102/><F102/><W30/><G81/><T86/><D99/><U17/><E17/><V125/><F125/><N who="1" m="48201" /><E67/><V120/><F133/><W53/><G10/><T3/><D3/><U42/><E42/><N who="2" m="22855" /><F120/><W87/><G41/><T93/><D12/><U45/><E45/><AGARI ba="1,0" hai="13,18,20,28,30,40,45,48,53,57,60,78,80,87" machi="45" ten="40,2000,0" yaku="8,1" doraHai="2" who="3" fromWho="1" sc="80,0,129,-23,428,0,363,23" />
</Scene>
<Scene>
<INIT seed="7,2,0,1,2,43" ten="80,106,428,386" oya="3" hai0="54,72,89,127,95,11,37,100,26,131,21,112,80" hai1="123,5,8,32,128,134,111,66,116,108,56,133,90" hai2="114,6,36,81,120,24,122,27,129,9,105,84,17" hai3="45,59,74,0,130,104,22,44,79,31,52,19,35"/><W91/><G0/><T93/><D37/><U28/><E128/><V40/><F105/><W57/><G104/><T121/><D121/><N who="2" m="46698" /><F129/><W58/><G130/><T101/><D131/><U97/><E123/><V94/><F114/><W13/><G35/><T119/><D119/><U102/><E116/><V63/><F17/><W73/><G31/><T48/><D127/><U67/><E90/><N who="2" m="51471" /><F94/><N who="0" m="35850" /><D112/><U20/><E32/><V126/><F63/><W23/><G91/><T15/><D72/><U99/><E20/><V75/><F75/><W68/><G68/><T76/><D76/><U110/><E28/><V3/><F126/><W125/><G125/><T51/><D51/><U98/><E102/><N who="0" m="39529" /><D89/><U29/><E29/><V14/><F3/><W78/><G74/><T87/><D87/><U25/><E25/><V107/><F107/><W7/><G7/><N who="0" m="3583" /><D80/><U96/><E96/><V85/><F85/><W82/><G79/><T106/><D106/><U109/><E109/><V2/><F40/><W135/><G135/><N who="1" m="51722" /><E56/><V38/><F2/><AGARI ba="2,0" hai="2,5,8,66,67,97,98,99,108,110,111" m="51722" machi="2" ten="40,1300,0" yaku="20,1" doraHai="43" who="1" fromWho="2" sc="80,0,106,19,428,-19,386,0" owari="80,-42.0,125,-27.0,409,50.0,386,19.0" />
</Scene>
</mjloggm>