<mjloggm ver="2.3"><GO type="169"/><UN n0="%E3%81%A9%E3%81%86%E3%81%9F%E3%81%AC%E3%81%8D%EF%BC%8D%EF%BC%91" n1="%41%53%41%50%49%4E" n2="%E3%82%A6%E3%82%A3%E3%83%89%E3%82%A5%EF%BC%A0%E9%98%AA%E7%A5%9E" n3="%E5%8F%8D%E9%99%BD%E5%AD%90%E3%81%95%E3%82%93" dan="17,18,16,17" rate="2123,2225,2154,2251" sx="M,M,M,F"/><TAIKYOKU oya="0"/>

<Scene>
<INIT seed="0,0,0,4,5,129" ten="250,250,250,250" oya="0" hai0="127,6,75,38,104,126,71,103,73,13,34,135,76" hai1="69,0,33,2,32,122,120,88,66,107,42,94,109" hai2="1,41,27,72,61,52,84,99,22,85,53,89,91" hai3="83,86,123,3,87,74,7,64,50,110,19,47,134"/><T40/><D13/><U16/><E107/><V90/><F72/><N who="0" m="27722" /><D6/><U112/><E112/><V102/><F1/><W67/><G123/><T106/><D76/><U55/><E42/><V58/><F53/><W119/><G119/><T48/><D48/><U113/><E113/><V39/><F39/><W65/><G3/><T125/><D34/><U118/><E118/><V95/><REACH who="2" step="1"/><F41/><REACH who="2" ten="250,250,240,250" step="2"/><W63/><G67/><T11/><D40/><U31/><E55/><V56/><F56/><W124/><G65/><T46/><D71/><U78/><E66/><V44/><F44/><W5/><G47/><T43/><D11/><U57/><E69/><V36/><F36/><W21/><G64/><T80/><D80/><U111/><E57/><V108/><F108/><W117/><G110/><T18/><D18/><AGARI ba="0,1" hai="18,22,27,52,58,61,84,85,89,90,91,95,99,102" machi="18" ten="40,5200,0" yaku="1,1,8,1,54,1,53,0" doraHai="129" doraHaiUra="9" who="2" fromWho="0" sc="250,-52,250,0,240,62,250,0" /><BYE who="0" /><UN n0="%E3%81%A9%E3%81%86%E3%81%9F%E3%81%AC%E3%81%8D%EF%BC%8D%EF%BC%91" />
</Scene>
<Scene>
<INIT seed="1,0,0,0,1,32" ten="198,250,302,250" oya="1" hai0="108,5,134,61,73,43,94,74,58,9,111,89,59" hai1="131,103,109,26,23,19,107,40,4,95,44,41,49" hai2="2,130,56,10,65,120,121,21,92,33,20,45,133" hai3="31,24,28,17,76,99,69,114,80,47,98,124,81"/><U42/><E107/><V60/><F33/><W100/><G114/><T27/><D43/><U91/><E103/><V8/><F133/><W54/><G69/><T93/><D134/><U135/><E135/><V122/><F130/><W118/><G124/><T57/><D61/><U1/><E131/><V104/><F104/><W62/><G118/><T14/><D27/><U116/><E116/><V50/><F92/><W30/><G100/><T123/><D123/><U101/><E101/><V35/><F35/><W72/><G81/><T7/><D89/><U53/><E109/><N who="0" m="42057" /><D14/><U110/><E110/><V96/><F96/><W82/><G80/><T113/><D9/><U97/><REACH who="1" step="1"/><E4/><REACH who="1" ten="198,240,302,250" step="2"/><N who="0" m="1609" /><D113/><U37/><E37/><V63/><F120/><W16/><G99/><T77/><D77/><U0/><AGARI ba="0,1" hai="0,1,19,23,26,40,41,42,44,49,53,91,95,97" machi="0" ten="30,12000,1" yaku="1,1,0,1,52,2,53,1" doraHai="32" doraHaiUra="84" who="1" fromWho="1" sc="198,-40,240,130,302,-40,250,-40" /><BYE who="0" /><UN n0="%E3%81%A9%E3%81%86%E3%81%9F%E3%81%AC%E3%81%8D%EF%BC%8D%EF%BC%91" />
</Scene>
<Scene>
<INIT seed="1,1,0,5,3,100" ten="158,370,262,210" oya="1" hai0="103,132,6,34,59,28,108,2,86,18,23,40,92" hai1="4,127,16,1,85,90,89,82,131,43,128,74,46" hai2="135,83,80,13,27,73,61,69,97,78,88,37,33" hai3="84,75,109,130,115,48,11,10,87,102,45,94,114"/><U58/><E74/><V42/><F135/><W5/><G75/><T71/><D71/><U14/><E127/><V65/><F37/><W63/><G109/><T52/><D108/><U57/><E90/><V8/><F42/><W117/><G130/><N who="1" m="49706" /><E1/><V95/><F83/><W9/><G5/><T99/><D40/><U39/><E4/><V54/><F54/><W21/><G117/><T91/><D132/><U98/><E98/><V49/><F49/><W104/><G63/><T116/><D116/><U101/><E101/><V72/><F27/><W113/><G21/><AGARI ba="1,0" hai="14,16,21,39,43,46,57,58,82,85,89" m="49706" machi="21" ten="30,2900,0" yaku="19,1,54,1" doraHai="100" who="1" fromWho="3" sc="158,0,370,32,262,0,210,-32" />
</Scene>
<Scene>
<INIT seed="1,2,0,1,4,15" ten="158,402,262,178" oya="1" hai0="61,84,80,48,127,99,32,100,43,52,31,39,30" hai1="74,58,117,92,10,35,75,6,69,14,67,114,54" hai2="90,104,81,50,62,4,49,88,29,9,28,103,130" hai3="109,40,86,89,19,26,122,106,82,51,20,131,73"/><U46/><E114/><V44/><F130/><W63/><G106/><T33/><D127/><U34/><E117/><V126/><F126/><W42/><G131/><T77/><D61/><U66/><E46/><V24/><F62/><W110/><G122/><T47/><D33/><U115/><E115/><V27/><F104/><W113/><G113/><T5/><D5/><U22/><E69/><V107/><F107/><W133/><G133/><T65/><D65/><U72/><E35/><V95/><F103/><W3/><G3/><T71/><D32/><U78/><E34/><V56/><F56/><W124/><G124/><T60/><D60/><U125/><E125/><V118/><F118/><W96/><G63/><T111/><D111/><N who="3" m="42505" /><G96/><T70/><D71/><U120/><E120/><V36/><F36/><W121/><G121/><T132/><D132/><U116/><E116/><V18/><F4/><W97/><G97/><T7/><D7/><U45/><E58/><V101/><F101/><W11/><G73/><T16/><D70/><U17/><E78/><V8/><F44/><N who="3" m="25991" /><G11/><T2/><D2/><U53/><E66/><V38/><F38/><W83/><G42/><T1/><D1/><N who="1" m="335" /><E67/><V91/><F91/><W25/><G25/><T23/><D43/><U64/><E64/><V59/><F59/><W68/><G68/><T135/><D135/><U85/><E45/><V41/><F41/><W128/><G128/><T105/><D39/><U0/><E0/><V79/><F79/><W55/><G55/><T37/><D37/><U57/><E57/><V93/><F81/><AGARI ba="2,0" hai="19,20,26,81,82,83,86,89" m="25991,42505" machi="81" ten="30,2000,0" yaku="14,1,52,1" doraHai="15" who="3" fromWho="2" sc="158,0,402,0,262,-26,178,26" />
</Scene>
<Scene>
<INIT seed="2,0,0,4,4,57" ten="158,402,236,204" oya="2" hai0="65,132,91,87,95,60,94,41,135,38,89,83,29" hai1="127,78,17,86,84,50,51,44,128,99,75,39,71" hai2="46,42,45,111,30,134,61,131,93,25,48,27,80" hai3="49,73,10,55,62,63,6,12,52,120,85,23,126"/><V103/><F131/><W1/><G73/><T34/><D34/><U54/><E128/><V36/><F134/><W47/><G120/><T8/><D29/><U3/><E71/><V59/><F111/><W18/><G126/><T82/><D41/><U19/><E39/><V124/><F124/><W31/><G31/><T88/><D38/><U115/><E3/><V20/><F25/><W24/><G1/><T122/><D122/><U66/><E66/><V133/><F133/><N who="0" m="51274" /><D8/><U5/><E5/><V9/><F9/><W110/><G110/><T69/><D83/><U109/><E115/><V68/><F68/><W97/><G97/><T67/><D65/><U58/><E75/><V96/><F80/><W81/><G55/><T70/><D70/><U11/><E78/><AGARI ba="0,0" hai="6,10,12,18,23,24,47,49,52,62,63,78,81,85" machi="78" ten="30,8000,1" yaku="7,1,8,1,52,2,54,1" doraHai="57" who="3" fromWho="1" sc="158,0,402,-80,236,0,204,80" /><AGARI ba="0,0" hai="60,67,69,78,82,87,88,89,91,94,95" m="51274" machi="78" ten="30,3900,0" yaku="20,1,52,1,54,1" doraHai="57" who="0" fromWho="1" sc="158,39,322,-39,236,0,284,0" />
</Scene>
<Scene>
<INIT seed="3,0,0,2,3,124" ten="197,283,236,284" oya="3" hai0="15,128,111,46,59,26,60,11,57,12,30,54,126" hai1="13,97,63,37,17,19,132,87,2,43,76,108,32" hai2="101,110,91,34,71,135,116,93,8,49,127,129,41" hai3="25,16,31,35,52,3,102,56,121,9,42,45,77"/><W10/><G121/><T95/><D126/><U36/><E32/><V68/><F116/><W88/><G102/><T23/><D111/><U44/><E2/><V1/><F127/><W4/><G77/><T75/><D75/><U82/><E108/><V28/><F110/><W22/><G10/><T0/><D0/><U113/><E113/><V120/><F101/><W6/><G6/><T84/><D46/><U83/><E132/><V131/><F135/><W5/><G5/><T133/><D133/><U47/><E97/><V74/><F74/><W117/><G117/><T51/><D11/><U80/><E63/><V114/><F114/><W70/><G70/><T123/><D123/><U92/><E92/><V106/><F106/><W7/><G7/><T119/><D119/><U96/><E96/><V24/><F120/><W78/><G78/><T53/><D128/><N who="2" m="49226" /><F8/><W39/><G88/><AGARI ba="0,0" hai="12,15,23,26,30,51,53,54,57,59,60,84,88,95" machi="88" ten="40,2600,0" yaku="8,1,54,1" doraHai="124" who="0" fromWho="3" sc="197,26,283,0,236,0,284,-26" />
</Scene>
<Scene>
<INIT seed="4,0,0,4,1,112" ten="223,283,236,258" oya="0" hai0="86,98,23,104,38,77,57,16,125,99,34,58,82" hai1="41,1,85,133,81,45,22,0,39,50,35,116,106" hai2="129,94,115,19,67,120,2,75,37,62,128,8,102" hai3="91,53,5,15,11,32,123,89,10,17,124,84,54"/><T108/><D34/><U63/><E35/><V68/><F120/><W76/><G32/><T13/><D38/><U47/><E106/><V56/><F115/><W121/><G124/><T100/><D125/><U107/><E107/><V42/><F75/><W31/><G31/><T66/><D108/><U36/><E116/><V130/><F68/><W27/><G27/><T30/><D30/><U132/><E22/><V21/><F37/><W96/><G96/><T71/><REACH who="0" step="1"/><D99/><REACH who="0" ten="213,283,236,258" step="2"/><U73/><E39/><V18/><F128/><W44/><G123/><T6/><D6/><U117/><E36/><V24/><F129/><W52/><G121/><T70/><D70/><U43/><E132/><V69/><F69/><W111/><G111/><T7/><D7/><U118/><E133/><V119/><F130/><W4/><G4/><T109/><D109/><U131/><E131/><V78/><F2/><W105/><G5/><T95/><D95/><U65/><E1/><V90/><F94/><W72/><G17/><T134/><D134/><U20/><E0/><V12/><F19/><W33/><G33/><T126/><D126/><U64/><E118/><V92/><F119/><W14/><G105/><T122/><D122/><U3/><E117/><V59/><F92/><W88/><G11/><T25/><D25/><U135/><E3/><V113/><F24/><W93/><G10/><T29/><D29/><U87/><E135/><V40/><F8/><W83/><G15/><T79/><D79/><U74/><E74/><V55/><F78/><W60/><G14/><T114/><D114/><U127/><E127/><RYUUKYOKU ba="0,1" sc="213,30,283,-10,236,-10,258,-10" hai0="13,16,23,57,58,66,71,77,82,86,98,100,104" />
</Scene>
<Scene>
<INIT seed="4,1,1,1,1,110" ten="243,273,226,248" oya="0" hai0="10,82,21,42,58,31,27,47,4,92,6,44,96" hai1="101,106,81,20,83,133,116,14,36,115,135,63,132" hai2="9,56,114,55,122,113,107,0,15,38,121,68,98" hai3="65,129,2,102,79,24,54,37,112,48,25,30,45"/><T126/><D126/><U134/><E116/><V49/><F38/><W127/><G2/><T32/><D32/><U71/><E36/><V130/><F68/><W62/><G37/><T103/><D6/><U90/><E106/><V40/><F40/><W23/><G127/><T86/><D42/><U3/><E3/><V64/><F64/><W100/><G129/><T120/><D120/><U5/><E101/><N who="2" m="62903" /><F0/><W19/><G79/><T7/><D58/><U89/><E115/><N who="2" m="44043" /><F130/><W99/><G99/><T85/><D85/><U104/><E104/><V93/><F93/><W119/><G119/><T72/><D72/><U108/><E108/><V11/><F11/><W76/><G112/><T124/><D124/><U73/><E132/><V39/><F39/><W77/><G102/><T43/><D43/><U34/><E71/><V61/><F61/><W12/><G100/><T84/><D86/><U8/><E73/><V95/><F95/><W26/><G62/><T131/><D131/><U111/><E63/><V16/><AGARI ba="1,1" hai="9,15,16,49,55,56,121,122" m="44043,62903" machi="16" ten="30,8000,1" yaku="15,1,52,3,54,1" doraHai="110" who="2" fromWho="2" sc="243,-41,273,-21,226,93,248,-21" />
</Scene>
<Scene>
<INIT seed="5,0,0,5,4,55" ten="202,252,319,227" oya="1" hai0="82,84,13,10,113,5,133,94,44,33,49,120,89" hai1="3,26,109,20,12,128,66,75,79,59,14,39,51" hai2="11,41,95,29,22,76,87,107,88,56,110,35,126" hai3="1,54,101,16,90,92,30,19,134,40,72,74,50"/><U68/><E39/><V64/><F107/><W105/><G1/><T24/><D113/><U96/><E3/><V43/><F110/><W37/><G134/><T131/><D131/><U80/><E109/><V124/><F35/><W83/><G30/><T21/><D133/><U115/><E128/><V31/><F76/><W62/><G62/><T52/><D120/><U129/><E129/><V8/><F64/><W99/><G40/><N who="2" m="15433" /><F56/><W27/><G37/><T60/><D33/><U85/><E115/><V46/><F46/><W6/><G6/><T86/><D60/><N who="1" m="38175" /><E68/><V61/><F61/><W112/><G112/><T34/><D34/><U48/><E75/><V17/><F124/><W77/><G27/><T36/><D36/><U9/><E96/><V97/><F97/><W58/><G74/><T57/><D44/><U0/><E0/><V69/><F69/><W102/><G102/><T23/><D24/><U117/><E117/><V114/><F126/><W47/><G47/><T7/><D5/><N who="1" m="3119" /><E14/><N who="2" m="9527" /><F114/><W111/><G111/><T98/><D98/><AGARI ba="0,0" hai="16,19,50,54,58,72,77,83,90,92,98,99,101,105" machi="98" ten="30,3900,0" yaku="7,1,52,1,54,1" doraHai="55" who="3" fromWho="0" sc="202,-39,252,0,319,0,227,39" />
</Scene>
<Scene>
<INIT seed="6,0,0,3,3,29" ten="163,252,319,266" oya="2" hai0="20,135,42,89,40,121,93,30,21,53,116,49,128" hai1="123,69,15,78,22,3,46,63,24,31,112,100,113" hai2="119,75,43,48,106,4,6,94,62,50,91,107,74" hai3="134,131,39,124,109,52,92,125,0,132,51,130,17"/><V80/><F119/><W35/><G0/><T97/><D121/><U66/><E3/><V59/><F43/><W111/><G39/><T70/><D128/><N who="3" m="49193" /><G92/><T65/><D135/><N who="3" m="51753" /><G17/><T83/><D116/><U118/><E118/><V56/><F94/><W127/><G35/><T44/><D70/><U54/><E78/><V45/><F80/><W108/><G108/><T18/><D65/><U85/><E85/><V110/><F110/><W19/><G19/><T72/><D72/><U95/><E123/><V126/><F91/><W102/><G102/><T67/><D67/><U105/><E105/><V37/><F37/><W60/><G60/><T8/><D83/><U64/><E64/><V13/><F62/><W129/><N who="3" m="49201" /><W23/><DORA hai="28" /><G23/><T82/><D82/><U9/><E95/><V114/><F106/><W122/><G122/><T5/><D30/><U99/><E100/><V76/><F107/><W104/><G104/><T34/><D34/><U47/><E99/><V41/><F76/><W98/><G98/><T115/><D115/><U36/><E36/><V38/><F114/><W26/><G26/><T12/><REACH who="0" step="1"/><D21/><REACH who="0" ten="153,252,319,266" step="2"/><N who="1" m="15759" /><E113/><V25/><F74/><W1/><G1/><AGARI ba="0,1" hai="1,5,8,12,18,20,40,42,44,49,53,89,93,97" machi="1" ten="30,2000,0" yaku="1,1,7,1,53,0" doraHai="29,28" doraHaiUra="27,79" who="0" fromWho="3" sc="153,30,252,0,319,0,266,-20" />
</Scene>
<Scene>
<INIT seed="7,0,0,5,5,38" ten="183,252,319,246" oya="3" hai0="74,103,100,22,77,135,81,63,39,2,18,86,76" hai1="55,57,15,109,88,62,31,111,16,123,10,113,93" hai2="60,29,104,46,4,108,90,11,59,110,102,61,95" hai3="71,84,3,50,35,34,118,117,85,1,19,21,115"/><W66/><G115/><T122/><D2/><U24/><E113/><V98/><F46/><W8/><G66/><T0/><D0/><U28/><E123/><V72/><F29/><W51/><G71/><T89/><D122/><U132/><E132/><V82/><F61/><W17/><G21/><T92/><D135/><U69/><E69/><V105/><F105/><W97/><G97/><T23/><D39/><U91/><E91/><V78/><F11/><AGARI ba="0,0" hai="1,3,8,11,17,19,34,35,50,51,84,85,117,118" machi="11" ten="25,2400,0" yaku="22,2" doraHai="38" who="3" fromWho="2" sc="183,0,252,0,319,-24,246,24" />
</Scene>
<Scene>
<INIT seed="7,1,0,5,5,43" ten="183,252,295,270" oya="3" hai0="57,9,93,64,69,74,66,105,35,63,111,115,130" hai1="106,31,21,56,53,22,85,2,128,98,104,0,83" hai2="48,50,20,76,44,47,70,95,46,38,13,122,8" hai3="33,67,79,58,107,129,112,92,16,86,27,123,17"/><W59/><G123/><T3/><D105/><U117/><E128/><V84/><F38/><W109/><G107/><T19/><D111/><U14/><E117/><V71/><F122/><W36/><G36/><T108/><D108/><U94/><E104/><V103/><F70/><W73/><G109/><T81/><D35/><U118/><E106/><V28/><F71/><W90/><G129/><T15/><D130/><U89/><E118/><V127/><F127/><W87/><G73/><T68/><D3/><U6/><E31/><V120/><F120/><W97/><G112/><T39/><D39/><U88/><E2/><V62/><F62/><N who="3" m="38359" /><G33/><T34/><D34/><U65/><E65/><V51/><F103/><W30/><G30/><T45/><D115/><U52/><E0/><V121/><F121/><W42/><G42/><T49/><D69/><U82/><E82/><N who="2" m="47175" /><F95/><W32/><G32/><T29/><D68/><U110/><E110/><V61/><F61/><W7/><G7/><T99/><D66/><U41/><E41/><V134/><F134/><W11/><G79/><T23/><D74/><U37/><E37/><V80/><F80/><W96/><G96/><T72/><D81/><U101/><E101/><V133/><F133/><W75/><G75/><T40/><D72/><U125/><E125/><V77/><F77/><W26/><G59/><T4/><D29/><U18/><E6/><N who="2" m="3223" /><F28/><W1/><G1/><T131/><D131/><U100/><E100/><V55/><F20/><N who="1" m="7785" /><E56/><AGARI ba="1,0" hai="44,46,47,48,50,51,55,56" m="3223,47175" machi="56" ten="30,7700,0" yaku="8,1,52,3" doraHai="43" who="2" fromWho="1" sc="183,0,252,-80,295,80,270,0" owari="183,-22.0,172,-33.0,375,48.0,270,7.0" />
</Scene>
</mjloggm>