<mjloggm ver="2.3"><GO type="169"/><UN n0="%41%53%41%50%49%4E" n1="%E6%AF%94%E5%98%89%E7%A7%80%E4%BB%81" n2="%E3%83%A4%E3%82%AD%E3%83%B3" n3="%E9%80%A2%E9%AD%94%E3%81%8C%E6%99%82" dan="19,17,17,16" rate="2222,2216,2182,2129" sx="M,M,M,M"/><TAIKYOKU oya="0"/>

<Scene>
<INIT seed="0,0,0,5,4,6" ten="250,250,250,250" oya="0" hai0="133,107,117,58,41,123,43,71,128,121,119,55,89" hai1="125,81,22,90,23,124,76,12,48,99,93,24,35" hai2="86,8,66,106,61,112,132,28,26,19,127,85,78" hai3="57,135,10,38,102,50,116,110,97,29,104,3,2"/><T45/><D107/><U44/><E35/><V49/><F112/><W27/><G116/><T70/><D89/><U42/><E12/><V118/><F106/><W115/><G38/><T11/><D11/><U80/><E23/><V13/><F118/><N who="0" m="45066" /><D128/><U95/><E95/><V96/><F127/><W101/><G101/><T129/><D129/><U1/><E1/><V40/><F132/><W21/><G115/><T5/><D5/><U56/><E56/><N who="2" m="37159" /><F96/><W31/><G110/><T122/><D133/><U15/><E15/><V98/><F78/><W32/><G32/><T51/><D43/><U111/><E111/><V52/><F40/><W120/><G2/><T126/><D126/><N who="1" m="48747" /><E76/><V79/><F98/><W82/><G3/><T69/><D69/><U54/><E42/><V14/><F79/><W0/><G0/><T114/><D114/><U9/><E9/><N who="2" m="6575" /><F26/><W87/><G135/><T131/><D131/><U92/><E92/><V25/><F25/><W4/><G27/><T30/><D30/><AGARI ba="0,0" hai="22,24,30,44,48,54,80,81,90,93,99" m="48747" machi="30" ten="30,1000,0" yaku="18,1" doraHai="6" who="1" fromWho="0" sc="250,-10,250,10,250,0,250,0" />
</Scene>
<Scene>
<INIT seed="1,0,0,3,4,46" ten="240,260,250,250" oya="1" hai0="91,8,2,100,33,131,96,77,108,54,1,117,116" hai1="44,28,97,79,9,127,26,19,99,87,6,69,129" hai2="3,13,21,114,59,38,82,24,29,63,83,34,53" hai3="101,14,51,81,104,89,71,64,31,62,70,125,76"/><U124/><E69/><V103/><F38/><W84/><G125/><T61/><D33/><U95/><E19/><V42/><F114/><W35/><G71/><T94/><D108/><U113/><E113/><V115/><F115/><W123/><G123/><T66/><D131/><U90/><E129/><V120/><F120/><W119/><G14/><T88/><D77/><U93/><E44/><V121/><F121/><W17/><G17/><T49/><D91/><U132/><E132/><V30/><F42/><W75/><G101/><T56/><D100/><U52/><E79/><V39/><F39/><W112/><G104/><T4/><REACH who="0" step="1"/><D1/><REACH who="0" ten="230,260,250,250" step="2"/><U10/><E127/><V102/><F103/><W50/><G112/><T12/><D12/><U37/><E124/><V36/><F102/><W111/><G111/><T22/><D22/><U45/><E90/><V20/><F3/><W122/><G122/><T5/><D5/><U126/><E126/><V78/><F13/><W130/><G130/><T80/><D80/><U58/><E10/><V60/><F82/><W41/><G89/><T98/><D98/><U47/><E6/><V133/><F83/><W68/><G81/><T72/><D72/><U23/><E9/><V73/><F78/><W106/><G76/><T55/><D55/><U110/><E110/><V11/><F11/><W43/><G35/><T134/><D134/><U86/><E99/><V107/><F73/><W16/><G75/><T40/><D40/><N who="1" m="22671" /><E97/><V48/><F133/><W128/><G128/><T65/><D65/><U27/><E23/><V25/><F21/><W109/><G109/><RYUUKYOKU ba="0,1" sc="230,30,260,-10,250,-10,250,-10" hai0="2,4,8,49,54,56,61,66,88,94,96,116,117" />
</Scene>
<Scene>
<INIT seed="2,1,1,0,5,81" ten="260,250,240,240" oya="2" hai0="21,113,95,65,89,51,75,135,70,15,33,71,36" hai1="5,8,63,112,18,126,64,90,47,107,20,48,19" hai2="122,23,38,54,56,66,130,127,26,37,41,100,24" hai3="72,34,128,86,45,43,62,106,32,125,9,77,1"/><V10/><F122/><W57/><G106/><T42/><D113/><U119/><E107/><V105/><F66/><W133/><G133/><T94/><D33/><U60/><E112/><V0/><F127/><W111/><G128/><T2/><D2/><U117/><E126/><V17/><F130/><W91/><G111/><T87/><D75/><U80/><E63/><V115/><F115/><W96/><G125/><T120/><D120/><U3/><E19/><V39/><F105/><W123/><G96/><T14/><D36/><U118/><E80/><V53/><F100/><W27/><G77/><T73/><D73/><U124/><E90/><V68/><F68/><W129/><G27/><T84/><D135/><U35/><E35/><V110/><F110/><W131/><G72/><T58/><D65/><U132/><E132/><V22/><F41/><W29/><G29/><T99/><D42/><U88/><E88/><V59/><F0/><W50/><G123/><T46/><D89/><U121/><E121/><V134/><F10/><W28/><G28/><T12/><D99/><U97/><E97/><V114/><F114/><W49/><G131/><T61/><D70/><U76/><E76/><V104/><F104/><W78/><G78/><T103/><D71/><N who="1" m="42375" /><E124/><V30/><REACH who="2" step="1"/><F134/><REACH who="2" ten="260,250,230,240" step="2"/><W11/><G129/><T109/><D109/><U83/><E119/><V67/><F67/><W55/><G1/><T44/><D103/><U92/><E118/><V6/><F6/><W85/><G11/><T74/><D74/><U98/><E117/><V69/><F69/><W25/><G9/><T116/><D116/><RYUUKYOKU ba="1,2" sc="260,-10,250,-10,230,30,240,-10" hai2="17,22,23,24,26,30,37,38,39,53,54,56,59" />
</Scene>
<Scene>
<INIT seed="2,2,2,3,0,95" ten="250,240,260,230" oya="2" hai0="62,81,45,89,24,17,63,75,100,23,49,41,116" hai1="7,93,29,131,10,122,112,1,128,13,56,71,26" hai2="124,105,78,43,84,16,85,83,48,132,47,65,34" hai3="127,80,129,33,64,72,92,9,103,118,125,42,8"/><V30/><F105/><W108/><G118/><T28/><D116/><U58/><E112/><V135/><F65/><W133/><G33/><T36/><D100/><U55/><E71/><V111/><F124/><W69/><G133/><N who="2" m="51273" /><F111/><W87/><G72/><T91/><D36/><U77/><E122/><V21/><F30/><W110/><G42/><T67/><D63/><U88/><E77/><V20/><F34/><W50/><G50/><T121/><D121/><U107/><E107/><V4/><F4/><W5/><G129/><N who="1" m="49738" /><E1/><V79/><F79/><W54/><G54/><T109/><D109/><N who="3" m="42089" /><G64/><T66/><D66/><U120/><E55/><V97/><F21/><W38/><G38/><T11/><D75/><U123/><E123/><V82/><F97/><N who="3" m="59815" /><G69/><T35/><D35/><N who="1" m="20919" /><E120/><V39/><F39/><W94/><G9/><T73/><D11/><U68/><E68/><V76/><F20/><W101/><G8/><T104/><D23/><U51/><E51/><V117/><F117/><W18/><G5/><T0/><D49/><U2/><E2/><V90/><F78/><N who="3" m="46487" /><G18/><AGARI ba="2,2" hai="16,18,43,47,48,76,82,83,84,85,90" m="51273" machi="18" ten="30,2900,0" yaku="20,1,54,1" doraHai="95" who="2" fromWho="3" sc="250,0,240,0,260,55,230,-35" />
</Scene>
<Scene>
<INIT seed="2,3,0,0,5,92" ten="250,240,315,195" oya="2" hai0="36,124,33,128,53,89,10,106,12,65,9,5,57" hai1="41,87,131,54,96,23,40,44,13,3,42,116,58" hai2="94,30,37,56,1,88,100,62,50,101,113,19,80" hai3="20,67,118,112,75,7,34,108,43,48,52,63,8"/><V111/><F37/><W16/><G118/><T4/><D36/><U77/><E3/><V38/><F38/><W117/><G34/><T79/><D128/><U130/><E116/><V22/><F113/><W135/><G117/><T72/><D124/><U25/><E44/><V127/><F1/><W99/><G75/><T82/><D33/><U126/><E13/><V91/><F30/><W85/><G135/><T107/><D65/><U97/><E126/><V18/><F127/><W6/><G108/><T110/><D110/><U95/><E131/><V78/><F50/><W28/><G43/><T93/><D9/><U59/><E59/><V64/><F111/><W102/><G85/><T11/><D53/><U122/><E122/><V68/><F68/><W15/><G28/><T84/><REACH who="0" step="1"/><D57/><REACH who="0" ten="240,240,315,195" step="2"/><U129/><E129/><V81/><F56/><N who="3" m="37351" /><G8/><T0/><AGARI ba="3,1" hai="0,4,5,10,11,12,72,79,82,84,89,93,106,107" machi="0" ten="20,2700,0" yaku="1,1,0,1,7,1,53,0" doraHai="92" doraHaiUra="39" who="0" fromWho="0" sc="240,46,240,-10,315,-16,195,-10" />
</Scene>
<Scene>
<INIT seed="3,0,0,4,5,32" ten="286,230,299,185" oya="3" hai0="61,115,76,43,109,37,78,29,70,16,125,105,49" hai1="5,81,111,27,114,0,56,116,17,87,36,26,130" hai2="132,48,104,107,7,44,53,34,77,94,35,22,6" hai3="133,67,25,96,19,31,80,55,79,106,98,21,64"/><W68/><G68/><T12/><D105/><U28/><E36/><V58/><F35/><W124/><G124/><T118/><D118/><U85/><E111/><V91/><F34/><W119/><G119/><T120/><D120/><U86/><E116/><V33/><F33/><W54/><G133/><T13/><D37/><U99/><E114/><V15/><F132/><W2/><G2/><T84/><D109/><U63/><E130/><V73/><F107/><W82/><G106/><T41/><D29/><U47/><E99/><N who="3" m="37930" /><G31/><T45/><D125/><U4/><E47/><V65/><F104/><W101/><G101/><T123/><D123/><U18/><E81/><N who="3" m="31338" /><G79/><T112/><D84/><U66/><E0/><V103/><F103/><W52/><AGARI ba="0,0" hai="19,21,25,52,54,55,64,67" m="31338,37930" machi="52" ten="30,3000,0" yaku="8,1,54,1" doraHai="32" who="3" fromWho="3" sc="286,-10,230,-10,299,-10,185,30" />
</Scene>
<Scene>
<INIT seed="3,1,0,0,5,86" ten="276,220,289,215" oya="3" hai0="74,51,6,12,131,34,63,99,119,91,120,53,2" hai1="78,45,21,24,40,30,43,82,121,31,65,90,75" hai2="134,70,16,103,112,69,101,60,48,20,44,29,42" hai3="33,67,89,84,5,58,14,133,9,7,93,0,8"/><W130/><G130/><T109/><D119/><U11/><E121/><V15/><F112/><W10/><G133/><T27/><D120/><U115/><E115/><V116/><F116/><W68/><G68/><T35/><D74/><U129/><E129/><V135/><F29/><W97/><G33/><T95/><D131/><U96/><E65/><V117/><F117/><W46/><G46/><T110/><D2/><U22/><E11/><V71/><REACH who="2" step="1"/><F60/><REACH who="2" ten="276,220,279,215" step="2"/><N who="3" m="38295" /><G0/><T41/><D63/><U105/><E31/><V98/><F98/><W79/><G5/><T127/><D99/><U23/><E30/><V50/><F50/><W62/><G62/><T3/><D51/><U114/><E114/><V83/><F83/><AGARI ba="1,1" hai="7,8,9,10,14,79,83,84,89,93,97" m="38295" machi="83" ten="30,2900,0" yaku="8,1,52,1" doraHai="86" who="3" fromWho="2" sc="276,0,220,0,279,-32,215,42" />
</Scene>
<Scene>
<INIT seed="3,2,0,4,5,126" ten="276,220,247,257" oya="3" hai0="119,29,118,31,133,14,9,25,34,106,19,85,40" hai1="116,58,97,84,4,10,83,47,70,72,69,102,130" hai2="74,124,82,38,66,24,80,131,132,3,62,20,36" hai3="5,45,6,18,37,121,32,109,42,73,8,0,122"/><W123/><G6/><T52/><D106/><U49/><E72/><V26/><F3/><W127/><G127/><T111/><D40/><U43/><E58/><V16/><F124/><W94/><G94/><T12/><D111/><U61/><E61/><V104/><F104/><W96/><G109/><T33/><D85/><U67/><E67/><V81/><F74/><W13/><G96/><T30/><D52/><U60/><E60/><V27/><F132/><W54/><G73/><T100/><D100/><U7/><E116/><V99/><F99/><W93/><G93/><T128/><D133/><U48/><E48/><V86/><F86/><W108/><G108/><T46/><D46/><U115/><E115/><V76/><F76/><W95/><G95/><T39/><D39/><U65/><E65/><V87/><F87/><W92/><G92/><T17/><D128/><U112/><E112/><V114/><F131/><W64/><G64/><T68/><D68/><U75/><E75/><V53/><F53/><W1/><G32/><T55/><D55/><U88/><E7/><V50/><F50/><W22/><REACH who="3" step="1"/><G54/><REACH who="3" ten="276,220,247,247" step="2"/><T135/><D135/><U110/><E110/><V63/><F114/><W59/><G59/><T78/><D34/><U117/><E130/><V79/><F79/><W107/><G107/><T11/><D78/><U41/><E70/><N who="2" m="42327" /><F63/><W91/><G91/><T125/><D125/><U134/><E69/><V89/><F89/><W21/><G21/><T90/><D90/><U98/><E98/><V56/><F56/><W105/><G105/><T15/><D33/><U113/><E88/><RYUUKYOKU ba="2,1" sc="276,-15,220,-15,247,15,247,15" hai2="16,20,24,26,27,36,38,80,81,82" hai3="0,1,5,8,13,18,22,37,42,45,121,122,123" />
</Scene>
<Scene>
<INIT seed="3,3,1,0,0,102" ten="261,205,262,262" oya="3" hai0="122,90,23,12,114,55,32,128,103,81,123,8,124" hai1="84,34,75,82,44,121,24,115,101,57,112,13,11" hai2="120,35,133,129,88,113,66,99,39,119,93,10,132" hai3="107,95,4,116,58,43,94,126,97,49,105,37,78"/><W42/><G116/><T40/><D32/><U17/><E75/><V60/><F119/><W47/><G43/><T14/><D128/><U61/><E121/><V36/><F113/><W127/><G78/><T72/><D124/><N who="3" m="47657" /><G4/><T19/><D114/><U104/><E44/><V70/><F35/><W3/><G3/><T71/><D71/><U67/><E34/><V85/><F129/><W89/><G95/><T74/><D74/><U125/><E125/><V98/><F120/><W29/><G29/><T33/><D33/><U22/><E101/><V38/><REACH who="2" step="1"/><F10/><REACH who="2" ten="261,205,252,262" step="2"/><W118/><G118/><T45/><D8/><U76/><REACH who="1" step="1"/><E104/><REACH who="1" ten="261,195,252,262" step="2"/><V108/><F108/><W41/><G41/><T25/><D40/><U92/><E92/><V26/><F26/><W100/><G100/><T69/><D103/><U18/><AGARI ba="3,3" hai="11,13,17,18,22,24,57,61,67,76,82,84,112,115" machi="18" ten="20,2700,0" yaku="1,1,0,1,7,1,53,0" doraHai="102" doraHaiUra="117" who="1" fromWho="1" sc="261,-10,195,66,252,-10,262,-16" />
</Scene>
<Scene>
<INIT seed="4,0,0,0,1,74" ten="251,261,242,246" oya="0" hai0="12,104,99,0,37,55,72,47,30,28,36,23,103" hai1="59,132,130,25,77,60,114,110,119,123,131,112,75" hai2="64,15,118,13,127,122,46,57,42,109,105,29,96" hai3="135,11,87,10,14,98,54,62,19,67,16,43,70"/><T65/><D0/><U34/><E123/><V27/><F122/><W69/><G135/><T61/><D72/><U44/><E119/><V106/><F109/><W81/><G43/><T58/><D12/><U116/><E116/><V113/><F118/><W95/><G54/><T51/><REACH who="0" step="1"/><D23/><REACH who="0" ten="241,261,242,246" step="2"/><U2/><E2/><V7/><F15/><W128/><G11/><T6/><D6/><U92/><E34/><V48/><F13/><W101/><G128/><N who="1" m="49194" /><E25/><V4/><F27/><W124/><G124/><T115/><D115/><N who="1" m="44075" /><E132/><V93/><F113/><W40/><G40/><T125/><D125/><U17/><E110/><V49/><F127/><W38/><G38/><AGARI ba="0,1" hai="28,30,36,37,38,47,51,55,58,61,65,99,103,104" machi="38" ten="40,2000,0" yaku="1,1,53,0" doraHai="74" doraHaiUra="107" who="0" fromWho="3" sc="241,30,261,0,242,0,246,-20" />
</Scene>
<Scene>
<INIT seed="4,1,0,1,0,65" ten="271,261,242,226" oya="0" hai0="87,102,113,75,98,29,91,61,105,108,31,134,44" hai1="59,1,107,86,25,23,13,41,133,56,38,80,46" hai2="74,88,69,12,81,27,106,43,103,21,49,62,39" hai3="116,60,15,120,85,118,112,53,47,104,100,9,35"/><T130/><D75/><U82/><E1/><V55/><F106/><W34/><G120/><T64/><D113/><U4/><E107/><V54/><F103/><W45/><G112/><T58/><D130/><U30/><E82/><V127/><F127/><W32/><G85/><T37/><D134/><U77/><E133/><V109/><F109/><W79/><G79/><T28/><D108/><U128/><E128/><V99/><F39/><W83/><G83/><T115/><D115/><U48/><REACH who="1" step="1"/><E38/><REACH who="1" ten="271,251,242,226" step="2"/><V42/><F81/><W18/><G104/><T132/><D132/><U123/><E123/><V10/><F74/><W11/><G116/><T101/><D37/><U122/><E122/><V70/><F43/><W0/><G118/><T26/><D105/><U89/><E89/><V16/><F42/><W125/><G0/><T36/><D36/><U78/><E78/><V93/><F55/><W6/><G53/><T19/><D101/><U110/><E110/><V119/><F119/><W117/><G100/><T114/><D102/><U51/><E51/><V131/><F131/><W5/><G117/><T111/><D114/><U3/><E3/><V7/><F62/><W73/><G60/><T126/><D111/><U135/><E135/><V63/><F63/><W33/><G73/><T121/><D121/><U129/><E129/><V66/><F66/><W92/><G92/><T68/><D61/><U14/><E14/><V95/><F95/><W71/><G15/><T2/><D2/><U94/><E94/><V17/><F7/><W52/><N who="3" m="8192" /><DORA hai="40" /><W97/><G6/><T20/><D64/><RYUUKYOKU ba="1,1" sc="271,-15,251,15,242,15,226,-15" hai1="4,13,23,25,30,41,46,48,56,59,77,80,86" hai2="10,12,16,17,21,27,49,54,69,70,88,93,99" />
</Scene>
<Scene>
<INIT seed="5,2,1,4,5,14" ten="256,266,257,211" oya="1" hai0="40,69,37,112,132,38,100,119,67,4,106,5,134" hai1="131,17,26,34,105,66,21,10,62,39,126,25,130" hai2="95,93,11,96,61,6,94,108,68,133,109,87,88" hai3="64,120,77,104,52,81,50,115,113,123,42,91,48"/><U80/><E105/><V73/><F73/><W70/><G104/><T58/><D119/><U92/><E39/><V7/><F133/><N who="0" m="51306" /><D112/><N who="3" m="43081" /><G91/><T107/><D69/><U118/><E118/><V8/><F68/><W51/><G81/><T114/><D114/><U59/><E126/><V18/><F61/><N who="3" m="40207" /><G77/><T127/><D127/><U128/><E80/><N who="2" m="49255" /><F109/><W27/><G27/><T97/><D106/><U135/><E135/><V76/><F76/><W32/><G32/><T78/><D78/><U0/><E92/><N who="2" m="35435" /><F108/><W19/><G19/><T23/><D107/><U41/><E41/><V56/><F18/><W86/><G86/><T33/><D40/><U31/><E10/><N who="2" m="3627" /><F56/><N who="3" m="32799" /><G42/><T103/><D33/><U129/><N who="1" m="32768" /><DORA hai="15" /><U125/><REACH who="1" step="1"/><E125/><REACH who="1" ten="256,256,257,211" step="2"/><V54/><F54/><W63/><G123/><T65/><D65/><U16/><E16/><V99/><F99/><W79/><BYE who="2" /><G120/><T74/><D97/><U98/><E98/><V75/><F75/><W22/><G79/><T124/><D74/><U111/><E111/><V89/><F89/><W85/><G85/><T90/><D90/><U117/><E117/><V12/><F12/><W83/><G83/><T2/><D124/><U28/><E28/><V36/><F36/><W102/><G102/><T122/><D37/><U60/><E60/><V53/><F53/><W24/><G63/><T30/><D38/><U84/><E84/><V55/><F55/><W46/><G46/><T121/><D122/><U44/><E44/><V72/><F72/><W47/><G47/><T43/><D121/><U45/><E45/><V49/><F49/><W20/><G50/><RYUUKYOKU ba="2,2" sc="256,-15,256,15,257,15,211,-15" hai1="0,17,21,25,26,31,34,59,62,66" hai2="6,7,95,96" />
</Scene>
<Scene>
<INIT seed="5,3,2,0,0,107" ten="241,271,272,196" oya="1" hai0="29,42,117,31,93,65,37,134,16,116,132,67,33" hai1="105,47,113,88,71,121,119,20,32,48,27,101,95" hai2="64,85,99,26,104,15,38,112,81,35,58,4,127" hai3="97,22,120,124,40,46,57,18,5,44,72,7,128"/><U8/><E121/><V100/><F100/><W21/><G120/><T2/><D2/><U30/><E71/><UN n2="%E3%83%A4%E3%82%AD%E3%83%B3" /><V34/><F38/><W54/><G128/><T80/><D93/><U77/><E119/><V123/><F123/><W50/><G124/><T122/><D122/><U11/><E77/><V74/><F127/><W39/><G72/><T28/><D33/><U9/><E113/><V19/><F4/><W41/><G22/><T133/><D80/><U96/><E32/><V125/><F125/><W25/><REACH who="3" step="1"/><G97/><REACH who="3" ten="241,271,272,186" step="2"/><T66/><D16/><U118/><E118/><V68/><F19/><W63/><AGARI ba="3,3" hai="5,7,18,21,25,39,40,41,44,46,50,54,57,63" machi="63" ten="20,5200,0" yaku="1,1,2,1,0,1,7,1,53,0" doraHai="107" doraHaiUra="94" who="3" fromWho="3" sc="241,-16,271,-29,272,-16,186,91" />
</Scene>
<Scene>
<INIT seed="6,0,0,0,3,59" ten="225,242,256,277" oya="2" hai0="14,17,60,51,31,44,126,111,11,104,70,58,33" hai1="8,57,84,7,97,50,113,5,24,77,62,98,116" hai2="135,115,123,131,83,32,22,20,110,29,48,124,43" hai3="125,112,21,9,101,127,28,122,93,64,79,10,91"/><V46/><F123/><W41/><G122/><T12/><D111/><U76/><E116/><V36/><F110/><W92/><G79/><T25/><D126/><N who="3" m="48137" /><G41/><T49/><D104/><U37/><E37/><V134/><F124/><W75/><G75/><T94/><D70/><U39/><E39/><V0/><F0/><W30/><G64/><T90/><D14/><U107/><E113/><V16/><F115/><W53/><G53/><T118/><D44/><U2/><E7/><V102/><F102/><W68/><G68/><T18/><D18/><U23/><E107/><V87/><F131/><W106/><G106/><T56/><D56/><U27/><E50/><V1/><F1/><W47/><G47/><T103/><D103/><U129/><E27/><V86/><F36/><W88/><G101/><T45/><D45/><U109/><E109/><V95/><F32/><W52/><G52/><T99/><REACH who="0" step="1"/><D118/><REACH who="0" ten="215,242,256,277" step="2"/><U114/><E129/><V34/><F16/><W26/><G112/><T89/><D89/><N who="3" m="34377" /><G30/><T3/><D3/><U42/><E114/><V128/><F29/><W117/><G117/><T133/><D133/><U13/><E2/><V119/><F128/><W121/><G121/><T63/><D63/><U82/><E77/><N who="2" m="46447" /><F119/><W15/><G15/><T80/><D80/><U61/><E61/><V130/><F130/><W132/><G132/><T19/><D19/><N who="1" m="12415" /><E42/><V38/><F38/><W71/><G71/><T73/><D73/><U105/><E105/><V65/><F135/><W4/><G4/><T54/><AGARI ba="0,1" hai="11,12,17,25,31,33,49,51,54,58,60,90,94,99" machi="54" ten="20,5200,0" yaku="1,1,0,1,7,1,52,1,53,0" doraHai="59" doraHaiUra="67" who="0" fromWho="0" sc="215,62,242,-13,256,-26,277,-13" />
</Scene>
<Scene>
<INIT seed="7,0,0,5,2,97" ten="277,229,230,264" oya="3" hai0="26,80,128,17,31,14,62,15,59,19,4,89,52" hai1="134,37,122,127,126,109,131,133,35,28,10,107,116" hai2="41,124,53,114,88,87,101,110,36,61,73,18,3" hai3="72,79,117,27,108,99,130,24,7,69,65,68,20"/><W83/><G117/><T121/><D121/><U106/><E10/><V25/><F110/><W6/><G108/><T135/><D128/><U56/><E56/><V42/><F73/><W39/><G39/><T90/><D135/><N who="1" m="51723" /><E122/><V5/><F36/><W58/><G130/><T32/><D4/><U125/><E109/><V113/><F124/><W112/><G27/><T9/><D80/><U120/><E120/><V74/><F74/><W21/><G21/><T85/><D85/><U33/><E37/><V34/><F101/><W47/><G47/><T103/><D103/><U93/><E116/><V71/><F5/><W95/><G112/><N who="2" m="43113" /><F3/><W67/><G69/><T96/><D96/><U81/><E81/><N who="2" m="49263" /><F34/><N who="1" m="12809" /><E93/><V123/><F123/><W100/><G68/><T29/><D29/><U75/><E75/><V44/><F71/><W86/><G72/><T78/><D78/><U115/><E115/><V76/><F61/><N who="3" m="38071" /><G67/><T43/><D43/><U102/><E102/><V23/><F76/><W38/><G38/><T98/><D98/><U40/><E40/><V70/><F70/><W12/><G12/><T132/><D132/><U119/><E119/><V105/><F105/><N who="1" m="39945" /><E28/><AGARI ba="0,0" hai="6,7,20,24,28,79,83,86,95,99,100" m="38071" machi="28" ten="30,5800,0" yaku="25,1,8,1,52,1" doraHai="97" who="3" fromWho="1" sc="277,0,229,-58,230,0,264,58" owari="277,8.0,171,-33.0,230,-17.0,322,42.0" />
</Scene>
</mjloggm>