<mjloggm ver="2.3"><GO type="169" lobby="0"/><UN n0="%41%53%41%50%49%4E" n1="%E5%9F%BA%E7%A4%8E%E8%AB%96" n2="%E5%B0%8F%E6%9E%97" n3="%E3%81%AF%E3%81%9B%E3%81%99%E3%81%91%EF%BC%8E" dan="18,17,16,17" rate="2212,2099,2048,2137" sx="M,M,M,M"/><TAIKYOKU oya="0"/>

<Scene>
<INIT seed="0,0,0,2,2,22" ten="250,250,250,250" oya="0" hai0="85,108,58,86,94,20,89,125,3,18,36,101,14" hai1="122,83,129,69,113,55,23,64,95,102,81,67,59" hai2="68,111,100,135,47,1,97,98,123,82,38,50,12" hai3="87,60,30,33,44,76,99,133,43,17,128,19,5"/><T91/><D125/><U110/><E122/><V126/><F1/><W51/><G128/><T8/><D36/><U109/><E129/><V21/><F68/><W78/><G133/><T131/><D131/><U80/><E113/><V127/><F38/><W29/><G5/><T72/><D72/><U130/><E130/><V52/><F123/><W107/><G60/><T92/><D108/><N who="1" m="41579" /><E69/><V118/><F111/><W48/><G107/><T40/><D40/><U25/><E95/><V124/><F135/><W65/><G65/><T57/><D101/><U75/><E102/><V26/><F118/><W120/><G120/><T10/><D3/><U66/><E75/><V96/><F82/><W2/><G2/><T71/><D71/><U79/><E79/><V88/><F12/><W34/><G99/><T53/><REACH who="0" step="1"/><D58/><REACH who="0" ten="240,250,250,250" step="2"/><U119/><E119/><V15/><F100/><W84/><G43/><T27/><D27/><U134/><E134/><V9/><F15/><W24/><G44/><T42/><D42/><U121/><E121/><V112/><F112/><W132/><G132/><T70/><D70/><U31/><E59/><V74/><F74/><W45/><G45/><T46/><D46/><U35/><E55/><V116/><F116/><W56/><G56/><T13/><D13/><U16/><E66/><V4/><F127/><W115/><G115/><T62/><AGARI ba="0,1" hai="8,10,14,18,20,53,57,62,85,86,89,91,92,94" machi="62" ten="20,12000,1" yaku="1,1,0,1,7,1,9,1,8,1,53,0" doraHai="22" doraHaiUra="32" who="0" fromWho="0" sc="240,130,250,-40,250,-40,250,-40" />
</Scene>
<Scene>
<INIT seed="0,1,0,5,0,122" ten="370,210,210,210" oya="0" hai0="19,60,106,129,80,62,32,77,3,93,14,56,39" hai1="75,133,66,85,88,63,108,109,42,102,73,72,16" hai2="103,118,59,132,37,123,27,44,104,130,21,11,28" hai3="76,86,8,53,134,17,46,65,115,87,100,107,96"/><T69/><D106/><U55/><E42/><V5/><F123/><W7/><G115/><T6/><D32/><U119/><E119/><V126/><F118/><W64/><G134/><T49/><D39/><U124/><E133/><V114/><F132/><W30/><G30/><T57/><D129/><U25/><E102/><V48/><F114/><W23/><G76/><T117/><D117/><U1/><E1/><V29/><F130/><W15/><G87/><T18/><D69/><U112/><E112/><V40/><F126/><W41/><G53/><T4/><D3/><U51/><E124/><V50/><F29/><W128/><G86/><N who="0" m="48399" /><D49/><U131/><E131/><V20/><F20/><W92/><G107/><T13/><D93/><U91/><E25/><V70/><F70/><W110/><G128/><T121/><D121/><U82/><E91/><V90/><F90/><W12/><REACH who="3" step="1"/><G110/><REACH who="3" ten="370,210,210,200" step="2"/><N who="1" m="42602" /><E66/><V135/><F135/><W52/><G52/><N who="0" m="33799" /><D13/><U95/><E63/><V0/><F0/><W33/><G33/><T45/><D14/><U79/><E16/><N who="0" m="6185" /><D45/><AGARI ba="1,1" hai="45,51,55,72,73,75,79,82,85,88,95" m="42602" machi="45" ten="30,8000,1" yaku="14,1,52,3,54,1" doraHai="122" who="1" fromWho="0" sc="370,-83,210,93,210,0,200,0" />
</Scene>
<Scene>
<INIT seed="1,0,0,1,5,97" ten="287,303,210,200" oya="1" hai0="93,41,61,56,77,67,79,40,116,62,32,71,127" hai1="87,128,14,33,130,2,85,26,44,29,117,20,59" hai2="69,101,4,5,46,45,39,48,17,19,104,50,37" hai3="8,10,125,132,110,54,96,135,80,22,43,103,88"/><U55/><E117/><V119/><F104/><N who="3" m="63591" /><G43/><T91/><D116/><U65/><E2/><V129/><F119/><W13/><G54/><T99/><D32/><U90/><E65/><V34/><F34/><W66/><G66/><T75/><D127/><U109/><E44/><V108/><F108/><W78/><G125/><T115/><D115/><U49/><E109/><V134/><F129/><N who="1" m="49769" /><E90/><V83/><F134/><N who="3" m="51243" /><G110/><T133/><D133/><U63/><E63/><V51/><F69/><W9/><G22/><T73/><D41/><U11/><E33/><V121/><F121/><W74/><G88/><T12/><D40/><U86/><E86/><V98/><F51/><W7/><AGARI ba="0,0" hai="7,8,9,10,13,74,78,80" m="51243,63591" machi="7" ten="30,2000,0" yaku="20,1,52,1" doraHai="97" who="3" fromWho="3" sc="287,-5,303,-10,210,-5,200,20" />
</Scene>
<Scene>
<INIT seed="2,0,0,2,4,90" ten="282,293,205,220" oya="2" hai0="37,107,57,26,64,75,130,49,129,16,104,69,135" hai1="126,80,79,10,73,121,131,103,68,38,128,111,0" hai2="40,58,84,94,5,22,96,51,109,28,114,91,29" hai3="100,101,30,82,1,67,132,54,83,123,35,98,17"/><V125/><F114/><W88/><G123/><T118/><D37/><U18/><E121/><V127/><F109/><W59/><G132/><T76/><D69/><U14/><E111/><V4/><F127/><W120/><G120/><T8/><D135/><U78/><E126/><V7/><F125/><W63/><G1/><T62/><D118/><U113/><E113/><V97/><F40/><W70/><G35/><T87/><D75/><U11/><E68/><V81/><F22/><W86/><G30/><T77/><D49/><U34/><E34/><V53/><REACH who="2" step="1"/><F97/><REACH who="2" ten="282,293,195,220" step="2"/><W25/><G98/><T47/><D129/><U66/><E128/><V102/><AGARI ba="0,1" hai="4,5,7,28,29,51,53,58,81,84,91,94,96,102" machi="102" ten="30,12000,1" yaku="1,1,2,1,0,1,8,1,52,1,53,0" doraHai="90" doraHaiUra="13" who="2" fromWho="2" sc="282,-40,293,-40,195,130,220,-40" />
</Scene>
<Scene>
<INIT seed="2,1,0,0,5,26" ten="242,253,325,180" oya="2" hai0="95,80,43,132,13,23,127,103,16,134,83,125,46" hai1="135,113,100,11,42,91,93,96,126,71,3,131,35" hai2="53,119,48,19,120,128,87,27,66,73,28,133,41" hai3="12,92,112,122,109,76,57,58,40,130,44,54,89"/><V79/><F119/><W68/><G122/><T116/><D116/><U9/><E113/><V36/><F120/><W33/><G68/><T45/><D95/><U74/><E74/><V51/><F73/><W2/><G112/><T5/><D103/><U1/><E71/><V32/><F66/><W78/><G2/><T22/><D5/><U117/><E117/><V115/><F115/><W118/><G118/><T81/><D22/><U38/><E126/><N who="0" m="48137" /><D43/><U60/><E3/><V37/><F41/><W39/><G130/><T67/><D67/><U65/><E131/><V61/><F128/><W94/><G33/><T47/><AGARI ba="1,0" hai="13,16,23,45,46,47,80,81,83,132,134" m="48137" machi="47" ten="40,2700,0" yaku="18,1,54,1" doraHai="26" who="0" fromWho="0" sc="242,30,253,-8,325,-14,180,-8" />
</Scene>
<Scene>
<INIT seed="3,0,0,1,3,32" ten="272,245,311,172" oya="3" hai0="51,112,77,7,42,92,132,36,1,58,15,88,53" hai1="96,18,49,25,22,54,113,105,83,93,119,12,26" hai2="86,13,80,87,62,40,43,73,71,5,133,21,123" hai3="94,3,45,90,108,130,57,31,72,60,27,115,48"/><W63/><G115/><T85/><D132/><U124/><E113/><V16/><F73/><W78/><G130/><T109/><D112/><U74/><E124/><V59/><F71/><W29/><G108/><T52/><D109/><U98/><E119/><V55/><F133/><W39/><G39/><T127/><D127/><U0/><E0/><V134/><F134/><W20/><G3/><T38/><D42/><U37/><E37/><V97/><F123/><W76/><G72/><T10/><D77/><U75/><E105/><V70/><F70/><W6/><G6/><T81/><D81/><U102/><E75/><V30/><F30/><W110/><G110/><T100/><D100/><U28/><E74/><V107/><F5/><W35/><G35/><T117/><D117/><U9/><E83/><V41/><REACH who="2" step="1"/><F80/><REACH who="2" ten="272,245,301,172" step="2"/><W101/><G31/><T47/><REACH who="0" step="1"/><D15/><REACH who="0" ten="262,245,301,172" step="2"/><U23/><E12/><V61/><F61/><AGARI ba="0,2" hai="1,7,10,36,38,47,51,52,53,58,61,85,88,92" machi="61" ten="30,12000,2" yaku="1,1,2,1,7,1,52,1,54,2,53,1" doraHai="32" doraHaiUra="89" who="0" fromWho="2" sc="262,140,245,0,301,-120,172,0" />
</Scene>
<Scene>
<INIT seed="4,0,0,3,3,77" ten="402,245,181,172" oya="0" hai0="102,1,127,124,30,74,6,66,44,2,23,37,35" hai1="121,95,104,65,135,133,13,52,131,125,117,3,93" hai2="68,19,99,107,39,10,78,112,76,62,88,83,58" hai3="60,101,43,25,48,54,82,128,72,119,0,109,5"/><T33/><D74/><U16/><E3/><V46/><F68/><W92/><G109/><T134/><D66/><U20/><E117/><V34/><F34/><N who="0" m="12810" /><D102/><U111/><E121/><V129/><F112/><W31/><G128/><T22/><D44/><U70/><E111/><V67/><F129/><W4/><G43/><T47/><D47/><U61/><E131/><V8/><F107/><W100/><G60/><T53/><D53/><U50/><E104/><V118/><F118/><W120/><G120/><T113/><D37/><U17/><E17/><V103/><F103/><W126/><G119/><T116/><D116/><U108/><E108/><V24/><F39/><W81/><G92/><T15/><D113/><U105/><E105/><V59/><F46/><W41/><G54/><T27/><D134/><N who="1" m="51211" /><E125/><N who="0" m="48201" /><D23/><U11/><E20/><N who="2" m="13343" /><F59/><AGARI ba="0,0" hai="11,13,16,50,52,59,61,65,70,93,95" m="51211" machi="59" ten="30,3900,0" yaku="20,1,54,2" doraHai="77" who="1" fromWho="2" sc="402,0,245,39,181,-39,172,0" />
</Scene>
<Scene>
<INIT seed="5,0,0,4,0,112" ten="402,284,142,172" oya="1" hai0="42,30,86,0,116,135,6,70,91,41,125,127,22" hai1="132,130,93,63,126,38,115,122,11,62,10,90,44" hai2="40,59,128,105,77,124,24,123,84,9,79,102,103" hai3="73,25,69,64,14,97,55,94,114,118,34,28,4"/><U12/><E122/><V43/><F123/><W53/><G114/><T47/><D70/><U76/><E115/><V108/><F108/><W99/><G73/><T68/><D68/><U37/><E126/><N who="0" m="48137" /><D135/><U23/><E132/><V26/><F124/><W54/><G118/><T61/><D61/><U80/><E130/><V134/><F128/><W117/><G117/><T131/><D131/><U2/><E2/><V21/><F134/><W88/><G69/><T48/><D116/><U83/><E38/><V89/><F105/><W36/><G64/><T19/><D30/><U51/><E37/><V106/><F106/><W81/><G36/><T101/><D101/><N who="2" m="38410" /><F9/><N who="1" m="3081" /><E76/><N who="2" m="29259" /><F59/><W82/><G4/><T13/><D6/><U3/><E3/><V31/><F26/><W49/><G14/><T96/><D0/><U50/><E12/><V46/><F46/><W58/><G99/><T18/><D96/><N who="1" m="57399" /><E23/><V119/><F119/><W1/><G1/><T111/><D111/><U15/><E15/><V110/><F110/><W87/><REACH who="3" step="1"/><G82/><AGARI ba="0,0" hai="21,24,31,40,43,82,84,89" m="29259,38410" machi="82" ten="30,1000,0" yaku="8,1" doraHai="112" who="2" fromWho="3" sc="402,0,284,0,142,10,172,-10" />
</Scene>
<Scene>
<INIT seed="6,0,0,4,5,121" ten="402,284,152,162" oya="2" hai0="96,11,63,98,29,129,43,28,8,101,39,113,42" hai1="116,23,1,118,37,40,119,79,0,57,49,16,35" hai2="103,115,52,134,105,7,56,13,85,3,120,44,48" hai3="89,127,36,128,17,76,30,55,108,51,47,34,10"/><V100/><F120/><W90/><G36/><T122/><D122/><U5/><E35/><V106/><F3/><W59/><G108/><T109/><D109/><U93/><E5/><V60/><F115/><W24/><G128/><T135/><D129/><U82/><E37/><V22/><F134/><W132/><G132/><T125/><D39/><U83/><E83/><V66/><F106/><W110/><G110/><T9/><D135/><U112/><E112/><V124/><F124/><W77/><G127/><T86/><D125/><U6/><E6/><V80/><F105/><W46/><G46/><T68/><D68/><U126/><E126/><V14/><F7/><W95/><G90/><T114/><D9/><U133/><E133/><V12/><REACH who="2" step="1"/><F22/><REACH who="2" ten="402,284,142,162" step="2"/><W123/><G123/><T104/><D104/><U18/><E23/><V102/><F102/><W53/><G10/><T71/><D101/><U65/><E0/><V62/><F62/><W74/><G17/><T15/><D63/><U50/><E1/><V107/><F107/><W73/><G34/><T75/><D113/><U84/><E16/><V67/><F67/><W2/><G2/><T81/><D114/><U58/><E18/><V70/><F70/><W33/><G33/><T131/><D71/><U97/><E116/><V41/><F41/><W94/><G30/><T87/><D29/><U26/><E118/><V99/><F99/><W61/><G61/><T31/><D28/><U78/><E119/><V4/><F4/><W72/><G55/><T88/><D31/><U54/><E40/><V19/><F19/><W38/><G53/><RYUUKYOKU ba="0,1" sc="402,-10,284,-10,142,30,162,-10" hai2="12,13,14,44,48,52,56,60,66,80,85,100,103" />
</Scene>
<Scene>
<INIT seed="6,1,1,5,5,119" ten="392,274,172,152" oya="2" hai0="97,10,27,91,2,24,58,107,70,0,72,128,100" hai1="51,25,7,18,132,57,96,40,95,9,121,71,125" hai2="73,135,33,133,11,6,54,118,75,20,106,62,79" hai3="39,13,76,52,36,14,66,115,110,105,1,111,3"/><V37/><F33/><W127/><G76/><T35/><D70/><U131/><E71/><V23/><F118/><W4/><G4/><T21/><D72/><N who="2" m="27722" /><F106/><W42/><G105/><T85/><D128/><U44/><E131/><V103/><F103/><W102/><G102/><T53/><D35/><U114/><E57/><N who="2" m="35127" /><F37/><W69/><G69/><T80/><D10/><U31/><E96/><V82/><F82/><W32/><G32/><T22/><D22/><U34/><E95/><V108/><F79/><W59/><G59/><T50/><D24/><U15/><E51/><V109/><F23/><W41/><G66/><T89/><D89/><U130/><E130/><V78/><F20/><W19/><G19/><AGARI ba="1,1" hai="0,2,19,21,27,50,53,58,80,85,91,97,100,107" machi="19" ten="30,1000,0" yaku="7,1" doraHai="119" who="0" fromWho="3" sc="392,23,274,0,172,0,152,-13" />
</Scene>
<Scene>
<INIT seed="7,0,0,2,2,125" ten="415,274,172,139" oya="3" hai0="29,30,55,122,82,62,135,61,1,31,43,41,70" hai1="22,44,18,32,112,11,21,67,132,117,0,64,73" hai2="75,90,115,72,17,65,74,96,58,97,89,78,133" hai3="106,6,123,77,8,50,12,92,76,34,20,24,47"/><W60/><G123/><T16/><D122/><U107/><E73/><V71/><F71/><W63/><G106/><T127/><D1/><U93/><E107/><V37/><F37/><W28/><G34/><T105/><D105/><U98/><E32/><V79/><F65/><W130/><G130/><T119/><D119/><U4/><E112/><V68/><F68/><W57/><G92/><T134/><D127/><U35/><E132/><N who="0" m="50729" /><D16/><U46/><E35/><V15/><F58/><W114/><G114/><T100/><D100/><U40/><E22/><V131/><F133/><W80/><G57/><N who="0" m="35007" /><D82/><U120/><E44/><V83/><F115/><W84/><REACH who="3" step="1"/><G77/><REACH who="3" ten="415,274,172,129" step="2"/><T9/><D70/><U26/><E120/><V23/><F131/><W45/><G45/><T49/><D62/><U102/><E117/><V38/><F79/><W121/><G121/><T13/><D49/><AGARI ba="0,1" hai="0,4,11,18,21,26,40,46,49,64,67,93,98,102" machi="49" ten="30,1000,0" yaku="7,1" doraHai="125" who="1" fromWho="0" sc="415,-10,274,20,172,0,129,0" owari="405,51.0,294,9.0,172,-23.0,129,-37.0" />
</Scene>
</mjloggm>