<mjloggm ver="2.3"><GO type="169"/><UN n0="%E2%98%85%E3%82%86%E3%83%BC%E2%98%86" n1="%41%53%41%50%49%4E" n2="%E7%A0%B4%E5%A3%8A%E9%AD%94%E7%A5%9E" n3="%E3%83%99%E3%82%BF%E3%82%AA%E3%83%AA%E3%82%B9%E3%82%AF" dan="17,18,16,16" rate="2167,2235,2152,2108" sx="M,M,F,M"/><TAIKYOKU oya="0"/>

<Scene>
<INIT seed="0,0,0,3,1,6" ten="250,250,250,250" oya="0" hai0="123,104,120,114,10,130,94,75,72,101,67,100,103" hai1="85,1,46,51,20,64,17,96,90,124,65,71,122" hai2="19,5,4,47,119,54,43,33,113,80,62,22,42" hai3="99,131,2,8,69,105,93,129,89,48,55,102,34"/><T77/><D67/><U118/><E122/><N who="0" m="46633" /><D10/><U66/><E118/><V31/><F113/><W59/><G69/><T117/><D117/><U23/><E124/><V63/><F119/><W74/><G34/><T97/><D114/><U61/><E1/><V13/><F33/><W134/><G74/><N who="0" m="28203" /><D130/><N who="3" m="49673" /><G134/><T41/><D41/><N who="2" m="15370" /><F31/><W79/><G79/><T86/><D104/><U37/><E37/><V125/><F125/><W35/><G35/><T11/><D11/><U56/><E71/><V49/><F80/><AGARI ba="0,0" hai="77,80,86,94,97,100,101,103" m="28203,46633" machi="80" ten="30,2900,0" yaku="34,2" doraHai="6" who="0" fromWho="2" sc="250,29,250,0,250,-29,250,0" />
</Scene>
<Scene>
<INIT seed="0,1,0,2,2,95" ten="279,250,221,250" oya="0" hai0="65,87,70,79,51,31,55,38,103,88,108,67,24" hai1="100,126,93,133,1,26,42,46,119,32,27,83,115" hai2="43,78,81,92,121,106,110,122,76,2,52,20,102" hai3="112,33,37,129,107,99,39,0,14,9,15,25,19"/><T53/><D38/><U22/><E119/><V34/><F2/><W116/><G116/><T35/><D79/><U23/><E1/><V54/><F34/><W58/><G112/><T47/><D108/><U72/><E115/><V105/><F110/><W62/><G0/><T64/><D103/><U128/><E128/><V73/><F43/><W120/><G129/><T5/><D5/><U44/><E133/><V49/><F78/><W45/><G120/><T77/><D77/><U98/><E72/><V114/><F114/><W101/><G45/><T59/><D70/><U127/><E83/><V124/><F124/><N who="1" m="47657" /><E32/><V13/><F54/><W104/><G104/><T130/><D130/><U90/><E100/><V135/><F135/><W7/><G33/><T131/><D131/><U91/><E91/><V82/><F82/><W6/><G25/><N who="1" m="9226" /><E46/><V94/><F105/><W125/><G125/><T68/><D68/><U61/><E61/><V56/><F106/><W85/><G85/><T50/><REACH who="0" step="1"/><D67/><REACH who="0" ten="269,250,221,250" step="2"/><U132/><E132/><V12/><F102/><W60/><G7/><T89/><D89/><U29/><E29/><V66/><F66/><W8/><G60/><T118/><D118/><U74/><E74/><V80/><F73/><W134/><G134/><T36/><D36/><AGARI ba="1,1" hai="22,23,36,42,44,90,93,98" m="9226,47657" machi="36" ten="30,2000,0" yaku="18,1,52,1" doraHai="95" who="1" fromWho="0" sc="269,-23,250,33,221,0,250,0" />
</Scene>
<Scene>
<INIT seed="1,0,0,4,0,86" ten="246,283,221,250" oya="1" hai0="99,120,103,15,73,40,117,121,30,127,109,32,119" hai1="22,63,49,70,72,79,132,39,26,4,81,104,131" hai2="114,16,27,17,82,28,64,91,89,80,94,71,59" hai3="25,35,56,18,62,65,122,93,58,112,14,44,78"/><U116/><E116/><V3/><F71/><W47/><G122/><N who="0" m="47211" /><D73/><U29/><E39/><V69/><F69/><W0/><G0/><T96/><D40/><U52/><E104/><V50/><F3/><W118/><G112/><T5/><D109/><U19/><E131/><V67/><F114/><W98/><G118/><T113/><D113/><U24/><E132/><V51/><F28/><W85/><G56/><T11/><D127/><U36/><E36/><V123/><F123/><W87/><G25/><N who="0" m="18511" /><D96/><U31/><E4/><V2/><F2/><W20/><G35/><T130/><D130/><U37/><E37/><V90/><F94/><AGARI ba="0,0" hai="5,11,15,94,99,103,117,119" m="18511,47211" machi="94" ten="30,1000,0" yaku="13,1" doraHai="86" who="0" fromWho="2" sc="246,10,283,0,221,-10,250,0" />
</Scene>
<Scene>
<INIT seed="2,0,0,3,0,46" ten="256,283,211,250" oya="2" hai0="16,87,32,26,130,81,126,34,20,18,38,6,27" hai1="86,92,71,88,89,115,13,55,60,51,24,85,1" hai2="117,98,57,104,41,82,0,52,135,113,108,62,21" hai3="68,134,25,65,111,131,90,53,19,54,80,109,103"/><V77/><F117/><W73/><G134/><T44/><D130/><U17/><E115/><V127/><F113/><W112/><G112/><T36/><D6/><U2/><E24/><V129/><F129/><W23/><G131/><T5/><D5/><U48/><E71/><V96/><F135/><W97/><G65/><T120/><D120/><U4/><E4/><V94/><F0/><W56/><G68/><T132/><D126/><U64/><E64/><V83/><F127/><W121/><G121/><T122/><D122/><U106/><E106/><V79/><F108/><N who="3" m="41547" /><G56/><T123/><D123/><U133/><E133/><V40/><F104/><N who="3" m="63599" /><G90/><T12/><D132/><U3/><E55/><V75/><F21/><W118/><G118/><T31/><D44/><U30/><E60/><V61/><F61/><W107/><G107/><T114/><D114/><U43/><E30/><V93/><F96/><W15/><G25/><T29/><REACH who="0" step="1"/><D18/><REACH who="0" ten="246,283,211,250" step="2"/><U11/><REACH who="1" step="1"/><E43/><REACH who="1" ten="246,273,211,250" step="2"/><V110/><F110/><W67/><G19/><T59/><D59/><U58/><E58/><V70/><F70/><W47/><G47/><T100/><D100/><U101/><E101/><V69/><F69/><W128/><G128/><T84/><D84/><U72/><E72/><V8/><F40/><W37/><G73/><T7/><D7/><U91/><E91/><AGARI ba="0,2" hai="12,16,20,26,27,29,31,32,34,36,38,81,87,91" machi="91" ten="30,8000,1" yaku="1,1,7,1,9,1,54,1,53,1" doraHai="46" doraHaiUra="9" who="0" fromWho="1" sc="246,100,273,-80,211,0,250,0" />
</Scene>
<Scene>
<INIT seed="3,0,0,2,3,59" ten="346,193,211,250" oya="3" hai0="28,12,60,64,87,44,31,41,93,21,50,118,97" hai1="17,18,135,19,69,85,80,11,6,130,61,125,22" hai2="27,129,96,107,20,55,54,52,88,34,26,90,116" hai3="82,89,101,23,102,103,106,47,38,65,108,32,98"/><W58/><G32/><T62/><D87/><U133/><E130/><V25/><F116/><W126/><G126/><T8/><D118/><U13/><E125/><V40/><F129/><W66/><G108/><T24/><D31/><U56/><E69/><V42/><F34/><W122/><G122/><T36/><D36/><U124/><E124/><V48/><F20/><W3/><G3/><T120/><D64/><U4/><E4/><V72/><F72/><W43/><G65/><T92/><D120/><U86/><E22/><V115/><F115/><W110/><G110/><T51/><D51/><U91/><REACH who="1" step="1"/><E86/><REACH who="1" ten="346,183,211,250" step="2"/><V105/><F48/><W63/><G23/><T37/><D37/><U111/><E111/><V45/><F96/><W10/><G10/><T76/><D76/><U81/><E81/><V46/><F107/><W29/><G29/><T127/><D127/><U74/><E74/><V121/><F105/><W109/><G109/><T15/><D93/><U123/><E123/><V78/><F121/><W16/><G16/><N who="0" m="8199" /><D15/><U73/><E73/><V49/><F78/><W5/><G5/><T114/><D114/><U113/><E113/><V84/><F84/><W117/><G117/><T104/><D104/><U75/><E75/><V95/><F95/><W2/><G2/><T119/><D119/><U132/><E132/><V77/><F77/><W112/><G112/><T57/><D92/><U0/><E0/><V67/><F49/><W128/><G128/><T14/><D97/><U70/><E70/><V68/><F68/><W53/><G106/><T79/><D79/><U1/><E1/><RYUUKYOKU ba="0,1" sc="346,-10,183,30,211,-10,250,-10" hai1="6,11,13,17,18,19,56,61,80,85,91,133,135" />
</Scene>
<Scene>
<INIT seed="4,1,1,4,4,80" ten="336,213,201,240" oya="0" hai0="125,57,65,14,100,60,24,28,56,25,79,89,62" hai1="87,45,124,93,37,6,38,40,70,85,31,54,103" hai2="98,73,53,21,51,129,43,111,23,117,97,19,121" hai3="114,61,8,47,77,84,63,59,104,7,105,115,30"/><T67/><D125/><U39/><E70/><V66/><F111/><W102/><G30/><T35/><D79/><U113/><E124/><V44/><F121/><W95/><G47/><T69/><D100/><U46/><E6/><V112/><F73/><W58/><G58/><T130/><D130/><U91/><E103/><V26/><F129/><W83/><G95/><T10/><D25/><U108/><E108/><V127/><F127/><W5/><G5/><T107/><D107/><N who="3" m="41033" /><G59/><T49/><D69/><U22/><E113/><N who="3" m="43018" /><G102/><T4/><D89/><U94/><E22/><V1/><F1/><AGARI ba="1,1" hai="1,7,8,61,63,77,83,84" m="43018,41033" machi="1" ten="30,2000,0" yaku="15,1,52,1" doraHai="80" who="3" fromWho="2" sc="336,0,213,0,201,-23,240,33" />
</Scene>
<Scene>
<INIT seed="5,0,0,4,5,70" ten="336,213,178,273" oya="1" hai0="89,123,59,121,77,12,42,46,48,66,132,127,29" hai1="74,82,125,72,55,5,85,52,43,6,41,108,111" hai2="33,30,84,44,47,61,133,40,78,3,68,45,53" hai3="99,17,22,73,0,122,35,62,19,91,11,4,98"/><U134/><E134/><V39/><F133/><W101/><G122/><N who="0" m="46603" /><D77/><U110/><E85/><V1/><F30/><W112/><G35/><T87/><D127/><U57/><E125/><V26/><F26/><W129/><G73/><N who="1" m="28266" /><E82/><V79/><F33/><W54/><G112/><T135/><D29/><U24/><E24/><V120/><F120/><W56/><G129/><T126/><D126/><U94/><E94/><V109/><F109/><W90/><G99/><T116/><D116/><U83/><E83/><V105/><F105/><W86/><G86/><T114/><D114/><U64/><E64/><V9/><F45/><W50/><G62/><N who="0" m="38239" /><D12/><U51/><E55/><V93/><F78/><W2/><G2/><T58/><D58/><U28/><E28/><V27/><F27/><W8/><G8/><T103/><D103/><U18/><E18/><V60/><F60/><W124/><G124/><T80/><AGARI ba="0,0" hai="42,46,48,80,87,89,132,135" m="38239,46603" machi="80" ten="30,1100,0" yaku="13,1" doraHai="70" who="0" fromWho="0" sc="336,11,213,-5,178,-3,273,-3" />
</Scene>
<Scene>
<INIT seed="6,0,0,4,2,60" ten="347,208,175,270" oya="2" hai0="67,70,124,21,62,43,0,1,39,24,46,66,87" hai1="35,76,48,120,98,10,17,97,132,122,88,54,38" hai2="80,68,84,123,15,85,58,49,20,102,115,44,129" hai3="11,75,73,7,59,100,12,104,119,93,86,112,23"/><V41/><F123/><N who="1" m="47145" /><E38/><V83/><F115/><W27/><G119/><T131/><D124/><U6/><E35/><V52/><F129/><W64/><G104/><T32/><D32/><U81/><E132/><V72/><F68/><W57/><G112/><T69/><D131/><U96/><E17/><N who="2" m="10303" /><F72/><W5/><G5/><T37/><D37/><U65/><E65/><V128/><F128/><W130/><G130/><T109/><D109/><U3/><E88/><N who="2" m="51207" /><F102/><W34/><G34/><T56/><D87/><N who="1" m="48551" /><E96/><V40/><F44/><AGARI ba="0,0" hai="3,6,10,44,48,54,97,98" m="48551,47145" machi="44" ten="30,1000,0" yaku="13,1" doraHai="60" who="1" fromWho="2" sc="347,0,208,10,175,-10,270,0" />
</Scene>
<Scene>
<INIT seed="7,0,0,3,0,43" ten="347,218,165,270" oya="3" hai0="19,95,134,15,42,127,126,34,30,21,2,111,53" hai1="105,122,40,112,107,92,75,72,60,101,125,29,78" hai2="59,0,52,36,65,130,6,38,27,7,50,90,44" hai3="117,51,108,114,118,28,8,32,9,73,41,67,35"/><W37/><G73/><T54/><D111/><U88/><E29/><V70/><F130/><W61/><G37/><T33/><D2/><U17/><E40/><V86/><F70/><W84/><G108/><T74/><D74/><N who="1" m="28203" /><E17/><V121/><F121/><W11/><G114/><T76/><D76/><U45/><E45/><V87/><F87/><W89/><G28/><T13/><D134/><U16/><E16/><V128/><F128/><W119/><G51/><T106/><D106/><N who="1" m="40459" /><E60/><V39/><F27/><W115/><G41/><T66/><D42/><U20/><E20/><V3/><F65/><W100/><G100/><T99/><D66/><U64/><E64/><V14/><F59/><W123/><G123/><T135/><D135/><U110/><E122/><V63/><F63/><W98/><G115/><T120/><D15/><U58/><E58/><V124/><F124/><N who="0" m="47658" /><D120/><U23/><E23/><V47/><F47/><W109/><G109/><T68/><D68/><U79/><E125/><V77/><F77/><N who="1" m="29193" /><E110/><V57/><F57/><W113/><G113/><T94/><D30/><U83/><E112/><V104/><F104/><W1/><G67/><T102/><D34/><U26/><E26/><V97/><F97/><W48/><G35/><T91/><D33/><U10/><E10/><V93/><REACH who="2" step="1"/><F14/><REACH who="2" ten="347,218,155,270" step="2"/><W46/><G61/><T82/><D13/><U4/><E83/><V56/><F56/><W71/><G71/><T12/><D82/><U62/><E62/><V85/><F85/><AGARI ba="0,1" hai="12,19,21,53,54,85,91,94,95,99,102" m="47658" machi="85" ten="30,1000,0" yaku="18,1" doraHai="43" who="0" fromWho="2" sc="347,20,218,0,155,-10,270,0" owari="367,46.0,218,-18.0,145,-35.0,270,7.0" />
</Scene>
</mjloggm>