<mjloggm ver="2.3"><GO type="169"/><UN n0="%41%53%41%50%49%4E" n1="%E3%83%99%E3%82%BF%E3%82%AA%E3%83%AA%E3%82%B9%E3%82%AF" n2="%E3%83%9E%E3%83%84%E3%82%B6%E3%82%AD" n3="%43%2D%E3%83%93%E3%83%83%E3%82%AF" dan="19,16,16,17" rate="2195,2104,2078,2080" sx="M,M,M,M"/><TAIKYOKU oya="0"/>

<Scene>
<INIT seed="0,0,0,1,4,45" ten="250,250,250,250" oya="0" hai0="20,28,90,37,65,49,17,114,1,71,35,38,128" hai1="72,112,25,54,59,3,15,122,96,4,99,133,26" hai2="113,116,126,103,8,117,115,106,58,61,107,5,63" hai3="56,33,129,85,131,24,12,134,50,100,22,6,81"/><T47/><D114/><N who="2" m="43530" /><F126/><W93/><G33/><T16/><D1/><U135/><E112/><V27/><F27/><N who="1" m="10249" /><E122/><V10/><F103/><W29/><G134/><N who="1" m="51210" /><E72/><V66/><F5/><W109/><G109/><T80/><D128/><N who="3" m="49225" /><G6/><T64/><D35/><U87/><E3/><V91/><F91/><N who="3" m="51631" /><G12/><T13/><D28/><U127/><E127/><V102/><F102/><W70/><G70/><T98/><D71/><U46/><E46/><V78/><F78/><W11/><G11/><N who="2" m="4137" /><F63/><W62/><G62/><T104/><D47/><U75/><E75/><V44/><F44/><W101/><G93/><T88/><D80/><U84/><E15/><V41/><F41/><W14/><G14/><T51/><D13/><U76/><E4/><V73/><F73/><W125/><G125/><T23/><REACH who="0" step="1"/><D98/><REACH who="0" ten="240,250,250,250" step="2"/><U0/><E99/><V94/><F58/><W68/><G68/><T30/><D30/><U48/><E96/><V97/><F97/><W108/><G108/><T19/><D19/><U130/><E0/><V120/><F120/><W74/><G74/><T53/><D53/><AGARI ba="0,1" hai="22,24,29,50,53,56,100,101" m="51631,49225" machi="53" ten="30,2000,0" yaku="19,1,52,1" doraHai="45" who="3" fromWho="0" sc="240,-20,250,0,250,0,250,30" />
</Scene>
<Scene>
<INIT seed="1,0,0,3,2,128" ten="220,250,250,280" oya="1" hai0="6,103,122,118,7,69,50,51,37,49,78,82,111" hai1="86,11,106,25,117,14,79,108,3,75,135,34,100" hai2="91,56,30,87,85,113,46,48,120,74,93,67,90" hai3="110,131,92,38,72,44,31,39,45,29,112,77,104"/><U80/><E117/><V97/><F74/><W114/><G104/><T59/><D118/><U41/><E3/><V62/><F120/><W65/><G131/><T127/><D69/><U88/><E108/><V101/><F113/><W35/><G110/><T132/><D111/><U96/><E41/><V8/><F30/><W18/><G65/><T43/><D122/><U73/><E135/><V84/><REACH who="2" step="1"/><F8/><REACH who="2" ten="220,250,240,280" step="2"/><W76/><G72/><T26/><D127/><U32/><E75/><V102/><F102/><W60/><G31/><T94/><D103/><U119/><E119/><V126/><F126/><W27/><G29/><T9/><D9/><U64/><E73/><V109/><F109/><W52/><G114/><T115/><D115/><U57/><E100/><V12/><F12/><W19/><G112/><T61/><D26/><U53/><E25/><V133/><F133/><W13/><G13/><T17/><D132/><U22/><E14/><V99/><F99/><W130/><G27/><T134/><D134/><U1/><E11/><V89/><F89/><W125/><G125/><T129/><D129/><U36/><E88/><V4/><F4/><W24/><G24/><T71/><D6/><U63/><E96/><V124/><F124/><W70/><G130/><T16/><D7/><U10/><E10/><V0/><F0/><W55/><G77/><T66/><D78/><U54/><E79/><V123/><F123/><W15/><G76/><T21/><D17/><U121/><E121/><V2/><F2/><W28/><G19/><T33/><D16/><U40/><E1/><V20/><F20/><RYUUKYOKU ba="0,1" sc="220,-10,250,-10,240,30,280,-10" hai2="46,48,56,62,67,84,85,87,90,91,93,97,101" />
</Scene>
<Scene>
<INIT seed="2,1,1,5,0,133" ten="210,240,270,270" oya="2" hai0="6,125,70,82,37,92,29,77,110,33,16,113,14" hai1="56,117,121,31,127,12,44,22,34,91,30,64,36" hai2="111,0,43,106,38,47,53,5,101,54,116,94,107" hai3="90,69,17,102,84,131,42,99,76,79,81,32,75"/><V1/><F116/><W134/><G69/><T24/><D113/><U119/><E34/><V80/><F80/><N who="3" m="45087" /><G17/><T10/><D70/><U96/><E127/><V78/><F78/><W19/><G19/><T129/><D37/><U74/><E74/><V50/><F54/><W39/><G32/><T87/><D129/><U63/><E121/><V103/><F111/><W9/><G9/><T118/><D110/><U15/><E119/><V73/><F73/><N who="3" m="43247" /><G39/><T104/><D104/><U72/><E72/><V100/><F94/><N who="3" m="58743" /><G42/><T25/><D118/><U51/><E36/><V52/><F53/><W20/><G20/><T46/><D46/><U88/><E117/><V7/><F7/><W112/><G134/><T123/><D123/><U108/><E108/><V68/><F68/><W58/><G58/><T3/><D25/><N who="1" m="16695" /><E31/><V35/><F35/><W8/><G8/><T135/><D135/><U85/><E51/><V95/><F5/><W109/><G109/><T98/><D6/><U2/><E2/><V124/><F1/><W62/><G62/><T59/><D3/><U26/><E26/><V132/><F0/><W13/><G13/><T18/><D18/><U48/><E48/><V61/><F132/><W67/><G67/><T65/><D65/><U66/><E66/><V60/><F61/><W57/><G57/><T4/><D59/><U55/><E44/><V122/><F60/><W114/><G131/><T28/><D4/><U40/><E64/><V105/><F122/><W130/><G130/><T23/><D33/><U21/><E63/><V93/><F50/><W83/><AGARI ba="1,1" hai="83,84,90,112,114" m="58743,43247,45087" machi="83" ten="30,4000,0" yaku="5,1,34,2" doraHai="133" who="3" fromWho="3" sc="210,-11,240,-11,270,-21,270,53" />
</Scene>
<Scene>
<INIT seed="3,0,0,0,0,101" ten="199,229,249,323" oya="3" hai0="41,78,16,116,44,5,135,63,87,6,92,7,60" hai1="12,105,0,46,111,85,34,54,4,70,82,14,15" hai2="9,13,49,75,110,1,131,96,22,33,24,98,81" hai3="119,128,19,115,74,106,32,68,89,65,91,10,76"/><W29/><G115/><T107/><D116/><U35/><E70/><V118/><F118/><W103/><G119/><T43/><D135/><U61/><E111/><V73/><F33/><W117/><G117/><T77/><D107/><U113/><E113/><V95/><F1/><W120/><G120/><T23/><D92/><U94/><E94/><V97/><F110/><W40/><G40/><N who="0" m="15435" /><D44/><U122/><E122/><V56/><F131/><W80/><G128/><T86/><D86/><U28/><E28/><V20/><F81/><W99/><G10/><T64/><D87/><U55/><E55/><N who="2" m="31855" /><F75/><W26/><REACH who="3" step="1"/><G19/><REACH who="3" ten="199,229,249,313" step="2"/><T83/><D64/><U17/><E17/><V8/><F9/><W125/><G125/><T58/><D58/><U127/><E127/><V123/><F8/><W79/><G79/><N who="0" m="30219" /><D83/><U84/><E82/><V88/><F123/><W30/><G30/><T11/><D11/><U69/><E4/><V27/><F73/><W71/><G71/><T72/><D72/><U126/><E126/><V133/><F133/><W62/><AGARI ba="0,1" hai="26,29,32,62,65,68,74,76,80,89,91,99,103,106" machi="62" ten="30,12000,1" yaku="1,1,0,1,25,2,52,1,53,0" doraHai="101" doraHaiUra="52" who="3" fromWho="3" sc="199,-40,229,-40,249,-40,313,130" />
</Scene>
<Scene>
<INIT seed="3,1,0,3,0,53" ten="159,189,209,443" oya="3" hai0="1,9,21,46,36,43,75,72,52,128,67,15,94" hai1="42,20,17,10,91,79,25,4,35,83,16,120,13" hai2="119,107,70,121,98,2,99,87,63,85,69,126,48" hai3="28,7,114,54,131,34,47,60,80,106,135,68,24"/><W134/><G114/><T96/><D128/><U19/><E120/><V113/><F2/><W0/><G131/><T49/><D67/><U27/><E42/><V100/><F113/><W89/><G106/><T55/><D21/><U103/><E103/><V58/><F119/><W62/><G0/><T6/><D1/><U23/><E91/><V8/><F121/><W97/><G7/><T39/><D55/><U104/><E104/><V117/><F117/><W29/><G29/><T95/><D39/><U50/><E50/><V115/><F115/><W130/><G130/><T118/><D118/><U78/><E35/><V93/><F8/><W127/><G127/><T64/><D64/><U40/><E40/><V14/><F14/><W109/><G68/><T38/><D38/><U51/><E51/><V133/><F126/><W66/><G66/><T82/><D82/><U123/><E123/><V59/><F133/><W102/><G47/><T92/><REACH who="0" step="1"/><D96/><REACH who="0" ten="149,189,209,443" step="2"/><U41/><E41/><V77/><F70/><W111/><G80/><T37/><D37/><U56/><E83/><V110/><F69/><W26/><G97/><T108/><D108/><U5/><E23/><V90/><F110/><W11/><G54/><T124/><D124/><U12/><E20/><V57/><F77/><W18/><G109/><T112/><D112/><U88/><E78/><V32/><F32/><W71/><G34/><T132/><D132/><U44/><E79/><V129/><F129/><W76/><G76/><T86/><D86/><N who="2" m="32778" /><F63/><W22/><G62/><T73/><D73/><U101/><E25/><V116/><F116/><RYUUKYOKU ba="1,1" sc="149,15,189,-15,209,15,443,-15" hai0="6,9,15,36,43,46,49,52,72,75,92,94,95" hai2="48,57,58,59,90,93,98,99,100,107" />
</Scene>
<Scene>
<INIT seed="4,2,1,4,4,33" ten="164,174,224,428" oya="0" hai0="42,36,86,114,88,37,55,29,54,83,12,63,120" hai1="67,18,135,22,9,82,117,57,6,116,75,58,5" hai2="72,39,104,108,133,129,99,0,95,21,64,113,126" hai3="131,10,78,62,103,38,93,13,122,4,100,77,71"/><T66/><D120/><U52/><E135/><V68/><RYUUKYOKU type="yao9" ba="2,1" sc="164,0,174,0,224,0,428,0" hai2="0,21,39,64,68,72,95,99,104,108,113,126,129,133" />
</Scene>
<Scene>
<INIT seed="4,3,1,4,4,123" ten="164,174,224,428" oya="0" hai0="99,87,113,66,60,120,101,44,41,121,53,2,3" hai1="135,115,20,96,80,69,57,130,65,119,68,102,76" hai2="86,16,112,13,109,6,25,19,89,36,75,79,111" hai3="17,91,62,103,108,35,43,95,26,122,74,104,127"/><T78/><D113/><U131/><E119/><V33/><F36/><W58/><G74/><T7/><D53/><U31/><E115/><V129/><F112/><W22/><G43/><T116/><D116/><U134/><E57/><V40/><F40/><W64/><G35/><T126/><D126/><U14/><E65/><V0/><F129/><N who="1" m="49161" /><E14/><V51/><F51/><W73/><G73/><T4/><D4/><U39/><E39/><V29/><F79/><W124/><G122/><T84/><D120/><U94/><E20/><N who="2" m="11279" /><F19/><W133/><G104/><T90/><D121/><U56/><E56/><V42/><F42/><W50/><G50/><T30/><D30/><U34/><E34/><V23/><F23/><W132/><G103/><T67/><D67/><U37/><E31/><V1/><F1/><W77/><G77/><T46/><D78/><U55/><E55/><V27/><F27/><W71/><G71/><N who="1" m="27210" /><E37/><V106/><F106/><W10/><G10/><T125/><D41/><U32/><E32/><V8/><F75/><AGARI ba="3,1" hai="75,76,80,94,96,102,134,135" m="27210,49161" machi="75" ten="30,1000,0" yaku="19,1" doraHai="123" who="1" fromWho="2" sc="164,0,174,29,224,-19,428,0" />
</Scene>
<Scene>
<INIT seed="5,0,0,3,4,79" ten="164,203,205,428" oya="1" hai0="125,66,24,80,52,99,113,11,13,19,38,123,118" hai1="54,15,108,98,84,63,107,33,62,119,65,21,134" hai2="91,4,72,70,76,114,103,130,55,109,8,124,100" hai3="129,106,32,58,85,44,31,9,25,48,20,42,57"/><U3/><E3/><V41/><F70/><W96/><G129/><T28/><D118/><U50/><E33/><V135/><F41/><W105/><G32/><T122/><D38/><U127/><E119/><V77/><F130/><W12/><G106/><T6/><D66/><U67/><E127/><V74/><F109/><W133/><G133/><T39/><D39/><U126/><E126/><V104/><F55/><W61/><G61/><T97/><D125/><U43/><E43/><V83/><F8/><W110/><G110/><T112/><D6/><U2/><E2/><V131/><F4/><N who="3" m="3111" /><G105/><T102/><D97/><U46/><E108/><V18/><F18/><W60/><G96/><T47/><D99/><U82/><E134/><V117/><F131/><W34/><G34/><N who="0" m="20743" /><D102/><U73/><E73/><V16/><F16/><W69/><G69/><T49/><D80/><U90/><E107/><V92/><F135/><W89/><G60/><N who="1" m="23082" /><E98/><N who="2" m="57631" /><F104/><W45/><G45/><T128/><D128/><U115/><E115/><AGARI ba="0,0" hai="11,13,19,47,49,52,112,113,115,122,123" m="20743" machi="115" ten="30,2000,0" yaku="15,1,54,1" doraHai="79" who="0" fromWho="1" sc="164,20,203,-20,205,0,428,0" />
</Scene>
<Scene>
<INIT seed="6,0,0,2,3,35" ten="184,183,205,428" oya="2" hai0="123,77,97,81,69,3,74,101,59,41,58,94,127" hai1="103,20,65,75,6,57,129,40,38,82,25,5,33" hai2="52,48,111,133,30,21,34,71,37,121,124,99,66" hai3="132,8,90,7,43,91,70,80,106,72,47,84,87"/><V4/><F121/><W107/><G72/><T10/><D69/><U109/><E33/><V85/><F34/><W100/><G132/><T29/><D123/><U130/><E109/><V9/><F37/><W118/><G70/><T128/><D29/><N who="1" m="17575" /><E103/><V42/><F42/><W18/><G18/><T95/><D128/><N who="1" m="49259" /><E40/><V15/><F124/><W83/><G100/><T63/><D127/><U110/><E38/><V131/><F131/><W26/><G26/><T13/><D41/><U112/><E110/><V134/><F111/><W24/><G24/><T79/><D79/><N who="1" m="44415" /><E112/><V89/><F133/><W105/><G118/><T2/><D95/><U39/><E39/><V50/><F134/><W44/><G43/><T60/><D60/><AGARI ba="0,0" hai="5,6,57,60,65" m="44415,49259,17575" machi="60" ten="30,1000,0" yaku="19,1" doraHai="35" who="1" fromWho="0" sc="184,-10,183,10,205,0,428,0" />
</Scene>
<Scene>
<INIT seed="7,0,0,4,3,108" ten="174,193,205,428" oya="3" hai0="85,6,30,36,0,67,128,7,20,106,11,99,41" hai1="19,117,86,33,103,80,126,109,105,57,76,121,47" hai2="59,87,115,92,17,129,83,53,125,40,98,134,94" hai3="93,34,88,9,23,37,52,12,29,65,122,26,43"/><W60/><G122/><T54/><D128/><U14/><E109/><V84/><F129/><W38/><G43/><T104/><D67/><U112/><E121/><V44/><F125/><W69/><G34/><T62/><D99/><U95/><E33/><V130/><F134/><W35/><G52/><T127/><D127/><U100/><E105/><V27/><F115/><W81/><G81/><T118/><D118/><U50/><E126/><V58/><F58/><W48/><G48/><T45/><D7/><U114/><E57/><V119/><F83/><W39/><G35/><T55/><D85/><U82/><E117/><V16/><F87/><W123/><G123/><T70/><D55/><N who="1" m="30175" /><E95/><V116/><F84/><W21/><G21/><T74/><D74/><U68/><E68/><V77/><F130/><W49/><G49/><T72/><D72/><U71/><E71/><V31/><F94/><W66/><G66/><T42/><D42/><U1/><E1/><V24/><F40/><W110/><G39/><T79/><D79/><U89/><E76/><V22/><F77/><W51/><G51/><T3/><D3/><U13/><E82/><V101/><F116/><W25/><G38/><T28/><D70/><U46/><E46/><V124/><F44/><W10/><G37/><T78/><D78/><U120/><E120/><V133/><F124/><W63/><G110/><T132/><D132/><U97/><E97/><V18/><F119/><W135/><G135/><T64/><D64/><U15/><E19/><V107/><F133/><W8/><G69/><T5/><D36/><U102/><AGARI ba="0,0" hai="13,14,15,80,86,89,100,102,103,112,114" m="30175" machi="102" ten="40,5200,0" yaku="5,1,52,2" doraHai="108" who="1" fromWho="1" sc="174,-13,193,52,205,-13,428,-26" owari="161,-34.0,245,5.0,192,-21.0,402,50.0" />
</Scene>
</mjloggm>