<mjloggm ver="2.3"><GO type="169" lobby="0"/><UN n0="%41%53%41%50%49%4E" n1="%E3%83%9E%E3%83%88%E3%83%AA%E3%83%83%E3%82%AF%E3%82%B9" n2="%E3%81%99%E3%81%9F%E3%83%BC%E3%82%89%E3%81%84%E3%81%A8%E3%81%B3%E3%83%BC" n3="%E8%B6%85%E3%83%92%E3%83%A2%E3%83%AA%E3%83%AD" dan="19,16,18,18" rate="2336.86,2112.12,2175.74,2235.21" sx="M,M,F,F"/><TAIKYOKU oya="0"/>

<Scene>
<INIT seed="0,0,0,1,3,9" ten="250,250,250,250" oya="0" hai0="73,97,5,111,135,3,134,68,13,131,109,55,47" hai1="12,106,90,87,2,133,92,24,89,8,35,117,26" hai2="0,118,86,101,65,114,119,104,4,78,51,25,107" hai3="10,29,60,102,18,99,123,52,27,37,110,36,70"/><T66/><D73/><U81/><E106/><V74/><F114/><W43/><G110/><N who="0" m="41995" /><D3/><U1/><E117/><V82/><F65/><W69/><G123/><T103/><D131/><U77/><E133/><N who="0" m="50697" /><D66/><U15/><E90/><V130/><F4/><W113/><G113/><T116/><D68/><U112/><E112/><V28/><F0/><W22/><G70/><T61/><D116/><U40/><E40/><V48/><F130/><W46/><G69/><T100/><D97/><U16/><E35/><V122/><F122/><W79/><G37/><T75/><D75/><U57/><E1/><V95/><F119/><W63/><G36/><T58/><D47/><U56/><E2/><V128/><F118/><W64/><G64/><T91/><D91/><U33/><E33/><V126/><F128/><W32/><G99/><T17/><D5/><N who="1" m="3087" /><E57/><V98/><F78/><W44/><G44/><T85/><D85/><N who="1" m="48303" /><E56/><V76/><F86/><W21/><G79/><T115/><D115/><U59/><E59/><V6/><F76/><W108/><G108/><T105/><D105/><U34/><E34/><V14/><F74/><W49/><G32/><T120/><D120/><U94/><E94/><V41/><F95/><W62/><G46/><T132/><N who="0" m="50705" /><T67/><DORA hai="53" /><D67/><U88/><E89/><V11/><F104/><W54/><G102/><T30/><D30/><U19/><E19/><V71/><F71/><W39/><G29/><T45/><D45/><U23/><AGARI ba="0,0" hai="15,16,23,24,26,87,88,92" m="48303,3087" machi="23" ten="30,8000,1" yaku="8,1,52,2,54,2" doraHai="9,53" who="1" fromWho="1" sc="250,-40,250,80,250,-20,250,-20" />
</Scene>
<Scene>
<INIT seed="1,0,0,3,5,34" ten="210,330,230,230" oya="1" hai0="110,114,75,40,74,64,118,42,70,125,57,122,31" hai1="48,86,18,134,105,8,46,24,130,73,22,108,32" hai2="49,84,76,29,79,26,11,77,109,92,3,101,135" hai3="72,14,56,89,21,95,2,132,20,103,38,65,68"/><U61/><E73/><V123/><F123/><W88/><G132/><T12/><D114/><U43/><E105/><V111/><F135/><W10/><G72/><T53/><D118/><U54/><E134/><V51/><F11/><W69/><G38/><T67/><D122/><U100/><E130/><V102/><F3/><W44/><G2/><T25/><D110/><N who="2" m="41994" /><F84/><W129/><G68/><T85/><D125/><U55/><E108/><V28/><F92/><W117/><G44/><T19/><D75/><U62/><E32/><V91/><F91/><W1/><G1/><T15/><D74/><U66/><E100/><N who="2" m="38507" /><F26/><W47/><G69/><T39/><D85/><U6/><E86/><V87/><F87/><W4/><G117/><T124/><D124/><U128/><E128/><V9/><F9/><W50/><G103/><T80/><D80/><U83/><E83/><V133/><F133/><W115/><G129/><T45/><D70/><U58/><REACH who="1" step="1"/><E62/><REACH who="1" ten="210,320,230,230" step="2"/><V113/><F113/><W99/><G115/><T94/><D94/><U37/><E37/><V17/><F17/><W52/><G89/><T13/><D19/><U30/><E30/><AGARI ba="0,1" hai="28,29,30,49,51,76,77,79" m="38507,41994" machi="30" ten="40,5200,0" yaku="28,2,14,1" doraHai="34" who="2" fromWho="1" sc="210,0,320,-52,230,62,230,0" />
</Scene>
<Scene>
<INIT seed="2,0,0,0,5,33" ten="210,268,292,230" oya="2" hai0="47,80,1,132,70,42,17,7,74,84,12,35,105" hai1="106,27,40,71,59,68,131,49,102,116,30,89,100" hai2="79,11,126,29,36,53,85,122,118,37,98,114,23" hai3="123,26,54,2,62,72,4,46,108,81,64,93,57"/><V101/><F118/><W76/><G108/><T92/><D105/><U67/><E116/><V9/><F122/><W135/><G135/><T127/><D127/><U38/><E131/><V34/><F114/><W25/><G123/><T119/><D119/><U3/><E106/><V95/><F126/><W112/><G112/><T58/><D70/><U31/><E89/><V50/><F34/><W128/><G128/><T65/><D35/><U120/><E120/><V133/><F133/><W39/><G93/><T75/><D92/><U125/><E125/><V0/><F0/><W6/><G6/><T22/><D132/><U32/><E31/><V110/><F110/><W48/><REACH who="3" step="1"/><G39/><REACH who="3" ten="210,268,292,220" step="2"/><T94/><D94/><U52/><E38/><V77/><F37/><W115/><G115/><T88/><D7/><U5/><E5/><V99/><F36/><W124/><G124/><T96/><D96/><U90/><E102/><V107/><F98/><W121/><G121/><T87/><D80/><U16/><E100/><V43/><F107/><W104/><G104/><T45/><D75/><U111/><E111/><V18/><F101/><W82/><G82/><T78/><D74/><U21/><E68/><V19/><F99/><W117/><G117/><T51/><D84/><U66/><E71/><V63/><F95/><W86/><G86/><T28/><D87/><U109/><E109/><V56/><F85/><W20/><G20/><T113/><D22/><U60/><E21/><V10/><F79/><W83/><G83/><T73/><D113/><U55/><E32/><V97/><F77/><W44/><G44/><RYUUKYOKU ba="0,1" sc="210,-10,268,-10,292,-10,220,30" hai3="2,4,25,26,46,48,54,57,62,64,72,76,81" />
</Scene>
<Scene>
<INIT seed="3,1,1,3,1,59" ten="200,258,282,250" oya="3" hai0="131,0,31,88,10,76,63,82,3,1,135,68,71" hai1="53,41,60,62,65,37,9,130,114,43,58,16,42" hai2="127,98,77,21,101,70,78,104,56,8,87,89,125" hai3="20,69,72,12,83,64,67,15,93,85,66,134,84"/><W50/><G69/><T49/><D131/><U61/><E114/><V95/><F70/><W25/><G72/><T2/><D135/><U73/><E73/><V29/><F8/><W117/><G117/><T23/><D68/><N who="1" m="42023" /><E9/><V45/><F45/><W27/><G134/><T35/><D35/><U128/><E16/><V118/><F56/><W79/><G50/><T14/><D49/><N who="1" m="31023" /><E37/><V13/><F13/><N who="3" m="5195" /><G20/><T100/><D100/><U74/><E74/><V86/><F21/><W90/><AGARI ba="1,1" hai="25,27,64,66,67,79,83,84,85,90,93" m="5195" machi="90" ten="30,1500,0" yaku="8,1" doraHai="59" who="3" fromWho="3" sc="200,-6,258,-6,282,-6,250,28" />
</Scene>
<Scene>
<INIT seed="3,2,0,2,4,108" ten="194,252,276,278" oya="3" hai0="101,78,1,2,126,55,117,10,21,77,65,86,106" hai1="110,22,135,88,13,19,121,23,105,109,30,29,6" hai2="53,83,111,127,133,104,91,122,98,129,66,12,102" hai3="35,27,28,84,96,132,119,112,46,7,14,3,61"/><W44/><G132/><T131/><D117/><U118/><E105/><V25/><F133/><W103/><G119/><T4/><D131/><U94/><E135/><V116/><F111/><N who="1" m="42505" /><E118/><V36/><F36/><W40/><G3/><T93/><D126/><U56/><E121/><V32/><F116/><W68/><G84/><T64/><D2/><U11/><E56/><V63/><F53/><W57/><G112/><T58/><D106/><U82/><E82/><V50/><F50/><W71/><G14/><T52/><D55/><U37/><E37/><V70/><F12/><W100/><G7/><T123/><D123/><U15/><E23/><V38/><F38/><W8/><G8/><T54/><D54/><U92/><E92/><V85/><F122/><W26/><G26/><T113/><D113/><U128/><E128/><V49/><F49/><W16/><G103/><T73/><D73/><U33/><E33/><V60/><F60/><W20/><G68/><T18/><D65/><U99/><AGARI ba="2,0" hai="6,11,13,15,19,22,29,30,88,94,99" m="42505" machi="99" ten="30,2000,0" yaku="14,1,54,1" doraHai="108" who="1" fromWho="1" sc="194,-7,252,26,276,-7,278,-12" />
</Scene>
<Scene>
<INIT seed="4,0,0,4,5,60" ten="187,278,269,266" oya="0" hai0="31,39,93,119,107,130,125,43,15,18,97,54,20" hai1="126,83,75,33,34,76,36,74,44,58,124,88,123" hai2="16,50,29,95,13,127,5,42,112,37,56,101,8" hai3="21,32,78,62,55,30,19,70,108,66,51,25,77"/><T94/><D119/><U120/><E58/><V0/><F37/><W114/><G108/><T28/><D130/><U82/><E88/><V121/><F121/><N who="1" m="46665" /><E82/><V47/><F112/><W96/><G96/><T6/><D125/><N who="1" m="48235" /><E75/><V4/><F127/><W105/><G105/><T84/><D107/><U133/><E133/><V73/><F73/><W24/><REACH who="3" step="1"/><G114/><REACH who="3" ten="187,278,269,256" step="2"/><T67/><D97/><U111/><E111/><V45/><F101/><W69/><G69/><T23/><D31/><U1/><E1/><V81/><F0/><W12/><G12/><T135/><D15/><U90/><E90/><V17/><F29/><W79/><G79/><T106/><D28/><U63/><E76/><V99/><F99/><W89/><G89/><T65/><D106/><U72/><E33/><V35/><F35/><W2/><G2/><T98/><D98/><U38/><E34/><V131/><F13/><W113/><G113/><T11/><D135/><U129/><E129/><V122/><F131/><W102/><G102/><T52/><D93/><U14/><E14/><V85/><F95/><W27/><G27/><T132/><D132/><U109/><E109/><V92/><F92/><W118/><G118/><T46/><D94/><U48/><E83/><V22/><F122/><W3/><G3/><N who="0" m="479" /><D84/><U64/><E74/><V91/><F91/><W49/><G49/><T40/><D39/><U87/><E87/><V53/><F85/><W115/><G115/><T59/><D18/><U110/><E110/><V104/><F104/><W128/><G128/><T116/><D116/><U41/><E72/><V134/><F134/><RYUUKYOKU ba="0,1" sc="187,-15,278,15,269,-15,256,15" hai1="36,38,41,44,48,63,64" hai3="19,21,24,25,30,32,51,55,62,66,70,77,78" />
</Scene>
<Scene>
<INIT seed="5,1,1,0,0,15" ten="172,293,254,271" oya="1" hai0="49,118,81,58,102,4,56,40,64,96,115,41,104" hai1="6,30,116,47,24,52,126,110,17,93,50,133,35" hai2="53,77,3,22,108,98,32,87,119,114,73,20,72" hai3="37,46,71,80,122,82,27,31,66,127,134,39,61"/><U62/><E116/><V107/><F32/><W130/><G122/><T92/><D118/><U8/><E110/><V94/><F108/><W19/><G127/><T68/><D115/><U91/><E126/><V84/><F3/><W78/><G130/><T43/><D4/><U23/><E133/><V74/><F119/><W128/><G134/><T112/><D112/><U89/><E93/><V9/><F9/><W75/><G128/><T7/><D7/><U95/><E95/><V48/><F107/><W33/><G46/><T67/><D68/><U79/><E79/><V12/><F114/><W34/><G34/><T97/><D81/><U106/><E106/><V83/><F87/><W42/><G42/><T101/><REACH who="0" step="1"/><D58/><REACH who="0" ten="162,293,254,271" step="2"/><U65/><E35/><V125/><F125/><W129/><G129/><T121/><D121/><U111/><E111/><V13/><F83/><W57/><G57/><T25/><D25/><U45/><E45/><V26/><F26/><W54/><G82/><T69/><D69/><U103/><E30/><V1/><F1/><W59/><REACH who="3" step="1"/><G19/><REACH who="3" ten="162,293,254,261" step="2"/><T85/><D85/><U55/><E17/><V123/><F84/><W113/><G113/><T38/><D38/><U18/><E18/><V99/><F123/><W10/><G10/><T60/><D60/><AGARI ba="1,3" hai="27,31,33,37,39,54,59,60,61,66,71,75,78,80" machi="60" ten="30,2000,0" yaku="1,1,7,1,53,0" doraHai="15" doraHaiUra="120" who="3" fromWho="0" sc="162,-23,293,0,254,0,261,53" />
</Scene>
<Scene>
<INIT seed="6,0,0,2,0,95" ten="139,293,254,314" oya="2" hai0="52,67,83,107,18,135,15,133,111,81,117,29,8" hai1="62,128,54,14,116,49,90,53,63,37,70,34,89" hai2="21,6,80,118,0,30,91,5,12,73,82,47,57" hai3="56,77,122,120,79,10,43,103,32,129,59,114,125"/><V24/><F118/><W64/><G32/><T44/><D111/><U31/><E116/><V27/><F0/><W101/><G43/><T130/><D117/><U123/><E37/><V42/><F73/><W40/><G40/><T33/><D130/><U66/><E128/><V39/><F57/><W105/><G129/><T99/><D67/><U94/><E123/><V86/><F12/><W7/><G125/><T131/><D131/><U71/><E34/><V22/><REACH who="2" step="1"/><F80/><REACH who="2" ten="139,293,244,314" step="2"/><W26/><G120/><T113/><D81/><U98/><E14/><V132/><F132/><N who="0" m="50762" /><D83/><U45/><E71/><V58/><F58/><W17/><G122/><T60/><D113/><U38/><E70/><V65/><F65/><W78/><G64/><T96/><D107/><U104/><E104/><V126/><F126/><W110/><G105/><T121/><D121/><U97/><E66/><V41/><F41/><W13/><G114/><T35/><D60/><N who="1" m="23083" /><E38/><V19/><AGARI ba="0,1" hai="5,6,19,21,22,24,27,30,39,42,47,82,86,91" machi="19" ten="20,3900,0" yaku="1,1,0,1,7,1,53,0" doraHai="95" doraHaiUra="28" who="2" fromWho="2" sc="139,-13,293,-13,244,49,314,-13" />
</Scene>
<Scene>
<INIT seed="6,1,0,5,2,126" ten="126,280,293,301" oya="2" hai0="70,73,107,45,31,93,7,23,59,16,104,20,131" hai1="25,55,19,95,82,72,85,98,49,124,108,112,35" hai2="99,101,87,90,121,53,79,60,105,94,106,134,47" hai3="37,34,38,15,51,91,17,125,4,65,56,43,74"/><V117/><F117/><W66/><G74/><T22/><D70/><U32/><E72/><V0/><F0/><W127/><G34/><T48/><D73/><U92/><E108/><V68/><F121/><W39/><G4/><T83/><D31/><U71/><E71/><V3/><F3/><W57/><G91/><T89/><D7/><U2/><E2/><V129/><F134/><W26/><G26/><T61/><D83/><U50/><E124/><N who="3" m="47690" /><G43/><T116/><D116/><U42/><E112/><V100/><F68/><W76/><G76/><T11/><D107/><U96/><E42/><V133/><F133/><W109/><G109/><T21/><D104/><U80/><E19/><V52/><F79/><W33/><G33/><T5/><D5/><U123/><E25/><V27/><F27/><W40/><G40/><T75/><D75/><U118/><E118/><V30/><F30/><W69/><G69/><T88/><D131/><U28/><E28/><V58/><F129/><W119/><G119/><T41/><D93/><U120/><E85/><V13/><F13/><W97/><G97/><T86/><N who="0" m="5120" /><DORA hai="114" /><T12/><REACH who="0" step="1"/><D86/><REACH who="0" ten="116,280,293,301" step="2"/><U63/><E123/><V78/><F78/><W8/><G8/><T130/><D130/><U36/><E120/><V128/><F128/><W24/><G24/><T44/><D44/><U18/><E95/><V84/><F106/><W62/><G15/><T1/><D1/><U115/><E92/><V54/><F47/><W102/><G17/><T132/><D132/><U67/><E115/><V113/><F113/><W46/><G46/><T135/><D135/><RYUUKYOKU ba="1,1" sc="116,30,280,-10,293,-10,301,-10" hai0="11,12,16,41,45,48,59,61,88,89" />
</Scene>
<Scene>
<INIT seed="7,2,1,0,3,22" ten="146,270,283,291" oya="3" hai0="21,54,124,104,97,92,87,77,13,73,121,64,108" hai1="12,0,78,59,61,71,98,74,111,117,75,67,89" hai2="83,15,109,82,62,53,34,20,128,2,85,45,18" hai3="68,6,84,32,37,118,23,55,41,3,69,46,19"/><W38/><G118/><T44/><D108/><U48/><E0/><V43/><F109/><W14/><G37/><T94/><D121/><U9/><E111/><V49/><F128/><W27/><G55/><T47/><D73/><U52/><E117/><V134/><F2/><W24/><G24/><T106/><D124/><U103/><E89/><N who="2" m="51383" /><F34/><W79/><G84/><T135/><D135/><U114/><E78/><V110/><F134/><W51/><G38/><T113/><D113/><U107/><E114/><V76/><F110/><W28/><G79/><T5/><D104/><U50/><E50/><V39/><F39/><W130/><G130/><T60/><D106/><U33/><E33/><V40/><F62/><W25/><G25/><T99/><D54/><U66/><E66/><V1/><F1/><W10/><AGARI ba="2,1" hai="3,6,10,14,19,23,27,28,32,41,46,51,68,69" machi="10" ten="30,11700,0" yaku="0,1,24,2,52,1" doraHai="22" who="3" fromWho="3" sc="146,-41,270,-41,283,-41,291,133" owari="105,-39.0,229,-17.0,242,4.0,424,52.0" />
</Scene>
</mjloggm>