<mjloggm ver="2.3"><GO type="169"/><UN n0="%79%69%6E%6E%65%72%30%36" n1="%41%70%70%6C%65%2A" n2="%E7%A9%BA%E5%B1%85" n3="%41%53%41%50%49%4E" dan="16,16,16,18" rate="2081,2062,2039,2211" sx="M,M,M,M"/><TAIKYOKU oya="0"/>

<Scene>
<INIT seed="0,0,0,2,5,125" ten="250,250,250,250" oya="0" hai0="39,84,108,99,78,71,11,20,122,35,118,81,45" hai1="28,59,135,44,112,90,92,104,57,17,51,73,65" hai2="36,98,68,56,25,21,63,7,43,27,95,117,107" hai3="91,120,61,34,14,18,26,74,3,38,16,89,2"/><T85/><D122/><U64/><E73/><V82/><F107/><W88/><G38/><T94/><D35/><U47/><E104/><V83/><F68/><W32/><G74/><T102/><D118/><U41/><E28/><V49/><F36/><W55/><G120/><T46/><D71/><U103/><E103/><V53/><F25/><W9/><G61/><T132/><D132/><U67/><E135/><V60/><F7/><W126/><G126/><T58/><D39/><U4/><E4/><V30/><F63/><W19/><G55/><T115/><D115/><U87/><E112/><V80/><F117/><W23/><REACH who="3" step="1"/><G19/><REACH who="3" ten="250,250,250,240" step="2"/><T134/><D134/><U129/><E17/><V1/><F60/><W33/><AGARI ba="0,1" hai="2,3,9,14,16,18,23,26,32,33,34,88,89,91" machi="33" ten="40,12000,2" yaku="1,1,2,1,0,1,54,2,53,2" doraHai="125" doraHaiUra="13" who="3" fromWho="3" sc="250,-60,250,-30,250,-30,240,130" />
</Scene>
<Scene>
<INIT seed="1,0,0,2,0,37" ten="190,220,220,370" oya="1" hai0="3,8,30,1,32,39,22,78,48,36,123,102,66" hai1="96,26,84,45,61,15,83,121,42,125,21,82,106" hai2="87,57,18,16,68,58,134,104,75,114,95,69,27" hai3="13,97,79,122,88,4,72,25,0,28,34,6,90"/><U17/><E121/><V31/><F104/><W98/><G122/><T19/><D123/><U119/><E119/><V101/><F75/><W43/><G0/><T73/><D102/><U130/><E130/><V127/><F101/><W115/><G115/><T5/><D3/><U54/><E125/><V20/><F95/><W46/><G97/><T118/><D66/><U14/><E106/><V100/><F87/><W60/><G60/><T112/><D112/><U128/><E128/><V76/><F100/><W12/><G12/><T93/><D93/><U50/><E96/><V132/><F76/><W44/><G44/><T126/><D126/><U124/><E124/><V9/><F127/><W92/><G90/><T33/><D118/><U133/><E133/><N who="2" m="51307" /><F114/><W120/><G120/><T62/><D62/><U86/><E86/><V77/><F77/><W41/><G13/><N who="1" m="4618" /><E84/><V10/><F31/><W74/><G74/><T29/><D73/><U103/><E103/><V116/><F116/><W108/><G108/><T35/><D78/><U51/><E61/><V67/><F67/><W105/><G105/><T52/><D36/><U81/><E81/><V113/><F113/><W24/><G79/><T38/><D38/><U40/><E51/><V117/><F117/><W23/><G72/><T89/><D39/><U55/><E54/><V64/><F64/><W110/><G110/><T109/><D109/><U85/><E82/><V129/><F129/><W47/><G6/><T80/><D80/><U49/><E49/><V94/><F94/><W70/><G92/><T99/><D32/><U107/><E107/><RYUUKYOKU ba="0,0" sc="190,-10,220,30,220,-10,370,-10" hai1="17,21,26,40,42,45,50,55,83,85" />
</Scene>
<Scene>
<INIT seed="1,1,0,2,0,87" ten="180,250,210,360" oya="1" hai0="32,113,89,1,44,99,21,22,77,96,94,58,123" hai1="93,0,83,108,120,122,133,56,92,117,76,8,52" hai2="41,48,59,131,68,101,65,35,55,31,9,50,95" hai3="70,124,73,16,104,53,63,64,40,3,114,134,125"/><U97/><E117/><V62/><F131/><W100/><G114/><T72/><D113/><U57/><E133/><V12/><F35/><W14/><G3/><T127/><D32/><U91/><E57/><V27/><F41/><W112/><G112/><T86/><D1/><U84/><E108/><V69/><F48/><W81/><G40/><T119/><D119/><U2/><E2/><V75/><F75/><W106/><G134/><T132/><D132/><U90/><E8/><V19/><F101/><W79/><G53/><T82/><D123/><U130/><E0/><V88/><F27/><W4/><G4/><T109/><D109/><U110/><E130/><V43/><F43/><W80/><G80/><T135/><D135/><U29/><E29/><V28/><REACH who="2" step="1"/><F69/><REACH who="2" ten="180,250,200,360" step="2"/><W20/><REACH who="3" step="1"/><G100/><REACH who="3" ten="180,250,200,350" step="2"/><T54/><D127/><AGARI ba="1,2" hai="14,16,20,63,64,70,73,79,81,104,106,124,125,127" machi="127" ten="40,8000,1" yaku="1,1,2,1,18,1,54,1,53,0" doraHai="87" doraHaiUra="39" who="3" fromWho="0" sc="180,-83,250,0,200,0,350,103" />
</Scene>
<Scene>
<INIT seed="2,0,0,0,3,46" ten="97,250,200,453" oya="2" hai0="41,0,8,134,38,63,59,118,6,62,4,98,131" hai1="54,9,68,111,78,42,128,125,34,15,53,81,74" hai2="13,20,19,117,50,2,76,22,33,96,23,103,133" hai3="1,70,126,106,135,85,45,52,94,95,86,17,37"/><V27/><F76/><W110/><G106/><T102/><D118/><U60/><E128/><V108/><F117/><W107/><G107/><T115/><D115/><U43/><E125/><V122/><F122/><W88/><G70/><T72/><D72/><U104/><E34/><V44/><F2/><W105/><G105/><T73/><D73/><U100/><E111/><V92/><F108/><W7/><G110/><T99/><D131/><U80/><E80/><V48/><F133/><W24/><G135/><T56/><D134/><U49/><E43/><V130/><F130/><W101/><G37/><T35/><D35/><U121/><E121/><V87/><F87/><W40/><G40/><T127/><D127/><U11/><E42/><V21/><REACH who="2" step="1"/><F44/><REACH who="2" ten="97,250,190,453" step="2"/><W29/><G45/><T28/><D38/><U124/><E124/><V30/><AGARI ba="0,1" hai="13,19,20,21,22,23,27,30,33,48,50,92,96,103" machi="30" ten="30,18000,2" yaku="1,1,2,1,0,1,52,2,53,1" doraHai="46" doraHaiUra="26" who="2" fromWho="2" sc="97,-60,250,-60,190,190,453,-60" />
</Scene>
<Scene>
<INIT seed="2,1,0,0,3,100" ten="37,190,380,393" oya="2" hai0="70,87,3,81,52,45,26,96,74,30,0,59,46" hai1="9,38,50,21,75,95,105,56,72,101,76,117,118" hai2="63,121,104,111,57,39,92,134,34,98,123,25,41" hai3="61,120,31,82,97,68,132,66,116,133,67,65,35"/><V85/><F134/><N who="3" m="51819" /><G116/><T129/><D70/><U89/><E38/><V126/><F126/><W29/><G120/><T128/><D74/><U23/><E9/><V113/><F113/><W127/><G127/><T93/><D0/><U33/><E33/><V19/><F111/><W114/><G114/><T13/><D3/><U47/><E56/><V88/><F41/><W107/><G82/><T16/><D129/><U109/><E109/><V55/><F39/><W53/><G53/><T51/><D128/><U73/><E23/><V10/><F34/><W2/><G2/><T62/><D26/><U78/><E21/><V43/><F43/><W42/><G42/><T135/><D30/><N who="3" m="11273" /><G35/><T20/><D135/><U64/><E64/><N who="3" m="24682" /><G97/><T84/><D81/><U36/><E36/><V54/><F25/><W14/><G14/><T27/><D13/><U130/><E130/><V17/><F10/><W6/><G6/><T18/><D18/><U40/><E117/><V122/><REACH who="2" step="1"/><F55/><REACH who="2" ten="37,190,370,393" step="2"/><W106/><AGARI ba="1,1" hai="61,67,68,106,107" m="24682,11273,51819" machi="106" ten="40,5200,0" yaku="20,1,52,2" doraHai="100" who="3" fromWho="3" sc="37,-14,190,-14,370,-27,393,65" />
</Scene>
<Scene>
<INIT seed="3,0,0,2,5,21" ten="23,176,343,458" oya="3" hai0="135,4,1,46,89,58,81,106,11,128,124,117,97" hai1="74,85,87,90,133,119,16,10,35,54,127,0,77" hai2="17,101,20,48,120,88,118,44,67,132,112,29,116" hai3="23,45,47,100,42,70,68,109,57,12,2,25,56"/><W55/><G2/><T83/><D117/><U123/><E119/><V115/><F120/><W32/><G32/><T114/><D114/><U41/><E123/><V28/><F118/><W49/><G109/><T95/><D128/><U79/><E74/><V129/><F116/><W24/><G100/><T60/><D135/><U7/><E127/><V86/><F129/><W31/><G70/><T38/><D124/><U73/><E73/><V37/><F132/><W69/><G69/><T51/><D38/><U39/><E35/><V78/><F37/><W122/><G68/><T103/><D106/><U53/><E41/><V6/><F67/><W121/><G121/><T14/><D1/><U64/><E64/><V98/><F6/><W108/><G108/><T43/><REACH who="0" step="1"/><D103/><REACH who="0" ten="13,176,343,458" step="2"/><U13/><E39/><V19/><F112/><W111/><G122/><T15/><D15/><U96/><E133/><V131/><F115/><W82/><G12/><T71/><D71/><U91/><E0/><V63/><F131/><W9/><G111/><T110/><D110/><U8/><E7/><V134/><F134/><W50/><G9/><T107/><D107/><U66/><E10/><V26/><F101/><W52/><G42/><T59/><D59/><U3/><E3/><V27/><F44/><W92/><G45/><T126/><D126/><U30/><E13/><V125/><F125/><W113/><G47/><T104/><D104/><U84/><E8/><V94/><F20/><W76/><G113/><T40/><D40/><U105/><E105/><V22/><F22/><W93/><G24/><T99/><D99/><RYUUKYOKU ba="0,1" sc="13,15,176,-15,343,-15,458,15" hai0="4,11,14,43,46,51,58,60,81,83,89,95,97" hai3="23,25,31,49,50,52,55,56,57,76,82,92,93" />
</Scene>
<Scene>
<INIT seed="3,1,1,3,4,98" ten="28,161,328,473" oya="3" hai0="91,30,121,20,10,79,44,72,128,31,0,93,107" hai1="127,131,89,134,133,42,28,84,105,117,13,12,3" hai2="11,25,4,78,70,47,2,52,113,49,65,82,73" hai3="126,24,111,21,132,112,41,15,63,76,51,34,18"/><W1/><G112/><T88/><D121/><U5/><E117/><V123/><F123/><W45/><G1/><T53/><D107/><U129/><E42/><V110/><F110/><W36/><G111/><T124/><D124/><U38/><E38/><V104/><F113/><W54/><G126/><T108/><D108/><U57/><E28/><V29/><F104/><W16/><G132/><N who="1" m="50794" /><E57/><V35/><F65/><W33/><G76/><T116/><D116/><U40/><E40/><V27/><F27/><W118/><G63/><T66/><D66/><U106/><E3/><V114/><F114/><W17/><G118/><T77/><D128/><N who="1" m="49227" /><E12/><V67/><F67/><W14/><G14/><T74/><D0/><U48/><E48/><V122/><F122/><W94/><G94/><T9/><D93/><N who="1" m="54439" /><E13/><V135/><F135/><W8/><G18/><T60/><D20/><U86/><E5/><V80/><F70/><W50/><G36/><T43/><D43/><U103/><E127/><V120/><F120/><W56/><AGARI ba="1,1" hai="8,15,16,17,21,24,33,34,41,45,50,51,54,56" machi="56" ten="20,3900,0" yaku="0,1,7,1,54,1" doraHai="98" who="3" fromWho="3" sc="28,-14,161,-14,328,-14,473,52" />
</Scene>
<Scene>
<INIT seed="3,2,0,2,1,124" ten="14,147,314,525" oya="3" hai0="70,127,44,42,49,33,76,129,115,1,53,91,99" hai1="102,116,6,58,80,57,17,48,130,103,74,39,29" hai2="21,105,134,51,122,20,47,45,135,4,62,100,16" hai3="77,92,55,121,35,125,54,118,114,7,82,112,2"/><W97/><G118/><T94/><D1/><U101/><E39/><V84/><F4/><W72/><G121/><T71/><D127/><U60/><E116/><V61/><F122/><W31/><G125/><T28/><D76/><U113/><E113/><V75/><F84/><W22/><G35/><T93/><D115/><U69/><E69/><V106/><F100/><W87/><G72/><T68/><D33/><U24/><E6/><V5/><F5/><W81/><G81/><T132/><D132/><U89/><E17/><V123/><F123/><W117/><G117/><T27/><D27/><U120/><E120/><V36/><F75/><W111/><G111/><T85/><D28/><U108/><E108/><V19/><REACH who="2" step="1"/><F51/><REACH who="2" ten="14,147,304,525" step="2"/><W133/><G7/><T14/><D85/><U40/><E48/><V119/><F119/><W52/><G112/><T59/><D49/><U66/><E102/><V96/><F96/><W50/><G50/><T38/><D99/><U98/><E101/><V90/><F90/><N who="3" m="55447" /><G114/><T63/><D91/><U67/><E89/><V41/><F41/><W86/><G86/><T8/><D42/><U83/><E40/><V37/><AGARI ba="2,1" hai="16,19,20,21,36,37,45,47,61,62,105,106,134,135" machi="37" ten="25,8000,1" yaku="1,1,0,1,22,2,54,1,53,0" doraHai="124" doraHaiUra="104" who="2" fromWho="2" sc="14,-22,147,-22,304,96,525,-42" owari="-8,-51.0,125,-27.0,400,20.0,483,58.0" />
</Scene>
</mjloggm>