<mjloggm ver="2.3"><GO type="169" lobby="0"/><UN n0="%7A%6B%75%72%74" n1="%41%53%41%50%49%4E" n2="%E5%8F%8D%E9%99%BD%E5%AD%90%E3%81%95%E3%82%93" n3="%E3%81%84%E3%81%97%E3%81%97%E3%82%93%49%44%E7%B4%9B%E5%A4%B1" dan="17,19,18,16" rate="2169.37,2300.12,2177.87,2126.29" sx="M,M,F,M"/><TAIKYOKU oya="0"/>

<Scene>
<INIT seed="0,0,0,1,4,66" ten="250,250,250,250" oya="0" hai0="63,33,17,61,28,105,72,82,131,2,135,29,35" hai1="4,119,59,117,43,130,79,99,80,128,76,68,9" hai2="78,19,87,52,41,67,112,103,89,49,55,10,124" hai3="15,46,51,73,45,127,48,108,31,56,102,123,44"/><T57/><D105/><U20/><E43/><V60/><F112/><W12/><G73/><T6/><D131/><N who="1" m="50219" /><E99/><V110/><F110/><W125/><G108/><T74/><D135/><U88/><E20/><V34/><F34/><W75/><G75/><T97/><D97/><U106/><E106/><V62/><F124/><N who="3" m="47691" /><G123/><T5/><D57/><U129/><E129/><V37/><F37/><W47/><G102/><T100/><D82/><U96/><E59/><N who="2" m="37343" /><F103/><W30/><G56/><T22/><D100/><U7/><E68/><V27/><F78/><N who="1" m="29737" /><E7/><V50/><F41/><N who="3" m="24591" /><G51/><N who="2" m="19465" /><F60/><W71/><G71/><T32/><D32/><U0/><E80/><N who="2" m="49383" /><F10/><W69/><G69/><T86/><D22/><AGARI ba="0,0" hai="19,22,27,52,55" m="49383,19465,37343" machi="22" ten="30,2000,0" yaku="8,1,54,1" doraHai="66" who="2" fromWho="0" sc="250,-20,250,0,250,20,250,0" />
</Scene>
<Scene>
<INIT seed="1,0,0,4,2,8" ten="230,250,270,250" oya="1" hai0="67,97,71,53,49,47,116,122,12,28,13,35,88" hai1="59,102,72,75,98,81,83,10,93,128,36,37,29" hai2="108,7,40,129,77,69,42,18,135,2,41,21,25" hai3="125,78,51,70,30,26,112,63,123,126,109,106,117"/><U50/><E128/><V127/><F69/><W3/><G123/><T110/><D116/><U46/><E29/><V96/><F129/><W103/><G112/><T113/><D113/><U57/><E57/><V54/><F108/><W121/><G121/><T68/><D122/><U119/><E119/><V20/><F135/><W11/><G117/><T15/><D110/><U131/><E131/><V73/><F127/><W4/><G51/><T133/><D133/><U23/><E23/><V111/><F111/><W32/><G78/><T118/><D118/><U6/><E59/><V0/><F7/><W87/><G87/><T101/><D67/><U66/><E66/><V94/><F54/><W120/><G120/><T89/><D28/><U86/><E75/><V1/><F21/><W16/><G109/><T19/><D35/><U134/><E72/><V61/><F61/><W124/><G16/><T60/><D19/><U55/><E134/><V56/><F56/><W90/><G90/><T132/><D132/><U14/><REACH who="1" step="1"/><E81/><REACH who="1" ten="230,240,270,250" step="2"/><V24/><F24/><W85/><G126/><T44/><D44/><U130/><E130/><V22/><F20/><W52/><G125/><T114/><D114/><U84/><E84/><V65/><F65/><N who="3" m="41279" /><G85/><T43/><D71/><U92/><E92/><V100/><F73/><W27/><G124/><T45/><D68/><U5/><E5/><V107/><F94/><W99/><G27/><T82/><D82/><U74/><E74/><V31/><F31/><W38/><G30/><T76/><D47/><U17/><E17/><V80/><F80/><W105/><G26/><RYUUKYOKU ba="0,1" sc="230,-15,240,15,270,15,250,-15" hai1="6,10,14,36,37,46,50,55,83,86,93,98,102" hai2="0,1,2,18,22,25,40,41,42,77,96,100,107" />
</Scene>
<Scene>
<INIT seed="1,1,1,5,1,46" ten="215,255,285,235" oya="1" hai0="63,0,51,117,132,26,115,72,57,102,15,32,24" hai1="127,123,111,53,61,98,133,28,33,19,128,58,74" hai2="101,106,27,112,35,59,5,3,12,37,81,44,135" hai3="80,16,56,83,62,89,99,85,107,6,38,87,125"/><U113/><E113/><V42/><F112/><W9/><G38/><T121/><D0/><U48/><E123/><V105/><F135/><W54/><G125/><T116/><D72/><U45/><E74/><V68/><F101/><W55/><G107/><T4/><D115/><U77/><E77/><V103/><F103/><W84/><G99/><T79/><D79/><U14/><E133/><V8/><F59/><W60/><G6/><T100/><D132/><U92/><E127/><V126/><F126/><W70/><G70/><T110/><D121/><U40/><E128/><V13/><F13/><N who="3" m="7215" /><G89/><T30/><D26/><U67/><E111/><V65/><F12/><W10/><G10/><T122/><D122/><U75/><E75/><V114/><F114/><W31/><G31/><T76/><D76/><U47/><E47/><V129/><F129/><W34/><G34/><T131/><D131/><U95/><E28/><N who="2" m="19871" /><F81/><N who="3" m="31307" /><G62/><AGARI ba="1,1" hai="3,5,8,37,42,44,62,65,68,105,106" m="19871" machi="62" ten="30,2000,0" yaku="33,2" doraHai="46" who="2" fromWho="3" sc="215,0,255,0,285,33,235,-23" />
</Scene>
<Scene>
<INIT seed="2,0,0,0,4,112" ten="215,255,318,212" oya="2" hai0="40,110,38,87,8,27,26,130,75,125,52,132,85" hai1="70,10,120,49,79,1,101,96,108,12,127,17,83" hai2="131,5,135,65,118,68,111,19,42,15,122,67,71" hai3="69,3,77,104,51,41,54,115,43,48,97,76,102"/><V64/><F122/><W78/><G115/><T29/><D75/><U93/><E108/><V2/><F111/><W61/><G3/><T114/><D114/><U58/><E127/><V98/><F135/><W36/><G36/><T60/><D110/><U33/><E120/><V63/><F131/><W22/><G22/><T105/><D105/><U39/><E39/><V80/><F42/><W50/><REACH who="3" step="1"/><G54/><REACH who="3" ten="215,255,318,202" step="2"/><T133/><D52/><U13/><E1/><V45/><F2/><W73/><G73/><T81/><D38/><U88/><E10/><V95/><F71/><W6/><G6/><T32/><D8/><U100/><E70/><V128/><F5/><W16/><G16/><T7/><D7/><U86/><E17/><V82/><F128/><W53/><G53/><T123/><D130/><U107/><E33/><V84/><F67/><AGARI ba="0,1" hai="41,43,48,50,51,61,67,69,76,77,78,97,102,104" machi="67" ten="40,1300,0" yaku="1,1,53,0" doraHai="112" doraHaiUra="20" who="3" fromWho="2" sc="215,0,255,0,318,-13,202,23" />
</Scene>
<Scene>
<INIT seed="3,0,0,5,0,119" ten="215,255,305,225" oya="3" hai0="20,9,53,103,52,35,99,62,125,47,132,120,128" hai1="12,33,50,32,73,111,71,51,118,131,30,25,123" hai2="91,109,2,126,22,78,114,58,21,70,49,97,106" hai3="69,67,90,66,81,87,42,89,16,94,5,24,43"/><W88/><G5/><T75/><D35/><U48/><E73/><V11/><F114/><W113/><G113/><T44/><D75/><U130/><E118/><V96/><F70/><W1/><G1/><T115/><D128/><N who="1" m="49195" /><E71/><V101/><F78/><W13/><G24/><T4/><D115/><U61/><E61/><V10/><F109/><W65/><G69/><T122/><D125/><U100/><E111/><V41/><F126/><W68/><G68/><T102/><D132/><U127/><E127/><V116/><F116/><W55/><G55/><T39/><D20/><N who="1" m="15655" /><E123/><V56/><F2/><W37/><G37/><T6/><D99/><U121/><E121/><V63/><F22/><N who="3" m="11535" /><G94/><T95/><D95/><U0/><E0/><V80/><F21/><W14/><G14/><T8/><D62/><U76/><E12/><V15/><F11/><W64/><N who="3" m="16896" /><DORA hai="3" /><W23/><G23/><T17/><D17/><U77/><E33/><V107/><F15/><W133/><G133/><T117/><D117/><U54/><E54/><V28/><F10/><W59/><G59/><T29/><D29/><U85/><E32/><V45/><F28/><W19/><G19/><T110/><D110/><U18/><E18/><V82/><F58/><W60/><G60/><T31/><D31/><U79/><E100/><N who="2" m="62727" /><F56/><W36/><G36/><AGARI ba="0,0" hai="4,6,8,9,36,39,44,47,52,53,102,103,120,122" machi="36" ten="25,12000,2" yaku="22,2,52,4,54,1" doraHai="119,3" who="0" fromWho="3" sc="215,120,255,0,305,0,225,-120" />
</Scene>
<Scene>
<INIT seed="4,0,0,1,5,9" ten="335,255,305,105" oya="0" hai0="122,65,112,113,125,27,120,97,132,133,6,124,19" hai1="118,77,34,135,83,22,31,73,26,40,98,128,74" hai2="70,134,114,79,58,108,76,15,57,63,33,53,43" hai3="52,111,5,110,42,115,25,14,46,88,62,103,85"/><T104/><D65/><U72/><E118/><V10/><F33/><W13/><G103/><N who="0" m="62575" /><D6/><U56/><E128/><V30/><F108/><W20/><G115/><N who="0" m="44107" /><D19/><U105/><E135/><N who="0" m="51785" /><D27/><U48/><E34/><V109/><F109/><W54/><G111/><T68/><D68/><U47/><E56/><V90/><F114/><W129/><G129/><T121/><AGARI ba="0,0" hai="120,121,122,124,125" m="51785,44107,62575" machi="121" ten="40,12000,1" yaku="15,1,20,1,23,1,34,2" doraHai="9" who="0" fromWho="0" sc="335,120,255,-40,305,-40,105,-40" />
</Scene>
<Scene>
<INIT seed="4,1,0,4,2,128" ten="455,215,265,65" oya="0" hai0="8,13,64,129,113,18,16,79,103,31,126,111,47" hai1="36,99,61,115,74,108,102,120,28,118,78,121,54" hai2="81,55,4,45,7,5,67,32,132,15,23,62,71" hai3="131,130,88,91,43,70,26,135,30,35,6,69,116"/><T50/><D111/><U22/><E108/><V17/><F32/><W68/><G116/><T97/><D129/><N who="3" m="49161" /><G43/><T95/><D126/><U87/><E118/><V33/><F33/><W44/><G44/><T89/><D113/><U12/><E36/><V39/><F81/><W24/><G24/><T46/><D31/><U53/><E74/><V106/><F106/><W110/><G110/><T38/><D79/><U77/><E115/><V82/><F82/><W105/><G105/><T114/><D64/><U63/><E87/><V85/><F85/><W3/><G135/><T72/><D72/><U93/><E78/><V0/><F132/><W112/><G112/><T42/><D114/><U117/><E77/><V27/><F0/><W66/><G66/><T83/><D83/><U101/><E117/><V127/><F127/><W48/><G48/><T98/><D18/><U58/><E102/><V125/><F125/><W96/><G96/><T56/><D56/><U19/><E28/><V122/><F122/><W59/><G59/><AGARI ba="1,0" hai="12,19,22,53,54,58,59,61,63,93,99,101,120,121" machi="59" ten="40,1300,0" yaku="9,1" doraHai="128" who="1" fromWho="3" sc="455,0,215,16,265,0,65,-16" />
</Scene>
<Scene>
<INIT seed="5,0,0,1,4,92" ten="455,231,265,49" oya="1" hai0="72,46,56,71,40,114,112,115,64,79,85,84,121" hai1="9,39,132,87,6,43,42,83,75,1,38,30,104" hai2="18,122,10,52,111,103,135,117,102,13,109,32,90" hai3="21,68,129,44,67,77,120,53,28,88,8,82,7"/><U73/><E132/><V41/><F122/><W16/><G120/><T78/><D71/><U58/><E104/><V33/><F117/><W37/><G28/><T127/><D121/><U110/><E110/><V26/><F135/><W89/><G129/><T105/><D105/><U47/><E58/><V108/><F41/><W34/><G34/><T51/><D127/><U131/><E131/><V20/><F90/><W4/><G4/><T116/><D116/><U81/><E30/><V15/><F52/><W22/><G22/><T99/><D99/><U86/><E86/><N who="0" m="33385" /><D72/><U61/><E61/><AGARI ba="0,0" hai="40,46,51,56,61,64,78,79,112,114,115" m="33385" machi="61" ten="40,1300,0" yaku="15,1" doraHai="92" who="0" fromWho="1" sc="455,13,231,-13,265,0,49,0" />
</Scene>
<Scene>
<INIT seed="6,0,0,4,3,126" ten="468,218,265,49" oya="2" hai0="27,19,18,132,30,64,52,115,59,108,25,104,123" hai1="36,42,40,120,87,111,96,72,85,107,44,16,62" hai2="131,114,122,3,17,12,86,45,38,56,4,50,98" hai3="125,74,65,2,34,92,37,11,81,51,110,5,69"/><V127/><F122/><W133/><G110/><T97/><D108/><U58/><E111/><V118/><F118/><W128/><G125/><T14/><D64/><U67/><E120/><V39/><F127/><W31/><G51/><T21/><D115/><U24/><E72/><V119/><F119/><W9/><G92/><T43/><D43/><U71/><E42/><V83/><F114/><W102/><G133/><T60/><D132/><U90/><E71/><V47/><F98/><W129/><G37/><T80/><D80/><U68/><E68/><V23/><F56/><W35/><G102/><T109/><D109/><U113/><E113/><V1/><F47/><W28/><G11/><T94/><D104/><U135/><E135/><V101/><F101/><W103/><G103/><T79/><D79/><U22/><REACH who="1" step="1"/><E107/><REACH who="1" ten="468,208,265,49" step="2"/><V63/><F39/><W117/><G117/><T15/><D123/><U6/><E6/><V134/><F38/><W75/><G75/><T10/><D30/><N who="3" m="11305" /><G69/><T48/><D60/><U82/><E82/><V78/><F63/><W93/><G93/><AGARI ba="0,1" hai="16,22,24,36,40,44,58,62,67,85,87,90,93,96" machi="93" ten="40,2600,0" yaku="1,1,54,1,53,0" doraHai="126" doraHaiUra="106" who="1" fromWho="3" sc="468,0,208,36,265,0,49,-26" />
</Scene>
<Scene>
<INIT seed="7,0,0,3,0,28" ten="468,244,265,23" oya="3" hai0="73,58,81,56,134,47,104,88,85,4,121,26,10" hai1="75,65,7,13,87,39,96,83,101,30,38,8,97" hai2="76,110,1,15,34,70,66,40,36,80,130,60,127" hai3="35,94,95,90,52,62,29,129,33,109,22,93,46"/><W14/><G129/><T111/><D104/><U112/><E75/><N who="2" m="43039" /><F15/><W19/><G109/><T9/><D73/><U120/><E120/><V117/><F110/><W27/><G46/><T131/><D134/><U128/><E128/><V106/><F130/><W50/><G62/><T54/><D111/><U84/><E112/><V53/><F53/><W108/><G108/><T114/><D114/><U105/><E84/><V42/><F42/><W18/><G18/><T113/><D113/><U103/><E65/><V31/><F117/><W63/><G63/><T55/><D47/><U43/><E30/><V41/><F41/><W49/><G49/><N who="0" m="30799" /><D131/><U82/><E43/><V20/><F20/><W78/><G78/><T72/><D72/><U89/><REACH who="1" step="1"/><E82/><REACH who="1" ten="468,234,265,23" step="2"/><V116/><F116/><W24/><G24/><T100/><D26/><U59/><E59/><V21/><F40/><W122/><G122/><T86/><D86/><U67/><E67/><V3/><F36/><W12/><G12/><T57/><D57/><U48/><E48/><V37/><F37/><W115/><G115/><T0/><D85/><U74/><E74/><V125/><F3/><W71/><G71/><T25/><D81/><U11/><E11/><V6/><F1/><W61/><G61/><T98/><D10/><U123/><E123/><V68/><F70/><W124/><G124/><T5/><D9/><U133/><E133/><V51/><F51/><W2/><G2/><T99/><D0/><U126/><E126/><V92/><F127/><W23/><G90/><T102/><D88/><U69/><E69/><N who="2" m="42183" /><F125/><W64/><G64/><RYUUKYOKU ba="0,1" sc="468,-15,234,15,265,-15,23,15" hai1="7,8,13,38,39,83,87,89,96,97,101,103,105" hai3="14,19,22,23,27,29,33,35,50,52,93,94,95" />
</Scene>
<Scene>
<INIT seed="7,1,1,3,5,27" ten="453,249,250,38" oya="3" hai0="23,112,37,133,9,105,8,6,32,115,19,68,42" hai1="66,25,38,18,124,69,16,91,97,113,126,17,102" hai2="20,31,10,13,94,121,85,103,127,14,15,61,109" hai3="87,131,77,122,22,45,79,57,101,43,3,80,65"/><W92/><G122/><T110/><D68/><U64/><E38/><V100/><F109/><W46/><G3/><T41/><D105/><U47/><E113/><V48/><F121/><W74/><G131/><T5/><D32/><U55/><E91/><N who="2" m="53615" /><F127/><N who="1" m="48681" /><E69/><V134/><F134/><W2/><G2/><T90/><D90/><U33/><E47/><V0/><F0/><W71/><G71/><T107/><D107/><N who="1" m="63951" /><E55/><V111/><F111/><W108/><G108/><T75/><D75/><U117/><E117/><V99/><F99/><N who="3" m="59623" /><G74/><T36/><D19/><U26/><E33/><V59/><F48/><N who="3" m="26687" /><G46/><T11/><D110/><U114/><E114/><V73/><F73/><W83/><G22/><T28/><D23/><U89/><E89/><V98/><F10/><W34/><G34/><T129/><D11/><U51/><E51/><V116/><F116/><W54/><G65/><AGARI ba="1,1" hai="16,17,18,25,26,64,65,66" m="63951,48681" machi="65" ten="30,2000,0" yaku="18,1,54,1" doraHai="27" who="1" fromWho="3" sc="453,0,249,33,250,0,38,-23" owari="453,55.0,282,8.0,250,-15.0,15,-48.0" />
</Scene>
</mjloggm>