<mjloggm ver="2.3"><GO type="169" lobby="0"/><UN n0="%E3%82%B3%E3%83%8F%E3%83%AB%E3%82%B9%E3%82%BF%E3%83%BC" n1="%E3%83%8B%E3%82%B3%E3%82%BF%E3%83%9E" n2="%E3%82%A2%E3%83%8B%E3%82%AA%E3%83%B3" n3="%41%53%41%50%49%4E" dan="16,16,17,18" rate="2088.77,2162.98,2131.21,2238.54" sx="F,M,F,M"/><TAIKYOKU oya="0"/>

<Scene>
<INIT seed="0,0,0,5,1,88" ten="250,250,250,250" oya="0" hai0="117,19,17,64,71,43,108,109,114,12,73,40,47" hai1="11,98,38,8,132,27,128,120,13,97,94,55,42" hai2="0,20,135,9,112,5,101,103,21,105,129,52,48" hai3="58,60,96,107,134,53,66,119,121,44,92,16,70"/><T36/><D73/><U7/><E120/><V33/><F112/><W76/><G119/><T18/><D117/><U30/><E132/><V79/><F135/><W99/><G134/><T67/><D114/><U90/><E128/><V84/><F129/><W113/><G113/><T89/><D71/><U83/><E83/><V1/><F1/><W126/><G121/><T25/><D25/><U41/><E38/><V54/><F33/><W59/><G126/><T15/><D43/><U122/><E122/><V77/><F54/><W49/><G76/><T68/><D68/><U45/><E11/><V57/><F79/><W130/><G130/><T46/><D46/><U63/><E98/><V95/><F105/><W82/><G82/><T124/><D124/><U6/><E7/><V110/><F110/><N who="0" m="42602" /><D89/><U106/><E106/><V127/><F127/><W115/><G115/><T72/><D72/><U100/><E100/><V31/><F103/><W28/><G28/><T3/><D3/><U29/><E29/><V22/><F31/><W26/><G107/><T32/><D32/><U133/><E133/><V2/><F2/><W74/><G74/><T23/><D19/><U62/><E42/><V86/><REACH who="2" step="1"/><F77/><REACH who="2" ten="250,250,240,250" step="2"/><W80/><G53/><T4/><D4/><U75/><E55/><V93/><F93/><W78/><G92/><T118/><D118/><U111/><E111/><V14/><F14/><W37/><G78/><T10/><AGARI ba="0,1" hai="10,12,15,17,18,23,36,40,47,64,67" m="42602" machi="10" ten="30,3000,0" yaku="14,1,10,1" doraHai="88" who="0" fromWho="0" sc="250,40,250,-10,240,-10,250,-10" />
</Scene>
<Scene>
<INIT seed="0,1,0,4,0,63" ten="290,240,230,240" oya="0" hai0="82,5,47,54,9,77,50,8,40,23,80,57,97" hai1="42,43,74,34,92,1,67,73,112,100,84,72,41" hai2="75,21,6,48,3,37,110,62,66,99,20,29,98" hai3="16,69,32,127,85,114,106,51,19,129,103,24,25"/><T126/><D126/><U130/><E34/><V59/><F37/><W22/><G127/><T61/><D23/><U71/><E1/><V109/><F75/><W36/><G36/><T0/><D9/><U119/><E119/><V27/><F21/><W108/><G114/><T4/><D4/><U68/><E112/><V131/><F131/><W30/><G108/><N who="2" m="41577" /><F48/><W90/><G129/><T39/><D82/><U123/><E123/><V11/><AGARI ba="1,0" hai="3,6,11,20,27,29,59,62,66,98,99" m="41577" machi="11" ten="30,2000,0" yaku="14,1,52,1" doraHai="63" who="2" fromWho="2" sc="290,-11,240,-6,230,23,240,-6" />
</Scene>
<Scene>
<INIT seed="1,0,0,5,2,49" ten="279,234,253,234" oya="1" hai0="124,78,128,34,122,114,110,82,19,106,33,23,93" hai1="24,95,5,109,119,86,107,28,53,44,21,50,129" hai2="69,116,126,131,101,43,79,60,52,89,91,22,68" hai3="30,29,130,3,121,9,58,84,123,75,20,87,94"/><U55/><E107/><V120/><F116/><W35/><G35/><T99/><D106/><U74/><E74/><V46/><F79/><W71/><G71/><T100/><D114/><U31/><E119/><V8/><F120/><W85/><G75/><T132/><D122/><U25/><E129/><V62/><F131/><W54/><G130/><T48/><D128/><U2/><E2/><V39/><F126/><W112/><G112/><T133/><D124/><U59/><E5/><V102/><F8/><W1/><G123/><T113/><D113/><U56/><E109/><V38/><F22/><W92/><G121/><T10/><D10/><U16/><E25/><V83/><F83/><W6/><G1/><T135/><D48/><N who="1" m="30759" /><E44/><V73/><F73/><W117/><G117/><T115/><D110/><U108/><E108/><V61/><F46/><W32/><G20/><T66/><D66/><U51/><E51/><V98/><F62/><W105/><G105/><T11/><D11/><U17/><E31/><V42/><F98/><W104/><G104/><T4/><D4/><U111/><E111/><V97/><F97/><W12/><G3/><T41/><D41/><U14/><E14/><V81/><F81/><W7/><G7/><T76/><D115/><U57/><E57/><V64/><F64/><W63/><G32/><N who="0" m="12395" /><D82/><U67/><E67/><V72/><F72/><W88/><G92/><T80/><D80/><U118/><E118/><V125/><F125/><W77/><G77/><T27/><AGARI ba="0,0" hai="19,23,27,76,78,93,99,100,132,133,135" m="12395" machi="27" ten="40,1500,0" yaku="20,1" doraHai="49" who="0" fromWho="0" sc="279,15,234,-7,253,-4,234,-4" />
</Scene>
<Scene>
<INIT seed="2,0,0,3,2,131" ten="294,227,249,230" oya="2" hai0="112,92,84,28,77,124,20,39,94,128,88,65,87" hai1="15,126,46,3,10,57,123,41,100,44,121,63,4" hai2="14,113,59,21,95,102,101,81,66,40,0,38,105" hai3="116,27,16,9,25,7,72,19,132,26,29,47,67"/><V42/><F0/><W23/><G72/><T22/><D112/><U58/><E100/><V114/><F81/><W5/><G67/><T130/><D39/><U55/><E3/><V64/><F95/><W82/><G82/><T13/><D65/><U118/><E118/><V1/><F1/><W36/><G36/><T85/><D77/><U35/><E35/><V61/><F64/><W91/><G91/><T73/><D73/><U119/><E58/><V76/><F76/><W37/><G47/><T51/><D51/><U62/><E63/><V74/><F74/><W30/><G37/><T117/><D117/><U133/><E119/><V78/><F78/><W104/><G104/><T6/><D94/><U96/><E41/><V8/><F21/><N who="3" m="13503" /><G116/><T111/><D128/><U83/><E83/><V86/><F86/><W134/><G29/><T79/><D28/><U50/><E96/><V12/><F105/><W32/><G9/><T54/><D84/><U99/><E99/><V11/><F38/><W60/><G60/><T70/><D87/><U75/><E75/><V122/><F66/><W106/><G106/><T53/><D79/><U17/><E62/><V103/><F61/><W97/><G97/><T125/><D92/><U18/><E46/><V45/><F45/><W33/><G33/><T80/><D85/><U24/><E44/><V129/><F103/><W2/><G2/><T71/><D80/><U135/><E57/><V115/><F115/><W120/><G120/><T90/><D130/><U34/><E123/><V69/><F129/><W89/><G89/><T110/><D90/><RYUUKYOKU ba="0,0" sc="294,-10,227,-10,249,-10,230,30" hai3="5,7,16,23,26,27,30,32,132,134" />
</Scene>
<Scene>
<INIT seed="3,1,0,0,1,47" ten="284,217,239,260" oya="3" hai0="116,119,99,107,92,34,51,117,124,80,46,38,39" hai1="115,100,129,85,30,71,98,106,84,22,41,103,32" hai2="90,10,50,65,40,121,17,122,27,15,127,83,59" hai3="76,56,16,68,25,55,123,66,23,8,44,77,78"/><W53/><G123/><N who="2" m="47113" /><F127/><W75/><G75/><T26/><D107/><U131/><E71/><V1/><F1/><W87/><G68/><T94/><D124/><U29/><E32/><V134/><F134/><W69/><G69/><T52/><D80/><U7/><E7/><V135/><F135/><W11/><G66/><T86/><D86/><U133/><E133/><V79/><F90/><W35/><G35/><T125/><D94/><U33/><E33/><V63/><F27/><W4/><G4/><T49/><D125/><U110/><E103/><V2/><F2/><W96/><G96/><T60/><D60/><U9/><E9/><V48/><F40/><W126/><G126/><T58/><D26/><U21/><E41/><V113/><F113/><W74/><G74/><AGARI ba="1,0" hai="10,15,17,48,50,59,63,65,74,79,83" m="47113" machi="74" ten="30,3900,0" yaku="13,1,52,2" doraHai="47" who="2" fromWho="3" sc="284,0,217,0,239,42,260,-42" />
</Scene>
<Scene>
<INIT seed="4,0,0,1,1,76" ten="284,217,281,218" oya="0" hai0="48,91,3,26,67,13,71,113,82,117,122,39,33" hai1="107,86,36,10,85,120,74,99,8,0,95,114,29" hai2="5,110,72,60,100,111,75,28,116,132,2,94,106" hai3="125,44,40,104,92,70,4,53,77,9,97,63,101"/><T98/><D39/><U112/><E74/><V47/><F132/><W89/><G125/><T69/><D3/><U19/><E107/><V12/><F2/><W37/><G77/><T78/><D67/><U20/><E29/><V96/><F116/><W80/><G53/><T102/><D117/><U46/><E0/><V25/><F47/><W1/><G63/><T135/><D122/><U17/><E17/><V65/><F12/><W15/><G15/><T131/><D91/><U18/><E18/><V87/><F5/><W130/><G130/><T103/><D103/><U21/><E21/><V90/><F75/><W52/><G70/><T119/><D13/><N who="1" m="9327" /><E46/><V16/><F16/><W49/><G80/><T128/><D119/><U79/><E36/><V73/><F72/><W127/><G127/><T56/><D135/><U50/><E50/><V109/><F73/><W88/><REACH who="3" step="1"/><G104/><REACH who="3" ten="284,217,281,208" step="2"/><T38/><D71/><U14/><E14/><V64/><F60/><W115/><G115/><N who="1" m="44074" /><E79/><V105/><F105/><W6/><G6/><T118/><D69/><U81/><E81/><V124/><F124/><W57/><AGARI ba="0,1" hai="1,4,9,37,40,44,49,52,57,88,89,92,97,101" machi="57" ten="20,12000,2" yaku="1,1,0,1,7,1,54,2,53,1" doraHai="76" doraHaiUra="51" who="3" fromWho="3" sc="284,-60,217,-30,281,-30,208,130" />
</Scene>
<Scene>
<INIT seed="5,0,0,0,4,117" ten="224,187,251,338" oya="1" hai0="63,71,22,105,12,123,96,23,120,110,100,84,119" hai1="60,49,14,47,124,37,46,53,107,67,121,81,86" hai2="73,126,66,85,83,102,54,98,108,21,62,61,99" hai3="64,128,118,19,115,27,28,48,78,111,95,79,114"/><U113/><E107/><V41/><F41/><W20/><G118/><T131/><D119/><U11/><E121/><N who="0" m="46665" /><D110/><U32/><E32/><V52/><F73/><W44/><G111/><T130/><D84/><U16/><E113/><N who="3" m="43018" /><G128/><N who="0" m="49195" /><D12/><U91/><E124/><V15/><F62/><W88/><G64/><AGARI ba="0,0" hai="22,23,63,64,71,96,100,105" m="49195,46665" machi="64" ten="30,8000,1" yaku="13,1,19,1,52,3" doraHai="117" who="0" fromWho="3" sc="224,80,187,0,251,0,338,-80" />
</Scene>
<Scene>
<INIT seed="6,0,0,3,0,131" ten="304,187,251,258" oya="2" hai0="98,86,50,42,56,133,54,45,80,36,125,123,18" hai1="35,43,5,48,77,82,3,21,119,4,1,40,31" hai2="9,101,59,134,97,41,100,93,63,19,26,23,127" hai3="76,129,13,6,52,88,32,122,29,53,14,90,27"/><V109/><F134/><W79/><G122/><T0/><D123/><U113/><E119/><V33/><F127/><W8/><G129/><T87/><D125/><U69/><E69/><V10/><F33/><W115/><G115/><T128/><D128/><U11/><E35/><V107/><F109/><W117/><G117/><T130/><D133/><U91/><E91/><V85/><F41/><W74/><G74/><T24/><D0/><U39/><E113/><V99/><REACH who="2" step="1"/><F85/><REACH who="2" ten="304,187,241,258" step="2"/><W34/><G34/><T132/><D132/><U2/><E43/><V75/><F75/><W124/><G124/><T64/><D130/><U22/><E40/><V46/><F46/><W44/><G44/><T51/><D86/><U81/><E39/><V65/><AGARI ba="0,1" hai="9,10,19,23,26,59,63,65,93,97,99,100,101,107" machi="65" ten="20,3900,0" yaku="1,1,0,1,7,1,53,0" doraHai="131" doraHaiUra="72" who="2" fromWho="2" sc="304,-13,187,-13,241,49,258,-13" />
</Scene>
<Scene>
<INIT seed="6,1,0,4,1,33" ten="291,174,290,245" oya="2" hai0="108,47,59,36,57,13,60,106,102,19,56,100,7" hai1="87,69,12,50,4,10,79,14,63,88,20,118,37" hai2="126,92,29,0,107,17,94,67,44,43,72,129,131" hai3="122,11,3,23,113,49,30,114,58,82,26,42,120"/><V70/><F107/><W77/><G58/><T48/><D36/><U75/><E37/><V46/><F126/><W74/><G49/><T116/><D106/><U32/><E32/><V91/><F72/><W45/><G45/><T31/><D108/><U125/><E118/><V64/><F0/><W81/><G42/><N who="0" m="24695" /><D31/><U51/><E79/><V2/><F2/><W34/><G23/><N who="0" m="11759" /><D7/><U111/><E75/><V112/><F112/><N who="3" m="43115" /><G81/><T132/><D132/><U99/><E125/><V101/><F101/><N who="0" m="39018" /><D116/><U115/><E111/><V133/><F133/><W22/><G22/><T35/><D35/><U134/><E134/><V97/><F70/><W73/><G73/><T6/><D6/><AGARI ba="1,0" hai="3,6,11,26,30,34,74,77,82,120,122" m="43115" machi="6" ten="30,7700,0" yaku="15,1,11,1,23,1,52,1" doraHai="33" who="3" fromWho="0" sc="291,-80,174,0,290,0,245,80" />
</Scene>
<Scene>
<INIT seed="7,0,0,4,5,119" ten="211,174,290,325" oya="3" hai0="132,116,81,123,125,39,11,42,92,68,102,45,52" hai1="35,110,129,72,127,94,121,83,36,53,33,65,10" hai2="60,0,104,13,84,23,63,67,130,55,82,71,91" hai3="99,135,38,22,100,75,122,101,131,87,70,6,85"/><W120/><G38/><T90/><D116/><U21/><E36/><V9/><F130/><W4/><G70/><T61/><D132/><U50/><E110/><V59/><F104/><W3/><G22/><T24/><D125/><U8/><E127/><V41/><F41/><W86/><G3/><T95/><D123/><N who="3" m="47145" /><G75/><T28/><D11/><U64/><E129/><V20/><REACH who="2" step="1"/><F0/><REACH who="2" ten="211,174,280,325" step="2"/><W31/><G131/><T56/><D102/><N who="3" m="39529" /><G99/><T1/><D1/><U32/><E121/><V108/><F108/><W128/><G128/><T133/><D133/><U126/><E126/><V109/><F109/><W107/><G135/><T117/><D117/><U48/><E10/><V97/><F97/><W134/><G134/><T118/><D118/><U58/><E8/><V112/><F112/><W18/><G18/><AGARI ba="0,1" hai="9,13,18,20,23,55,59,60,63,67,71,82,84,91" machi="18" ten="30,2000,0" yaku="1,1,7,1,53,0" doraHai="119" doraHaiUra="69" who="2" fromWho="3" sc="211,0,174,0,280,30,325,-20" owari="211,-19.0,174,-33.0,310,41.0,305,11.0" />
</Scene>
</mjloggm>