<mjloggm ver="2.3"><GO type="169"/><UN n0="%E5%89%A3%E5%9F%8E" n1="%41%53%41%50%49%4E" n2="%E3%83%AA%E3%83%84%E3%83%9F%E3%82%B5%E3%83%B3" n3="%31%E6%9C%88%31%31%E6%97%A5" dan="16,18,18,17" rate="2041,2200,2161,2152" sx="M,M,M,M"/><TAIKYOKU oya="0"/>

<Scene>
<INIT seed="0,0,0,5,4,35" ten="250,250,250,250" oya="0" hai0="79,93,33,82,69,116,68,77,1,55,43,13,20" hai1="87,2,56,0,11,61,40,96,15,88,102,22,72" hai2="91,67,6,135,47,105,58,109,4,49,100,45,38" hai3="12,80,92,114,70,103,130,86,101,46,65,90,84"/><T99/><D33/><U26/><E72/><V14/><F105/><W134/><G70/><T63/><D43/><U133/><E133/><V16/><F100/><W32/><G32/><T104/><D104/><U53/><E40/><V36/><F135/><W120/><G134/><T111/><D116/><U18/><E96/><V42/><F109/><W75/><G65/><T126/><D126/><U121/><E102/><V50/><F67/><W30/><G30/><T48/><D111/><U112/><E121/><V37/><F58/><W74/><G12/><T106/><D1/><U76/><E76/><V71/><F71/><W122/><G46/><T119/><D79/><U131/><E131/><V124/><F124/><W57/><G57/><T115/><D106/><U95/><REACH who="1" step="1"/><E112/><REACH who="1" ten="250,240,250,250" step="2"/><V25/><F91/><N who="3" m="51591" /><G114/><T89/><D115/><U7/><AGARI ba="0,1" hai="0,2,7,11,15,18,22,26,53,56,61,87,88,95" machi="7" ten="20,12000,2" yaku="1,1,0,1,7,1,52,2,54,1,53,1" doraHai="35" doraHaiUra="51" who="1" fromWho="1" sc="250,-60,240,130,250,-30,250,-30" />
</Scene>
<Scene>
<INIT seed="1,0,0,1,5,23" ten="190,370,220,220" oya="1" hai0="105,75,122,35,124,67,134,102,6,103,48,88,127" hai1="62,41,92,99,38,30,33,111,129,15,86,32,128" hai2="57,49,77,7,133,113,52,5,69,112,47,126,20" hai3="117,28,71,116,130,66,81,31,26,97,61,73,42"/><U100/><E111/><V2/><F69/><W101/><G130/><N who="1" m="50282" /><E30/><V65/><F133/><W24/><G42/><T107/><D35/><U94/><E15/><V84/><F126/><N who="0" m="48170" /><D6/><U108/><E108/><V106/><F106/><N who="0" m="40458" /><D48/><U80/><E92/><V55/><F65/><W40/><G40/><T44/><D67/><U115/><E115/><V46/><F2/><W12/><G12/><T104/><D44/><N who="1" m="23607" /><E62/><V8/><F113/><W19/><G19/><T54/><D104/><U123/><E123/><V4/><F112/><W1/><G1/><T59/><D122/><U11/><E11/><V45/><F8/><W109/><G109/><T18/><D18/><U82/><E82/><V135/><F135/><W79/><G101/><T96/><D134/><U17/><E17/><V95/><F20/><W51/><G97/><T120/><D120/><U27/><E27/><N who="3" m="10282" /><G51/><T70/><D103/><U21/><E21/><V60/><F7/><W121/><G121/><T74/><D102/><U29/><E29/><V0/><F0/><W25/><G25/><T78/><D96/><U13/><E13/><V76/><F5/><W37/><G37/><T34/><D34/><U87/><E87/><V91/><F4/><W83/><G83/><T64/><D75/><U10/><E10/><V14/><F14/><W110/><G110/><T50/><D74/><U9/><E9/><V39/><F39/><W131/><G131/><T125/><D125/><U118/><E118/><AGARI ba="0,0" hai="28,31,61,66,71,73,79,81,116,117,118" m="10282" machi="118" ten="30,7700,0" yaku="12,1,52,3" doraHai="23" who="3" fromWho="1" sc="190,0,370,-77,220,0,220,77" />
</Scene>
<Scene>
<INIT seed="2,0,0,5,1,8" ten="190,293,220,297" oya="2" hai0="109,132,119,97,34,126,19,98,11,42,116,59,120" hai1="103,69,70,104,38,117,66,74,135,22,101,107,49" hai2="102,92,128,54,52,3,129,68,46,53,100,76,31" hai3="1,51,50,63,64,79,84,83,27,44,82,95,121"/><V18/><F68/><W93/><G1/><T16/><D42/><U123/><E117/><N who="0" m="45129" /><D59/><U2/><E38/><V48/><F3/><W87/><G121/><T111/><D120/><U45/><E74/><V41/><F31/><W13/><G27/><T43/><D43/><U65/><E123/><V108/><F76/><W62/><G13/><N who="0" m="7231" /><D34/><U35/><E35/><V130/><F108/><N who="0" m="41546" /><D132/><U99/><E135/><V91/><REACH who="2" step="1"/><F18/><REACH who="2" ten="190,293,210,297" step="2"/><W24/><G79/><T39/><D126/><U58/><E70/><V21/><F21/><W90/><G64/><T17/><D39/><U30/><E22/><V114/><F114/><W6/><G6/><T56/><D56/><U105/><E69/><V26/><F26/><W32/><G24/><T28/><D28/><U55/><E30/><V80/><F80/><W133/><G32/><T77/><D77/><U9/><E66/><V125/><F125/><W75/><G133/><T96/><AGARI ba="0,1" hai="17,19,96,97,98" m="41546,7231,45129" machi="96" ten="40,8000,1" yaku="12,1,14,1,52,1,54,1" doraHai="8" who="0" fromWho="0" sc="190,90,293,-20,210,-40,297,-20" />
</Scene>
<Scene>
<INIT seed="3,0,0,1,3,37" ten="280,273,170,277" oya="3" hai0="120,69,76,75,10,94,101,19,72,89,124,91,50" hai1="14,46,131,85,2,39,119,51,86,100,68,116,41" hai2="64,33,60,105,27,18,129,29,125,113,102,111,42" hai3="12,31,81,52,77,122,9,118,135,88,11,36,71"/><W117/><G122/><T110/><D69/><U17/><E68/><V0/><F113/><W47/><G71/><T20/><D120/><U74/><E74/><V103/><F125/><W26/><G9/><T8/><D124/><U96/><E2/><V22/><F129/><W133/><G117/><N who="1" m="45130" /><E39/><V79/><F79/><W134/><G118/><T3/><D3/><U127/><E131/><V62/><F111/><W73/><G88/><T59/><D75/><U54/><E54/><V121/><F121/><W130/><G130/><T7/><D72/><U32/><E32/><V95/><F105/><W28/><G26/><T83/><D76/><U13/><E13/><V15/><F62/><W126/><G126/><T16/><D7/><U56/><E56/><V97/><F0/><W70/><G70/><T35/><D35/><U114/><E114/><V38/><F60/><W108/><G108/><T6/><D6/><U21/><E127/><V49/><F38/><W65/><G65/><T87/><D110/><U93/><AGARI ba="0,0" hai="14,17,21,41,46,51,85,86,93,96,100" m="45130" machi="93" ten="30,2000,0" yaku="12,1,52,1" doraHai="37" who="1" fromWho="1" sc="280,-5,273,20,170,-5,277,-10" />
</Scene>
<Scene>
<INIT seed="4,0,0,1,2,27" ten="275,293,165,267" oya="0" hai0="73,53,91,72,97,70,45,48,54,30,32,89,101" hai1="102,5,51,46,105,21,2,8,80,34,19,82,38" hai2="52,57,135,84,106,62,29,24,123,67,94,125,69" hai3="9,66,68,99,55,107,47,12,0,35,15,14,20"/><T134/><D70/><U16/><E38/><V17/><F106/><W79/><G79/><T10/><D134/><U127/><E34/><V6/><F135/><W112/><G55/><T36/><D36/><U44/><E127/><V56/><F123/><W88/><G47/><T132/><D132/><U22/><E44/><V77/><F125/><W110/><G110/><T100/><D10/><U83/><E102/><V64/><F6/><W43/><G43/><T42/><D32/><U71/><E105/><V117/><F117/><W60/><G20/><T95/><D45/><U118/><E71/><V11/><F69/><W7/><G112/><T111/><D95/><U121/><E121/><V18/><F11/><W49/><G49/><T109/><D97/><U1/><E1/><V92/><F92/><W59/><G59/><T115/><D48/><U40/><E118/><V124/><F64/><W33/><REACH who="3" step="1"/><G88/><REACH who="3" ten="275,293,165,257" step="2"/><T103/><D100/><AGARI ba="0,1" hai="0,7,9,12,14,15,33,35,60,66,68,99,100,107" machi="100" ten="40,2600,0" yaku="1,1,2,1,53,0" doraHai="27" doraHaiUra="25" who="3" fromWho="0" sc="275,-26,293,0,165,0,257,36" />
</Scene>
<Scene>
<INIT seed="5,0,0,0,4,66" ten="249,293,165,293" oya="1" hai0="83,46,127,126,81,41,77,134,61,124,133,129,97" hai1="7,21,38,98,111,19,82,106,45,20,90,10,4" hai2="114,116,67,78,75,102,100,99,23,65,36,112,50" hai3="91,34,71,119,2,89,9,44,57,31,69,80,73"/><U117/><E117/><V121/><F36/><W68/><G119/><T14/><D14/><U15/><E111/><V5/><F116/><W12/><G34/><T118/><D118/><U33/><E33/><V47/><F121/><W84/><G31/><T131/><D61/><U22/><E106/><V28/><F5/><N who="1" m="2121" /><E38/><V132/><F78/><W130/><G2/><T122/><D97/><U63/><E63/><V62/><F75/><W59/><G73/><N who="0" m="43183" /><D83/><U94/><E82/><V30/><F132/><N who="0" m="50794" /><D122/><U16/><E45/><V26/><F30/><W56/><G44/><T49/><AGARI ba="0,0" hai="41,46,49,124,126,127,129,131" m="50794,43183" machi="49" ten="40,8000,1" yaku="30,2,18,1,20,1" doraHai="66" who="0" fromWho="0" sc="249,80,293,-40,165,-20,293,-20" />
</Scene>
<Scene>
<INIT seed="6,0,0,4,1,86" ten="329,253,145,273" oya="2" hai0="117,90,37,100,112,120,85,95,35,80,22,8,40" hai1="46,115,44,103,98,53,82,56,12,106,118,18,16" hai2="42,81,33,36,110,78,25,135,0,39,51,41,84" hai3="24,43,9,104,66,133,30,70,83,63,96,129,10"/><V134/><F110/><W116/><G116/><T73/><D35/><U119/><E115/><V109/><F109/><W59/><G133/><N who="2" m="50697" /><F0/><W123/><G123/><T64/><D64/><U20/><E118/><V111/><F111/><W55/><G129/><T127/><D40/><N who="2" m="15466" /><F51/><W5/><G83/><T45/><D80/><U57/><E119/><V47/><F47/><W121/><G121/><T99/><D45/><U34/><E34/><V130/><F130/><W88/><G43/><T61/><D117/><U92/><E56/><V108/><F108/><W28/><G28/><AGARI ba="0,0" hai="25,28,33,36,39,78,81,84" m="15466,50697" machi="28" ten="30,1500,0" yaku="20,1" doraHai="86" who="2" fromWho="3" sc="329,0,253,0,145,15,273,-15" />
</Scene>
<Scene>
<INIT seed="6,1,0,3,5,104" ten="329,253,160,258" oya="2" hai0="46,81,122,36,52,61,100,30,123,15,87,68,6" hai1="63,34,121,58,64,72,129,28,134,85,12,18,76" hai2="8,35,3,25,82,130,119,67,29,51,45,93,86" hai3="91,41,79,20,60,70,69,40,11,54,107,105,19"/><V33/><F119/><W38/><G11/><T133/><D100/><U65/><E129/><V23/><F130/><W22/><G91/><T77/><D30/><U84/><E134/><V17/><F67/><W14/><G54/><T102/><D102/><U78/><E121/><V115/><F115/><W117/><G117/><T10/><D133/><U5/><E5/><V116/><F93/><W50/><G50/><T96/><D96/><U99/><E99/><V98/><F98/><W135/><G135/><T27/><D27/><U74/><E28/><V7/><F116/><W111/><G79/><T59/><REACH who="0" step="1"/><D68/><REACH who="0" ten="319,253,160,258" step="2"/><U55/><E34/><V42/><REACH who="2" step="1"/><F29/><REACH who="2" ten="319,253,150,258" step="2"/><W75/><G70/><T97/><D97/><U48/><E65/><V0/><F0/><W16/><G69/><T56/><D56/><U80/><E64/><V101/><F101/><W109/><G107/><T103/><D103/><U71/><E71/><V31/><F31/><W118/><G105/><T127/><D127/><U92/><E58/><V126/><F126/><W37/><G118/><T131/><D131/><U125/><E125/><V24/><F24/><W108/><G108/><T112/><D112/><U53/><E92/><V106/><F106/><W66/><G66/><T89/><D89/><AGARI ba="1,2" hai="3,7,8,17,23,25,33,35,42,45,51,82,86,89" machi="89" ten="30,2900,0" yaku="1,1,7,1,53,0" doraHai="104" doraHaiUra="114" who="2" fromWho="0" sc="319,-32,253,0,150,52,258,0" />
</Scene>
<Scene>
<INIT seed="6,2,0,0,1,119" ten="287,253,202,258" oya="2" hai0="104,127,1,47,72,85,118,128,14,17,29,52,130" hai1="110,74,8,83,28,123,39,91,54,116,88,93,94" hai2="13,58,96,125,27,115,55,38,98,10,70,134,42" hai3="111,43,6,16,51,50,105,131,5,9,30,122,59"/><V81/><F70/><W121/><G111/><T45/><D72/><U36/><E110/><V107/><F115/><W0/><G105/><T103/><D1/><U68/><E116/><V78/><F125/><W4/><G30/><T66/><D118/><U57/><E68/><V92/><F134/><W108/><G108/><T65/><D29/><U114/><E114/><V2/><F2/><W133/><G0/><T84/><D127/><U20/><E8/><V100/><F27/><W117/><G117/><T112/><D112/><U102/><E102/><V46/><F58/><W64/><G133/><T56/><D103/><U135/><E135/><V40/><F40/><W106/><G106/><T75/><D75/><U11/><E11/><V82/><F55/><W67/><G131/><N who="0" m="50219" /><D104/><U86/><E123/><V31/><F31/><W71/><G71/><T109/><D109/><U18/><E28/><V23/><F23/><W69/><G69/><T120/><D120/><U126/><E74/><V129/><F129/><W37/><G37/><T21/><D47/><U87/><E83/><V35/><F35/><W80/><G80/><T48/><D45/><U3/><E3/><V61/><F61/><W41/><G59/><T34/><D34/><U24/><E126/><V101/><REACH who="2" step="1"/><F78/><REACH who="2" ten="287,253,192,258" step="2"/><W124/><G124/><T60/><D60/><AGARI ba="2,1" hai="18,20,24,36,39,54,57,60,86,87,88,91,93,94" machi="60" ten="30,3900,0" yaku="7,1,9,1,54,1" doraHai="119" who="1" fromWho="0" sc="287,-45,253,55,192,0,258,0" />
</Scene>
<Scene>
<INIT seed="7,0,0,3,1,25" ten="242,308,192,258" oya="3" hai0="118,68,88,44,71,122,12,96,15,51,134,50,133" hai1="32,107,53,130,126,86,13,90,85,108,56,23,16" hai2="45,131,93,125,21,66,48,70,42,59,109,79,17" hai3="69,92,9,75,1,80,77,112,110,33,98,55,113"/><W47/><G69/><T135/><D118/><U111/><E107/><V8/><F109/><W78/><G110/><T83/><D122/><U37/><E32/><V102/><F125/><W10/><G77/><T60/><D96/><U119/><E37/><V117/><F117/><W41/><G55/><T6/><D6/><U18/><E126/><V95/><F131/><W5/><G10/><T87/><D50/><N who="1" m="30775" /><E130/><V58/><F70/><N who="0" m="26666" /><D60/><U121/><E121/><V34/><F34/><W35/><G112/><T64/><D64/><U0/><E0/><V26/><F79/><W82/><G82/><T127/><D127/><U128/><E128/><V7/><F102/><W38/><G113/><T124/><D124/><U3/><E3/><V97/><F97/><W103/><AGARI ba="0,0" hai="1,5,9,33,35,38,41,47,75,78,80,92,98,103" machi="103" ten="20,7800,0" yaku="0,1,7,1,25,2" doraHai="25" who="3" fromWho="3" sc="242,-26,308,-26,192,-26,258,78" owari="216,-18.0,282,8.0,166,-33.0,336,43.0" />
</Scene>
</mjloggm>