<mjloggm ver="2.3"><GO type="169" lobby="0"/><UN n0="%41%53%41%50%49%4E" n1="%E3%83%A4%E3%82%AD%E3%83%B3" n2="%E8%B7%AF%E5%9C%B0%E8%A3%8F%E3%81%AE%E3%81%B2%E3%81%BE%E3%82%8F%E3%82%8A" n3="%E9%AB%98%E7%94%BA%E3%83%B4%E3%82%A3%E3%83%B4%E3%82%A3%E3%82%AA%E2%98%86" dan="18,16,17,16" rate="2200.25,2084.38,2142.78,2112.78" sx="M,M,M,M"/><TAIKYOKU oya="0"/>

<Scene>
<INIT seed="0,0,0,5,1,49" ten="250,250,250,250" oya="0" hai0="18,56,94,35,13,80,86,40,111,85,66,113,42" hai1="2,72,24,128,92,39,120,74,29,26,114,0,21" hai2="59,93,112,110,97,12,99,131,52,53,36,124,27" hai3="135,69,100,30,20,98,15,6,107,57,58,51,109"/><T79/><D113/><U41/><E114/><V4/><F36/><W3/><G3/><T9/><D35/><U16/><E120/><V102/><F112/><W127/><G69/><T61/><REACH who="0" step="1"/><D111/><REACH who="0" ten="240,250,250,250" step="2"/><U91/><E128/><V105/><F110/><W25/><G109/><T54/><D54/><U68/><E41/><V81/><F131/><W132/><G135/><T43/><D43/><U87/><E39/><V64/><F124/><W77/><G132/><T118/><D118/><U62/><E0/><V34/><F34/><W31/><G127/><T1/><D1/><U76/><E2/><V17/><F53/><W14/><G31/><T88/><AGARI ba="0,1" hai="9,13,18,40,42,56,61,66,79,80,85,86,88,94" machi="88" ten="30,12000,1" yaku="1,1,0,1,8,1,54,1,53,1" doraHai="49" doraHaiUra="11" who="0" fromWho="0" sc="240,130,250,-40,250,-40,250,-40" />
</Scene>
<Scene>
<INIT seed="0,1,0,3,4,73" ten="370,210,210,210" oya="0" hai0="100,20,88,64,115,111,106,126,122,101,42,91,15" hai1="41,0,65,53,38,107,21,132,2,77,98,4,10" hai2="96,31,68,119,37,39,121,66,13,43,113,133,131" hai3="102,84,61,58,103,127,25,105,95,6,108,97,124"/><T81/><D115/><U76/><E132/><V125/><F31/><W80/><G108/><T9/><D122/><U74/><E74/><V79/><F79/><N who="3" m="46111" /><G6/><T112/><D112/><U33/><E33/><V50/><F96/><N who="3" m="59679" /><G25/><T62/><D126/><N who="3" m="48169" /><G58/><N who="0" m="36951" /><D106/><U7/><E107/><V27/><F27/><W70/><G61/><T67/><D67/><U35/><E65/><V8/><F125/><W30/><G30/><T118/><D118/><U57/><E35/><V82/><F113/><W135/><G70/><T109/><D20/><U19/><E2/><V104/><F68/><W110/><G110/><N who="0" m="41995" /><D42/><U45/><E4/><V59/><F43/><W71/><G71/><T16/><D81/><U90/><E21/><V94/><F119/><W75/><G75/><T51/><D51/><U78/><E19/><V72/><F50/><W83/><G83/><T129/><D129/><U63/><E38/><V128/><F82/><W52/><G52/><T92/><D92/><N who="1" m="56599" /><E41/><V22/><F131/><W86/><G86/><T26/><D26/><U44/><E0/><V49/><F128/><W54/><G54/><T23/><D23/><U116/><E116/><V5/><F22/><W55/><G55/><T40/><D40/><U14/><AGARI ba="1,0" hai="7,10,14,44,45,53,57,63,76,77,78" m="56599" machi="14" ten="30,7900,0" yaku="8,1,52,3" doraHai="73" who="1" fromWho="1" sc="370,-40,210,82,210,-21,210,-21" />
</Scene>
<Scene>
<INIT seed="1,0,0,3,5,21" ten="330,292,189,189" oya="1" hai0="62,33,24,105,130,23,57,65,63,20,93,132,60" hai1="87,45,135,35,98,7,30,112,55,104,18,113,69" hai2="47,58,50,37,38,41,92,5,95,46,26,124,82" hai3="68,29,42,40,109,32,52,17,106,25,101,31,13"/><U71/><E7/><V118/><F118/><W27/><G68/><T14/><D105/><U107/><E135/><V119/><F119/><W3/><G3/><T110/><D132/><U134/><E134/><V67/><F124/><W2/><G2/><T6/><D110/><U34/><E18/><V70/><F70/><W102/><G109/><T79/><D130/><U129/><E87/><V59/><F82/><W61/><G106/><T90/><D33/><U133/><E133/><V53/><F5/><W80/><G80/><T77/><D14/><U51/><E129/><V117/><F117/><W4/><G4/><T91/><D20/><U100/><E107/><V48/><F59/><N who="3" m="35047" /><G32/><T126/><D90/><U22/><E35/><V116/><F116/><W73/><G73/><T111/><D111/><U115/><REACH who="1" step="1"/><E34/><REACH who="1" ten="330,282,189,189" step="2"/><V96/><F96/><W43/><G31/><N who="0" m="17823" /><D6/><U123/><E123/><V28/><F28/><W15/><G29/><T89/><D126/><U99/><E99/><V66/><F66/><W74/><G74/><T127/><D127/><U49/><E49/><V84/><F67/><W121/><G121/><T36/><D65/><U72/><E72/><V103/><F50/><W9/><G15/><T94/><D63/><U81/><E81/><V54/><F48/><W11/><G11/><T76/><D62/><U85/><E85/><V125/><F125/><W86/><G86/><T64/><D36/><U39/><E39/><V12/><F84/><W56/><G9/><T19/><D19/><U16/><E16/><V128/><F128/><W120/><G17/><T108/><D108/><RYUUKYOKU ba="0,1" sc="330,15,282,15,189,-15,189,-15" hai0="57,60,64,76,77,79,89,91,93,94" hai1="22,30,45,51,55,69,71,98,100,104,112,113,115" />
</Scene>
<Scene>
<INIT seed="1,1,1,1,2,20" ten="345,297,174,174" oya="1" hai0="15,116,50,128,110,91,133,59,112,94,60,2,55" hai1="58,106,89,87,21,109,11,46,23,129,79,26,62" hai2="41,38,76,80,7,100,85,0,86,93,74,65,16" hai3="63,104,98,72,61,135,1,103,118,117,96,99,123"/><U105/><E129/><V28/><F28/><W53/><G1/><T64/><D2/><U122/><E122/><V45/><F65/><W17/><G123/><T33/><D112/><U75/><E109/><V6/><F6/><W13/><G72/><T54/><D116/><N who="3" m="44649" /><G135/><T49/><D133/><U19/><E11/><N who="2" m="2535" /><F16/><W115/><G115/><T78/><D128/><U92/><E46/><V83/><F83/><W39/><G39/><T69/><D110/><U8/><E8/><V29/><F29/><W14/><G14/><T40/><D33/><U5/><E5/><V47/><F47/><W3/><G3/><T57/><D15/><U52/><REACH who="1" step="1"/><E23/><REACH who="1" ten="345,287,174,174" step="2"/><V42/><F42/><W108/><G108/><T35/><D40/><U130/><E130/><V66/><F41/><W97/><G53/><T132/><D132/><U44/><E44/><V67/><F45/><W102/><G102/><T126/><D54/><U30/><E30/><V31/><F31/><W9/><AGARI ba="1,2" hai="9,13,17,61,63,96,97,98,99,103,104" m="44649" machi="9" ten="30,1100,0" yaku="12,1" doraHai="20" who="3" fromWho="3" sc="345,-4,287,-6,174,-4,174,34" />
</Scene>
<Scene>
<INIT seed="2,0,0,2,2,26" ten="341,281,170,208" oya="2" hai0="75,28,127,101,36,7,131,38,15,37,48,70,98" hai1="46,19,0,5,54,2,33,77,10,111,39,114,55" hai2="121,6,124,108,25,24,118,96,125,91,20,42,60" hai3="109,11,62,100,32,95,45,50,133,106,72,135,61"/><V83/><F118/><W87/><G72/><T31/><D75/><U66/><E114/><V97/><F121/><W99/><G32/><T128/><D70/><U51/><E0/><V52/><F42/><N who="3" m="24887" /><G109/><T4/><D48/><U57/><E111/><V44/><F108/><W59/><G59/><T132/><D132/><N who="3" m="50761" /><G11/><N who="0" m="4583" /><D7/><U88/><E33/><V78/><F6/><W119/><G119/><T112/><D127/><N who="2" m="48714" /><F91/><AGARI ba="0,0" hai="61,62,87,91,95,99,100,106" m="50761,24887" machi="91" ten="30,1000,0" yaku="20,1" doraHai="26" who="3" fromWho="2" sc="341,0,281,0,170,-10,208,10" />
</Scene>
<Scene>
<INIT seed="3,0,0,3,4,1" ten="341,281,160,218" oya="3" hai0="101,71,2,128,64,91,68,105,118,77,0,88,73" hai1="30,107,29,126,106,54,103,110,66,114,121,52,15" hai2="42,58,17,19,123,5,36,59,38,60,133,135,20" hai3="7,94,98,14,92,22,56,45,69,61,67,108,109"/><W50/><G69/><T57/><D118/><U11/><E121/><V90/><F123/><W10/><G22/><T125/><D57/><N who="2" m="21514" /><F60/><W27/><G27/><T4/><D101/><U102/><E114/><V85/><F42/><W83/><G83/><T80/><D105/><U35/><E110/><N who="3" m="42602" /><G98/><T21/><D128/><U78/><E126/><V31/><F31/><N who="1" m="11785" /><E35/><V99/><F99/><W93/><G93/><T8/><D21/><U32/><E32/><V95/><F5/><W70/><G70/><T18/><D125/><U9/><E78/><V81/><F81/><W51/><G51/><T96/><D96/><U112/><E112/><V44/><F44/><W37/><G37/><N who="2" m="14441" /><F20/><W124/><G124/><T63/><D71/><U65/><E107/><V87/><F87/><W86/><G86/><T119/><D80/><U134/><E106/><V48/><F48/><W62/><G62/><T43/><D63/><U49/><E49/><V76/><F76/><W117/><G117/><T111/><D77/><U127/><E127/><V46/><F46/><W3/><G3/><T104/><D2/><U74/><E103/><V53/><F53/><AGARI ba="0,0" hai="7,10,14,45,50,53,56,61,67,92,94" m="42602" machi="53" ten="30,5800,0" yaku="14,1,10,1,52,1" doraHai="1" who="3" fromWho="2" sc="341,0,281,0,160,-58,218,58" />
</Scene>
<Scene>
<INIT seed="3,1,0,2,5,70" ten="341,281,102,276" oya="3" hai0="45,102,34,131,127,52,38,129,2,126,66,73,83" hai1="27,7,89,115,98,72,79,1,35,75,54,135,85" hai2="44,119,65,124,36,105,0,97,33,28,13,57,125" hai3="11,58,132,22,19,18,92,46,82,100,67,50,110"/><W91/><G132/><T39/><D34/><U74/><E115/><V111/><F119/><W15/><G110/><T122/><D122/><U47/><E135/><V130/><F0/><W6/><G100/><T95/><D2/><U48/><E79/><V9/><F111/><W31/><G82/><T120/><D120/><U77/><E77/><V64/><F130/><N who="0" m="49674" /><D66/><U20/><E35/><V5/><F105/><W29/><G58/><T93/><D73/><U23/><E98/><V16/><F97/><N who="3" m="57503" /><G67/><T68/><D68/><U113/><E113/><V87/><F87/><W104/><G104/><T128/><D83/><U8/><REACH who="1" step="1"/><E27/><REACH who="1" ten="341,271,102,276" step="2"/><V121/><F121/><W84/><G84/><T109/><D128/><U103/><E103/><V116/><F116/><W94/><G94/><AGARI ba="1,1" hai="1,7,8,20,23,47,48,54,72,74,75,85,89,94" machi="94" ten="40,1300,0" yaku="1,1,53,0" doraHai="70" doraHaiUra="24" who="1" fromWho="3" sc="341,0,271,26,102,0,276,-16" />
</Scene>
<Scene>
<INIT seed="4,0,0,4,1,31" ten="341,297,102,260" oya="0" hai0="23,93,125,99,121,86,81,50,101,129,43,28,47" hai1="30,103,100,66,67,80,25,97,120,65,11,10,83" hai2="133,76,106,45,78,90,9,94,128,51,14,104,42" hai3="2,107,113,117,69,88,35,116,48,111,22,114,15"/><T87/><D121/><U131/><E120/><V91/><F128/><W12/><G69/><T34/><D129/><U118/><E118/><V19/><F133/><W36/><G36/><T44/><D125/><U16/><E131/><V127/><F127/><W108/><G48/><T29/><D34/><U75/><E103/><V98/><F106/><W20/><G107/><T123/><D123/><U49/><E49/><V110/><F110/><W5/><G88/><T72/><D72/><U0/><E0/><V59/><F104/><W1/><G5/><T130/><D130/><U135/><E135/><V27/><F59/><W7/><G7/><T82/><D47/><U41/><E41/><V63/><F63/><W46/><G46/><T17/><D86/><U4/><E4/><V79/><REACH who="2" step="1"/><F27/><REACH who="2" ten="341,297,92,260" step="2"/><W38/><G38/><T119/><D119/><U3/><E25/><V13/><F13/><W134/><G134/><T40/><D44/><U52/><E3/><V112/><F112/><W70/><G70/><T60/><D60/><U126/><E126/><V18/><F18/><W56/><G56/><T68/><D17/><U122/><E16/><V109/><F109/><W71/><G71/><T39/><D68/><U64/><E122/><V53/><F53/><W115/><G115/><T85/><D43/><U61/><E52/><V132/><F132/><W102/><G15/><T32/><D40/><U95/><E67/><V26/><F26/><W92/><G12/><T89/><D39/><U6/><E66/><V58/><F58/><W54/><G54/><T37/><D37/><U84/><E65/><RYUUKYOKU ba="0,1" sc="341,-10,297,-10,92,30,260,-10" hai2="9,14,19,42,45,51,76,78,79,90,91,94,98" />
</Scene>
<Scene>
<INIT seed="5,1,1,1,3,124" ten="331,287,122,250" oya="1" hai0="46,64,133,19,119,93,91,34,74,55,61,114,134" hai1="71,58,105,23,117,67,22,129,57,6,52,111,103" hai2="113,59,98,127,17,38,125,16,95,85,11,66,50" hai3="79,4,121,128,100,102,47,116,72,31,106,12,32"/><U20/><E117/><V48/><F38/><W42/><G106/><T21/><D119/><U118/><E118/><V8/><F85/><W89/><G116/><T78/><D34/><U28/><E6/><V84/><F84/><W65/><G121/><T33/><D33/><U94/><E111/><V40/><F40/><W99/><G65/><T43/><D55/><U123/><E105/><V13/><F66/><W92/><G32/><T135/><D114/><U77/><E123/><V54/><F113/><W76/><G31/><T49/><D78/><N who="3" m="29737" /><G128/><T80/><D80/><U73/><E129/><V131/><F131/><W75/><G72/><T0/><D0/><U120/><E120/><V27/><F50/><N who="3" m="26999" /><G75/><T14/><D74/><U109/><E109/><V29/><F29/><W97/><G97/><T53/><D43/><U2/><E2/><V69/><F69/><W130/><G130/><T86/><REACH who="0" step="1"/><D135/><REACH who="0" ten="321,287,122,250" step="2"/><U7/><E77/><V110/><F110/><W126/><G126/><T96/><D96/><N who="1" m="59799" /><E73/><V36/><F125/><W39/><G39/><T18/><D18/><U45/><E28/><V15/><F127/><W44/><G44/><T25/><D25/><U63/><E45/><V26/><REACH who="2" step="1"/><F36/><REACH who="2" ten="321,287,112,250" step="2"/><W3/><G99/><T51/><D51/><N who="1" m="30879" /><E71/><AGARI ba="1,3" hai="14,19,21,46,49,53,61,64,71,86,91,93,133,134" machi="71" ten="40,1300,0" yaku="1,1,53,0" doraHai="124" doraHaiUra="112" who="0" fromWho="1" sc="321,46,287,-16,112,0,250,0" />
</Scene>
<Scene>
<INIT seed="6,0,0,4,3,74" ten="367,271,112,250" oya="2" hai0="46,18,52,95,51,68,107,24,82,63,42,32,88" hai1="7,134,40,27,91,29,66,31,113,35,25,127,4" hai2="41,50,37,80,33,15,67,81,77,84,104,124,114" hai3="97,20,1,116,135,30,28,132,100,48,23,117,87"/><V98/><F37/><W14/><G1/><T96/><D107/><U110/><E40/><V0/><F0/><W118/><G87/><N who="0" m="50295" /><D32/><U60/><E110/><V90/><F33/><W128/><G48/><T94/><D68/><U69/><E113/><V21/><F114/><W70/><G70/><T34/><D34/><U2/><E2/><V125/><F67/><W72/><G72/><T13/><D24/><U83/><E127/><N who="2" m="48715" /><F104/><N who="3" m="63503" /><G128/><T112/><D112/><U78/><E91/><V76/><F98/><W57/><G57/><N who="0" m="35239" /><D96/><U109/><E134/><V102/><F102/><W56/><G118/><T11/><AGARI ba="0,0" hai="11,13,18,42,46,51,94,95" m="35239,50295" machi="11" ten="30,4000,0" yaku="8,1,54,2" doraHai="74" who="0" fromWho="0" sc="367,40,271,-10,112,-20,250,-10" />
</Scene>
<Scene>
<INIT seed="7,0,0,1,5,119" ten="407,261,92,240" oya="3" hai0="109,52,132,79,41,127,71,72,113,45,23,134,33" hai1="129,120,30,38,112,94,75,51,21,46,47,126,117" hai2="20,74,123,100,4,118,66,96,11,22,37,133,105" hai3="116,131,88,107,111,110,60,25,61,15,78,9,99"/><W63/><G116/><T85/><D33/><U59/><E117/><V68/><F118/><W92/><G107/><T28/><D71/><U93/><E75/><V83/><F22/><W58/><G131/><T90/><D109/><N who="3" m="41481" /><G78/><T101/><D127/><U62/><E126/><V50/><F20/><W106/><G106/><T26/><D113/><U84/><E112/><V8/><F50/><W57/><G25/><T53/><D101/><U95/><E129/><V130/><F130/><W80/><G80/><N who="0" m="49447" /><D79/><U10/><E38/><V34/><F11/><W108/><N who="3" m="41489" /><W2/><DORA hai="42" /><G2/><T65/><D65/><N who="1" m="39135" /><E120/><V89/><F89/><W16/><AGARI ba="0,0" hai="9,15,16,57,58,60,61,63,88,92,99" m="41489" machi="16" ten="50,9600,0" yaku="10,1,54,2" doraHai="119,42" who="3" fromWho="3" sc="407,-32,261,-32,92,-32,240,96" />
</Scene>
<Scene>
<INIT seed="7,1,0,3,3,11" ten="375,229,60,336" oya="3" hai0="102,85,37,92,113,127,130,108,24,59,124,6,118" hai1="44,57,3,104,84,132,17,33,90,71,63,38,2" hai2="80,58,126,88,120,43,42,69,110,32,39,98,112" hai3="12,93,34,131,129,94,109,103,135,121,15,23,76"/><W125/><G121/><T35/><D108/><U55/><E33/><V18/><F32/><W97/><G34/><T31/><D118/><U72/><E72/><V8/><F120/><W128/><G109/><T106/><D37/><U133/><E104/><V50/><F110/><W122/><G122/><T52/><D130/><U53/><E71/><V119/><F69/><W114/><G114/><T117/><D117/><U27/><E27/><V105/><F119/><W1/><G1/><T9/><D113/><U54/><E17/><V111/><F111/><W61/><G125/><N who="0" m="48203" /><D106/><U56/><E56/><V45/><F126/><W89/><G76/><T4/><D9/><U7/><E7/><V66/><F112/><W65/><G23/><T100/><D85/><U22/><E22/><V115/><F115/><W91/><G135/><N who="1" m="51786" /><E38/><V116/><F116/><W86/><G103/><N who="0" m="39467" /><D92/><N who="1" m="54343" /><E44/><V78/><F105/><W26/><G26/><T67/><D67/><AGARI ba="1,0" hai="2,3,53,54,55,57,63,67" m="54343,51786" machi="67" ten="30,1000,0" yaku="20,1" doraHai="11" who="1" fromWho="0" sc="375,-13,229,13,60,0,336,0" owari="362,46.0,242,-16.0,60,-44.0,336,14.0" />
</Scene>
</mjloggm>