<mjloggm ver="2.3"><GO type="169" lobby="0"/><UN n0="%74%6F%72%69%30%36%31%32" n1="%4B%E3%80%82" n2="%E3%83%97%E3%83%92%E3%81%99%E3%81%91" n3="%41%53%41%50%49%4E" dan="17,17,16,19" rate="2132.01,2100.83,2103.64,2338.39" sx="M,M,M,M"/><TAIKYOKU oya="0"/>

<Scene>
<INIT seed="0,0,0,5,0,103" ten="250,250,250,250" oya="0" hai0="110,116,3,53,20,65,11,98,57,32,58,129,121" hai1="126,71,43,40,10,89,34,134,83,91,15,50,96" hai2="7,80,37,132,18,52,55,88,93,2,56,112,118" hai3="60,68,24,81,124,79,133,14,4,33,104,36,92"/><T46/><D32/><U17/><E71/><V106/><F37/><W23/><G36/><T84/><D121/><U135/><E34/><V29/><F112/><W78/><G133/><N who="1" m="50698" /><E126/><V117/><F132/><W31/><G124/><T26/><D116/><N who="2" m="44650" /><F29/><W108/><G108/><T28/><D129/><U48/><E83/><V131/><F80/><W25/><G92/><T97/><D84/><U22/><E10/><N who="2" m="2423" /><F131/><W130/><G31/><T114/><D114/><U21/><E21/><V74/><F74/><W86/><G23/><T6/><D110/><U39/><E39/><V82/><F82/><W19/><G81/><T113/><D113/><U87/><E87/><N who="2" m="52383" /><F18/><W44/><G19/><T100/><D97/><U5/><E5/><V35/><F35/><W69/><G4/><T115/><D115/><U72/><E72/><V77/><F77/><W45/><G33/><T49/><REACH who="0" step="1"/><D65/><REACH who="0" ten="240,250,250,250" step="2"/><U95/><E91/><V94/><F94/><AGARI ba="0,1" hai="3,6,11,20,26,28,46,49,53,57,58,94,98,100" machi="94" ten="30,5800,0" yaku="1,1,2,1,7,1,53,0" doraHai="103" doraHaiUra="63" who="0" fromWho="2" sc="240,68,250,0,250,-58,250,0" />
</Scene>
<Scene>
<INIT seed="0,1,0,4,1,18" ten="308,250,192,250" oya="0" hai0="30,38,110,78,40,69,21,89,70,3,113,135,4" hai1="86,41,99,17,114,85,74,22,57,33,52,8,104" hai2="123,34,48,13,112,80,14,102,118,88,24,59,29" hai3="12,49,92,82,126,47,111,133,130,39,71,65,0"/><T72/><D89/><U79/><E33/><V50/><F123/><W128/><G0/><T42/><D113/><U109/><E114/><V105/><F112/><W77/><G39/><T35/><D42/><U117/><E117/><V103/><F118/><W36/><G36/><T106/><D106/><U5/><E109/><V58/><F105/><W120/><G111/><T83/><D21/><U6/><E74/><V125/><F125/><W121/><G126/><T28/><D28/><U51/><E41/><V124/><F124/><W43/><G133/><T53/><D53/><U95/><E104/><V10/><F14/><W31/><G92/><T23/><D23/><U11/><E79/><V46/><F50/><W7/><G31/><T68/><D135/><U96/><E96/><V132/><F132/><W73/><G71/><T81/><D81/><U27/><E8/><V119/><F119/><W101/><G65/><T64/><D64/><U62/><E51/><V56/><F80/><W134/><G101/><T116/><D116/><U2/><REACH who="1" step="1"/><E6/><REACH who="1" ten="308,240,192,250" step="2"/><V61/><F61/><W76/><G76/><T67/><D110/><U44/><E44/><V60/><F60/><W108/><G108/><T98/><D98/><U122/><E122/><N who="3" m="47210" /><G134/><T87/><D72/><U26/><E26/><V97/><F48/><W45/><G45/><T107/><D107/><U66/><E66/><V129/><F46/><W127/><G127/><T9/><D67/><U91/><AGARI ba="1,1" hai="2,5,11,17,22,27,52,57,62,85,86,91,95,99" machi="91" ten="20,12000,2" yaku="1,1,0,1,7,1,25,2,52,1,54,1,53,0" doraHai="18" doraHaiUra="131" who="1" fromWho="1" sc="308,-61,240,133,192,-31,250,-31" />
</Scene>
<Scene>
<INIT seed="1,0,0,0,3,70" ten="247,373,161,219" oya="1" hai0="125,135,76,82,28,132,10,21,88,103,37,35,42" hai1="120,68,85,15,29,89,39,117,53,102,6,101,8" hai2="91,65,95,121,97,86,107,99,105,55,43,73,113" hai3="12,71,41,116,40,67,3,87,122,63,92,31,26"/><U112/><E120/><V128/><F65/><W47/><G122/><T1/><D21/><U19/><E117/><V51/><F121/><W5/><G3/><T94/><D103/><U127/><E112/><V66/><F66/><W45/><G116/><T0/><D28/><U14/><E68/><V54/><F128/><W81/><G92/><T108/><D35/><U59/><E127/><V80/><F113/><W123/><G123/><T34/><D34/><U79/><E29/><V32/><F32/><W93/><G93/><T17/><D17/><U30/><E30/><V133/><F133/><N who="0" m="51274" /><D10/><U111/><E79/><V22/><F22/><W27/><G31/><T44/><D125/><U20/><E111/><V124/><F124/><W119/><G119/><T62/><D62/><U52/><E102/><V13/><F13/><W9/><G87/><N who="0" m="48583" /><D108/><U83/><E101/><V60/><F60/><W18/><G81/><T23/><D23/><U7/><E7/><V46/><F99/><AGARI ba="0,0" hai="0,1,37,42,44,88,94,99" m="48583,51274" machi="99" ten="30,3900,0" yaku="20,1,52,1,54,1" doraHai="70" who="0" fromWho="2" sc="247,39,373,0,161,-39,219,0" />
</Scene>
<Scene>
<INIT seed="2,0,0,0,2,88" ten="286,373,122,219" oya="2" hai0="128,3,94,71,30,27,49,7,53,108,133,101,90" hai1="129,115,112,20,16,38,87,103,83,33,19,40,42" hai2="0,24,95,97,50,60,78,45,93,23,11,106,92" hai3="28,132,56,64,110,5,121,111,76,4,70,6,119"/><V26/><F78/><W29/><G121/><T21/><D133/><U68/><E33/><V66/><F106/><W77/><G132/><T124/><D124/><U37/><E68/><V125/><F125/><W82/><G119/><T113/><D113/><U107/><E129/><V44/><F0/><W126/><G70/><T54/><D71/><U51/><E107/><V55/><F11/><W75/><G126/><T102/><D128/><U123/><E123/><V43/><F97/><W116/><G116/><T73/><D73/><U34/><E103/><V15/><F15/><W31/><G76/><T114/><D108/><N who="3" m="41513" /><G56/><T96/><D114/><U67/><E34/><V8/><F8/><W100/><G100/><T79/><D79/><U10/><E10/><V36/><REACH who="2" step="1"/><F23/><REACH who="2" ten="286,373,112,219" step="2"/><W98/><G98/><T35/><D3/><U134/><E20/><V130/><F130/><W32/><G64/><T39/><D35/><AGARI ba="0,1" hai="4,5,6,28,29,31,32,35,75,77,82" m="41513" machi="35" ten="40,1300,0" yaku="14,1" doraHai="88" who="3" fromWho="0" sc="286,-13,373,0,112,0,219,23" />
</Scene>
<Scene>
<INIT seed="3,0,0,0,5,17" ten="273,373,112,242" oya="3" hai0="71,84,5,56,133,48,70,106,44,110,25,28,2" hai1="80,98,6,59,135,113,127,43,75,122,74,27,35" hai2="3,42,18,47,40,125,112,14,121,68,65,128,45" hai3="97,115,10,72,54,105,51,11,53,26,63,100,126"/><W16/><G115/><T92/><D106/><U130/><E113/><V90/><F3/><W34/><G72/><T120/><D120/><U118/><E122/><V52/><F112/><W38/><G38/><T60/><D133/><U116/><E43/><V124/><F121/><W104/><G104/><T114/><D110/><U88/><E135/><V107/><F107/><W101/><G101/><T94/><D114/><U32/><E6/><V4/><F4/><W49/><G126/><T73/><D73/><U0/><E0/><V7/><F7/><W33/><G63/><T8/><D84/><U109/><E127/><N who="2" m="48715" /><F128/><W12/><G26/><T24/><D24/><U77/><E130/><V132/><F132/><W129/><G10/><T91/><D91/><U15/><E109/><V85/><F65/><W37/><G37/><T61/><D70/><U123/><E123/><V79/><F79/><W108/><G129/><T57/><D71/><U69/><E69/><V20/><F68/><W46/><REACH who="3" step="1"/><G108/><REACH who="3" ten="273,373,112,232" step="2"/><T19/><D61/><U23/><E75/><V64/><F64/><W102/><G102/><T131/><D60/><U58/><E74/><V93/><F47/><AGARI ba="0,1" hai="11,12,16,33,34,46,47,49,51,53,54,97,100,105" machi="47" ten="30,11600,0" yaku="1,1,7,1,9,1,54,1,53,0" doraHai="17" doraHaiUra="39" who="3" fromWho="2" sc="273,0,373,0,112,-116,232,126" owari="273,-13.0,373,47.0,-4,-50.0,358,16.0" />
</Scene>
</mjloggm>