<mjloggm ver="2.3"><GO type="169" lobby="0"/><UN n0="%E9%9D%9E%E5%8A%B9%E7%8E%87%E6%89%93%E6%B3%95" n1="%41%53%41%50%49%4E" n2="%E3%83%9F%E3%83%A9%E3%82%AF%E3%83%AB%E3%81%8A%E3%81%98%E3%81%95%E3%82%93" n3="%E6%AD%A6%E5%A3%AB%E6%B2%A2%E7%A7%80%E8%A1%8C" dan="17,19,17,16" rate="2169.33,2316.71,2180.09,2103.58" sx="M,M,M,M"/><TAIKYOKU oya="0"/>

<Scene>
<INIT seed="0,0,0,5,0,53" ten="250,250,250,250" oya="0" hai0="97,6,107,19,22,90,91,93,85,28,105,131,7" hai1="63,123,77,103,62,92,49,135,96,32,110,50,70" hai2="118,20,114,73,127,25,16,14,45,60,35,10,88" hai3="52,87,124,69,66,58,130,102,11,15,61,74,83"/><T82/><D131/><U81/><E123/><V79/><F114/><W1/><G130/><T106/><REACH who="0" step="1"/><D28/><REACH who="0" ten="240,250,250,250" step="2"/><U101/><E135/><V23/><F118/><W104/><G124/><T30/><D30/><U13/><E110/><V99/><F127/><W126/><G126/><T37/><D37/><U121/><E121/><V116/><F116/><W125/><G125/><T113/><D113/><U51/><E32/><V128/><F35/><W0/><G74/><T38/><D38/><U117/><E117/><V17/><F73/><W120/><G120/><T29/><D29/><U84/><E70/><V95/><F128/><W12/><G104/><T94/><D94/><U115/><E115/><V133/><F133/><W100/><G1/><T48/><D48/><U78/><E50/><V5/><F60/><W27/><G0/><T64/><D64/><U129/><E51/><V86/><F45/><W34/><G66/><T2/><D2/><U108/><E49/><V26/><REACH who="2" step="1"/><F79/><REACH who="2" ten="240,250,240,250" step="2"/><W132/><G61/><T55/><D55/><U36/><E63/><V80/><F80/><W39/><G83/><T4/><D4/><U21/><E62/><V67/><F67/><W54/><G52/><T33/><D33/><U8/><E78/><V24/><F24/><AGARI ba="0,2" hai="6,7,19,22,24,82,85,90,91,93,97,105,106,107" machi="24" ten="40,7700,0" yaku="1,1,53,2" doraHai="53" doraHaiUra="3" who="0" fromWho="2" sc="240,97,250,0,240,-77,250,0" />
</Scene>
<Scene>
<INIT seed="0,1,0,3,1,61" ten="337,250,163,250" oya="0" hai0="117,24,15,125,36,38,110,56,122,45,74,47,96" hai1="12,26,29,2,69,6,99,49,50,41,77,57,4" hai2="10,87,3,30,48,59,37,134,43,76,128,11,84" hai3="112,44,9,127,82,94,89,33,116,53,118,103,66"/><T114/><D74/><U86/><E69/><V83/><F134/><W93/><G112/><T55/><D96/><U91/><E2/><V23/><F128/><W119/><G127/><T101/><D101/><U126/><E126/><V22/><F37/><N who="0" m="14442" /><D15/><U95/><E41/><V109/><F109/><W19/><G33/><T20/><D20/><U25/><E25/><V133/><F133/><W71/><G103/><T104/><D24/><U35/><E12/><V14/><F3/><W97/><G19/><T8/><D8/><U129/><E129/><V131/><F131/><W40/><G9/><T98/><D98/><U32/><E32/><V80/><F30/><W31/><G31/><T81/><D81/><U54/><E50/><V75/><F11/><W113/><G113/><T60/><D104/><U121/><E121/><V17/><F75/><W62/><G94/><T64/><D125/><U7/><E77/><N who="2" m="46095" /><F59/><W65/><G82/><T70/><D114/><U51/><E35/><V34/><F34/><W123/><G123/><T105/><D105/><U46/><E29/><V92/><F92/><W108/><G108/><T85/><D110/><U52/><E26/><V63/><F63/><W115/><G115/><T124/><D124/><U21/><E21/><V67/><F67/><W58/><REACH who="3" step="1"/><G71/><REACH who="3" ten="337,250,163,240" step="2"/><T100/><D122/><U42/><E95/><V72/><F72/><W5/><G5/><T68/><D68/><U106/><E4/><V79/><F76/><W13/><G13/><T111/><D111/><U130/><E6/><V27/><F27/><W16/><G16/><T107/><D70/><RYUUKYOKU ba="1,1" sc="337,-15,250,-15,163,15,240,15" hai2="10,14,17,22,23,43,48,79,83,87" hai3="40,44,53,58,62,65,66,89,93,97,116,118,119" />
</Scene>
<Scene>
<INIT seed="1,2,1,0,2,68" ten="322,235,178,255" oya="1" hai0="77,56,63,126,51,15,90,132,84,99,32,37,67" hai1="116,18,6,16,35,135,33,27,133,9,1,30,11" hai2="88,115,106,48,103,76,114,25,120,38,87,12,66" hai3="42,118,129,97,62,59,45,93,104,100,20,71,127"/><U40/><E40/><V83/><F38/><W74/><G118/><T13/><D32/><U79/><E79/><V3/><F3/><W57/><G129/><T55/><D126/><U39/><E39/><V131/><F120/><W64/><G127/><T113/><D113/><N who="2" m="43018" /><F131/><W49/><G74/><T34/><D34/><U23/><E116/><V60/><F48/><W96/><REACH who="3" step="1"/><G20/><REACH who="3" ten="322,235,178,245" step="2"/><T46/><D132/><N who="1" m="50763" /><E30/><V52/><F25/><W7/><G7/><T119/><D119/><U19/><E19/><V70/><F12/><AGARI ba="2,2" hai="1,6,9,11,12,16,18,23,27,33,35" m="50763" machi="12" ten="30,11600,0" yaku="20,1,34,2,54,1" doraHai="68" who="1" fromWho="2" sc="322,0,235,142,178,-122,245,0" />
</Scene>
<Scene>
<INIT seed="1,3,0,2,2,99" ten="322,377,56,245" oya="1" hai0="14,92,101,81,100,131,34,7,93,95,23,35,64" hai1="38,43,19,51,62,1,115,40,90,4,84,44,27" hai2="5,123,70,104,71,89,106,31,52,120,72,60,42" hai3="46,61,6,54,18,59,94,83,68,24,10,103,122"/><U118/><E115/><V74/><F42/><W16/><G122/><T3/><D131/><U37/><E118/><V49/><F5/><W97/><G68/><T53/><D64/><U69/><E43/><V121/><F31/><W116/><G116/><T124/><D124/><U9/><E69/><V110/><F110/><W111/><G111/><T112/><D112/><U132/><E132/><V73/><F71/><W75/><G46/><T0/><D0/><U117/><E117/><V66/><REACH who="2" step="1"/><F89/><REACH who="2" ten="322,377,46,245" step="2"/><W96/><G24/><T22/><D3/><U17/><E27/><V56/><AGARI ba="3,1" hai="49,52,56,60,66,70,72,73,74,104,106,120,121,123" machi="56" ten="40,8000,1" yaku="1,1,2,1,0,1,54,1,53,1" doraHai="99" doraHaiUra="63" who="2" fromWho="2" sc="322,-23,377,-43,46,99,245,-23" />
</Scene>
<Scene>
<INIT seed="2,0,0,5,1,17" ten="299,334,145,222" oya="2" hai0="89,116,7,31,79,90,50,126,14,93,48,1,112" hai1="24,118,65,68,27,63,97,29,132,121,96,125,25" hai2="46,81,8,101,94,5,37,58,135,105,92,95,84" hai3="114,120,76,16,21,23,80,108,49,11,40,28,54"/><V55/><F135/><W102/><G120/><T39/><D112/><U111/><E118/><V69/><F69/><W35/><G114/><T13/><D39/><U56/><E111/><V107/><F101/><W20/><G108/><T42/><D116/><U9/><E132/><V26/><F26/><W123/><G123/><T83/><D126/><U98/><E125/><V57/><F37/><W41/><G102/><T64/><D64/><U103/><E121/><V104/><F46/><N who="3" m="27959" /><G35/><T18/><D31/><U106/><E9/><V130/><F130/><W75/><G75/><T44/><D48/><U15/><E15/><V52/><F58/><W3/><G3/><T67/><D67/><U22/><E27/><V74/><F74/><W6/><G28/><T51/><D51/><U38/><E38/><V12/><REACH who="2" step="1"/><F57/><REACH who="2" ten="299,334,135,222" step="2"/><W127/><G127/><T30/><D44/><U85/><E56/><V77/><AGARI ba="0,1" hai="5,8,12,52,55,77,81,84,92,94,95,104,105,107" machi="77" ten="40,12000,1" yaku="1,1,2,1,0,1,54,1,53,0" doraHai="17" doraHaiUra="61" who="2" fromWho="2" sc="299,-40,334,-40,135,130,222,-40" />
</Scene>
<Scene>
<INIT seed="2,1,0,2,3,120" ten="259,294,265,182" oya="2" hai0="49,109,50,82,6,23,3,39,28,127,26,4,86" hai1="65,45,68,12,87,130,43,85,128,66,122,56,80" hai2="13,112,110,42,57,98,99,95,20,92,104,0,34" hai3="17,105,132,131,133,101,106,7,53,81,22,58,103"/><V115/><F0/><W15/><G131/><N who="1" m="50218" /><E68/><V40/><F34/><W93/><G7/><T51/><D127/><U76/><E122/><V25/><F104/><N who="3" m="40043" /><G93/><T8/><D39/><N who="1" m="21759" /><E56/><V47/><F13/><W60/><G81/><T125/><D125/><U1/><E1/><V134/><F134/><AGARI ba="1,0" hai="15,17,22,53,58,60,101,103,132,133,134" m="40043" machi="134" ten="30,1000,0" yaku="20,1" doraHai="120" who="3" fromWho="2" sc="259,0,294,0,265,-13,182,13" />
</Scene>
<Scene>
<INIT seed="3,0,0,1,2,106" ten="259,294,252,195" oya="3" hai0="76,49,82,80,33,87,92,14,17,78,94,72,11" hai1="56,75,42,13,105,90,15,16,48,43,95,53,108" hai2="125,51,36,88,118,135,84,81,50,100,115,24,23" hai3="54,98,9,2,40,41,31,110,35,130,44,58,64"/><W122/><G122/><T124/><D124/><U117/><E105/><V32/><F115/><W29/><G130/><T68/><D68/><U61/><E108/><V69/><F118/><W46/><G110/><T18/><D33/><U83/><E117/><V47/><F32/><W34/><G64/><T103/><D103/><U129/><E13/><V114/><F114/><W52/><G9/><T86/><D72/><U85/><E129/><V91/><F69/><W70/><G98/><T132/><D132/><U45/><E75/><V116/><F116/><W4/><G70/><T74/><D74/><U102/><E102/><V26/><F135/><W71/><G71/><T127/><D127/><U109/><E109/><V62/><F125/><W126/><G126/><T107/><D107/><U128/><E128/><V19/><F100/><W89/><G58/><T27/><D49/><U67/><REACH who="1" step="1"/><E83/><REACH who="1" ten="259,284,252,195" step="2"/><V10/><F81/><W104/><G104/><T99/><D27/><U112/><E112/><V79/><F24/><W101/><G101/><N who="0" m="60647" /><D94/><U5/><E5/><AGARI ba="0,1" hai="5,11,14,17,18,76,78,80,82,86,87" m="60647" machi="5" ten="30,1000,0" yaku="8,1" doraHai="106" who="0" fromWho="1" sc="259,20,284,-10,252,0,195,0" />
</Scene>
<Scene>
<INIT seed="4,0,0,1,3,72" ten="279,274,252,195" oya="0" hai0="15,116,78,66,98,41,52,29,48,59,42,114,112" hai1="70,103,88,30,128,96,46,2,81,76,32,86,65" hai2="67,121,28,108,1,101,100,74,77,102,4,109,124" hai3="9,47,133,118,12,106,55,125,19,127,60,16,21"/><T34/><D34/><U36/><E2/><V75/><F121/><W91/><G118/><T0/><D0/><U84/><E128/><V6/><F124/><N who="3" m="47691" /><G133/><T110/><D29/><U31/><E32/><V24/><F67/><W115/><G115/><N who="0" m="44075" /><D116/><U58/><E70/><V122/><F122/><W92/><G106/><T68/><D98/><U93/><E46/><V14/><F1/><W99/><G47/><T105/><D105/><U62/><REACH who="1" step="1"/><E36/><REACH who="1" ten="279,264,252,195" step="2"/><V38/><F38/><W63/><G55/><T35/><D35/><U27/><E27/><AGARI ba="0,1" hai="9,12,16,19,21,27,60,63,91,92,99" m="47691" machi="27" ten="30,2000,0" yaku="18,1,54,1" doraHai="72" who="3" fromWho="1" sc="279,0,264,-20,252,0,195,30" />
</Scene>
<Scene>
<INIT seed="5,0,0,5,3,61" ten="279,244,252,225" oya="1" hai0="101,100,70,3,13,109,82,68,57,46,111,42,115" hai1="18,78,98,119,127,30,31,93,73,107,10,41,88" hai2="35,63,29,65,128,117,80,77,4,69,54,60,62" hai3="79,44,103,133,123,56,45,114,48,116,22,134,104"/><U39/><E119/><V19/><F117/><W26/><G116/><T135/><D3/><U17/><E127/><V72/><F128/><W24/><G123/><T67/><D13/><U130/><E130/><V49/><F4/><W9/><G114/><T7/><D7/><U95/><E107/><V108/><F108/><N who="0" m="41546" /><D82/><U52/><E39/><V53/><F54/><N who="3" m="31815" /><G79/><T21/><D21/><U122/><E41/><V76/><F77/><W28/><G9/><T129/><D129/><U87/><E122/><V113/><F113/><W23/><G103/><T86/><D86/><U8/><E73/><V85/><F72/><W83/><G83/><T1/><D1/><U32/><E78/><V33/><F19/><N who="1" m="7177" /><E32/><V37/><F37/><W16/><G104/><T12/><D12/><U106/><E106/><V15/><F15/><W118/><G118/><T121/><D115/><U90/><E52/><V105/><F105/><W89/><G89/><T84/><D121/><U34/><E34/><V126/><F126/><W66/><G66/><T120/><D120/><U25/><E25/><V96/><F35/><W91/><G91/><T2/><D2/><U58/><E58/><V59/><REACH who="2" step="1"/><F96/><REACH who="2" ten="279,244,242,225" step="2"/><W14/><G14/><T110/><D110/><U6/><E6/><V38/><F38/><W125/><G125/><T55/><D55/><U51/><E10/><V27/><AGARI ba="0,1" hai="27,29,33,49,53,59,60,62,63,65,69,76,80,85" machi="27" ten="30,4000,0" yaku="1,1,0,1,52,1,53,0" doraHai="61" doraHaiUra="92" who="2" fromWho="2" sc="279,-10,244,-20,242,50,225,-10" />
</Scene>
<Scene>
<INIT seed="6,0,0,2,1,70" ten="269,224,292,215" oya="2" hai0="124,81,93,16,104,22,133,98,126,34,120,68,100" hai1="14,85,63,94,44,21,61,125,89,46,35,17,29" hai2="115,41,28,108,86,97,73,75,109,10,107,4,0" hai3="91,8,31,55,122,40,62,37,130,90,117,3,114"/><V59/><F115/><W19/><G122/><T123/><D68/><U119/><E119/><V50/><F28/><W58/><G117/><T87/><D34/><U69/><E125/><N who="0" m="48233" /><D133/><U32/><E32/><V25/><F25/><W128/><G114/><T52/><D104/><U102/><E69/><V9/><F10/><W127/><G127/><T83/><D52/><U1/><E1/><V79/><F86/><W23/><G31/><T118/><D118/><U134/><E134/><V5/><F5/><W95/><G8/><T33/><D33/><U92/><E29/><V72/><F79/><W135/><G3/><T24/><D83/><U129/><E129/><N who="3" m="49770" /><G135/><T42/><D42/><U45/><REACH who="1" step="1"/><E35/><REACH who="1" ten="269,214,292,215" step="2"/><V77/><F0/><W53/><G53/><T101/><D100/><U103/><E103/><V49/><F108/><W20/><G19/><T96/><D98/><AGARI ba="0,1" hai="14,17,21,44,45,46,61,63,85,89,92,94,98,102" machi="98" ten="40,5200,0" yaku="1,1,8,1,53,1" doraHai="70" doraHaiUra="80" who="1" fromWho="0" sc="269,-52,214,62,292,0,215,0" />
</Scene>
<Scene>
<INIT seed="7,0,0,4,5,104" ten="217,276,292,215" oya="3" hai0="11,125,79,69,52,100,78,122,5,85,42,46,12" hai1="83,50,38,14,119,49,97,98,25,101,76,72,105" hai2="37,32,3,18,43,70,114,130,84,115,0,94,29" hai3="88,110,86,133,64,135,16,106,55,90,102,128,131"/><W120/><G110/><T75/><D69/><U21/><E38/><V34/><F70/><W6/><G120/><T9/><D122/><U116/><E14/><V74/><F74/><W107/><G6/><T15/><D125/><U113/><E98/><V2/><F18/><W1/><G1/><T40/><D100/><U17/><E113/><N who="2" m="43019" /><F130/><N who="3" m="49707" /><G64/><T111/><D75/><U19/><E19/><V44/><F29/><W39/><G39/><T89/><D111/><U73/><E73/><V8/><F8/><W77/><G55/><T123/><D123/><U93/><E105/><N who="3" m="39946" /><G102/><T99/><D99/><U65/><E65/><V23/><F23/><W51/><G51/><N who="0" m="28791" /><D42/><U35/><E35/><V47/><F44/><W4/><G4/><N who="0" m="3111" /><D40/><U67/><E67/><V59/><F59/><W124/><G124/><T61/><D61/><U53/><E53/><V87/><F84/><W60/><G60/><T62/><D62/><U58/><E58/><V82/><F94/><AGARI ba="0,0" hai="5,11,15,78,79,85,89,94" m="3111,28791" machi="94" ten="30,2000,0" yaku="8,1,54,1" doraHai="104" who="0" fromWho="2" sc="217,20,276,0,292,-20,215,0" />
</Scene>
<Scene>
<INIT seed="8,0,0,1,3,79" ten="237,276,272,215" oya="0" hai0="100,65,1,40,99,92,28,69,129,134,53,66,24" hai1="89,84,91,125,95,20,93,13,68,49,114,16,38" hai2="14,111,117,61,48,7,51,85,33,101,43,45,42" hai3="67,126,135,122,131,87,29,116,128,97,112,132,74"/><T32/><D1/><U52/><E38/><V11/><F111/><W72/><G29/><T30/><D30/><U82/><E125/><V39/><F33/><W36/><G67/><T25/><D25/><U81/><E68/><V73/><F73/><W120/><G36/><T41/><D129/><N who="3" m="49737" /><G116/><T54/><D134/><N who="3" m="51241" /><G112/><T110/><D110/><U15/><E15/><V44/><F117/><W109/><G109/><T50/><D54/><U124/><E124/><V88/><F101/><W62/><G62/><T90/><D90/><U71/><E71/><V31/><F31/><W5/><G5/><T86/><D86/><N who="1" m="50639" /><E114/><V94/><F61/><W133/><N who="3" m="51249" /><W23/><DORA hai="130" /><G23/><T17/><D17/><U3/><E3/><V83/><F94/><W123/><G126/><T70/><D70/><U76/><E76/><V115/><F115/><W105/><G87/><T56/><REACH who="0" step="1"/><D69/><REACH who="0" ten="227,276,272,215" step="2"/><U58/><AGARI ba="0,1" hai="13,16,20,49,52,58,82,84,89,93,95" m="50639" machi="58" ten="30,8000,1" yaku="8,1,52,2,54,2" doraHai="79,130" who="1" fromWho="1" sc="227,-40,276,90,272,-20,215,-20" owari="187,-31.0,366,46.0,252,5.0,195,-20.0" />
</Scene>
</mjloggm>