<mjloggm ver="2.3"><GO type="169"/><UN n0="%E6%B8%B8%E9%80%81" n1="%E6%94%AF%E5%80%89%E6%9B%9C%E5%AD%90" n2="%41%53%41%50%49%4E" n3="%E9%81%8A%E8%B5%B0" dan="17,16,18,17" rate="2139,2010,2230,2178" sx="F,F,M,F"/><TAIKYOKU oya="0"/>

<Scene>
<INIT seed="0,0,0,5,4,96" ten="250,250,250,250" oya="0" hai0="83,119,109,27,101,88,124,18,46,130,79,8,75" hai1="111,71,43,62,102,82,33,113,132,104,74,70,97" hai2="49,44,125,25,28,93,57,85,89,122,3,53,65" hai3="106,91,13,9,81,115,60,29,7,45,20,77,17"/><T99/><D124/><U26/><E111/><V5/><F125/><W76/><G106/><T12/><D130/><U78/><E113/><V6/><F122/><W55/><G115/><T31/><D109/><U134/><E43/><V2/><F2/><W126/><G126/><T114/><D114/><U105/><E105/><V117/><F117/><W69/><G29/><T32/><D119/><U10/><E10/><V121/><F121/><W86/><G69/><N who="1" m="26122" /><E62/><V50/><F3/><W108/><G108/><T41/><D88/><U52/><E52/><V120/><F120/><W80/><G80/><T112/><D112/><U56/><E56/><V54/><REACH who="2" step="1"/><F65/><REACH who="2" ten="250,250,240,250" step="2"/><W35/><G35/><AGARI ba="0,1" hai="5,6,25,28,35,44,49,50,53,54,57,85,89,93" machi="35" ten="30,3900,0" yaku="1,1,2,1,7,1,53,0" doraHai="96" doraHaiUra="58" who="2" fromWho="3" sc="250,0,250,0,240,49,250,-39" />
</Scene>
<Scene>
<INIT seed="1,0,0,1,3,27" ten="250,250,289,211" oya="1" hai0="39,78,46,86,98,116,41,50,16,2,102,33,69" hai1="110,1,108,64,122,60,18,26,87,132,48,6,68" hai2="38,96,89,107,28,20,0,37,22,36,72,21,29" hai3="124,109,79,114,95,121,32,126,115,65,88,34,74"/><U104/><E122/><V120/><F120/><W24/><G65/><T25/><D116/><U83/><E104/><V71/><F71/><W9/><G121/><T84/><D69/><U19/><E132/><V125/><F0/><W11/><G109/><N who="1" m="42090" /><E48/><V52/><F72/><W127/><G79/><T51/><D2/><U31/><E6/><V44/><F125/><N who="3" m="32003" /><W10/><DORA hai="133" /><G74/><T77/><D77/><N who="1" m="46575" /><E1/><V40/><F52/><W91/><G24/><T111/><D111/><U81/><E81/><V14/><F14/><W100/><G100/><T103/><D103/><U106/><E106/><V57/><F107/><W17/><G17/><T30/><D78/><U23/><AGARI ba="0,0" hai="18,19,23,26,31,60,64,68" m="46575,42090" machi="23" ten="30,6000,0" yaku="14,1,10,1,52,1" doraHai="27,133" who="1" fromWho="1" sc="250,-20,250,60,289,-20,211,-20" />
</Scene>
<Scene>
<INIT seed="1,1,0,2,0,93" ten="230,310,269,191" oya="1" hai0="69,101,79,2,118,71,121,7,12,54,18,108,58" hai1="110,133,88,126,106,30,102,83,1,127,74,10,48" hai2="111,21,61,130,43,70,87,122,39,97,59,13,56" hai3="3,53,117,103,120,76,55,134,92,51,116,68,107"/><U17/><E30/><V33/><F122/><W50/><G120/><T123/><D118/><N who="3" m="45673" /><G107/><T109/><D79/><U66/><E66/><V115/><F33/><W22/><G3/><T78/><D78/><U26/><E74/><V132/><F111/><N who="0" m="42570" /><D7/><U24/><E110/><V23/><F132/><W34/><G34/><T119/><D2/><U25/><E133/><V62/><F130/><W42/><G134/><T19/><D19/><U32/><E48/><N who="3" m="18474" /><G42/><T125/><D119/><U82/><E32/><V41/><F115/><W65/><G76/><T91/><D69/><U80/><E1/><V36/><F70/><W5/><G5/><T124/><D71/><U85/><E10/><V16/><F43/><W29/><G68/><T67/><D123/><U6/><E17/><V129/><F41/><W112/><G112/><T73/><D121/><U8/><E8/><V9/><F9/><W52/><G65/><T72/><D67/><U135/><E6/><V46/><F36/><W98/><G22/><T27/><D124/><N who="1" m="47659" /><E135/><V47/><F39/><W94/><G94/><T40/><D125/><U86/><E86/><V49/><F87/><W38/><G38/><T75/><D75/><U105/><E105/><V63/><F23/><W81/><G29/><T14/><D73/><U11/><E11/><V99/><F21/><W44/><G81/><T20/><D72/><U0/><E0/><V45/><F16/><W128/><G128/><T64/><D18/><U60/><E60/><V15/><F129/><W95/><G95/><T37/><D64/><U4/><E4/><V96/><F49/><AGARI ba="1,0" hai="44,49,52,53,55,92,98,103" m="18474,45673" machi="49" ten="30,7700,0" yaku="6,1,12,1,52,1,54,1" doraHai="93" who="3" fromWho="2" sc="230,0,310,0,269,-80,191,80" />
</Scene>
<Scene>
<INIT seed="2,0,0,3,4,52" ten="230,310,189,271" oya="2" hai0="57,124,110,93,38,11,54,53,101,83,109,23,125" hai1="76,5,117,43,70,121,116,19,4,128,82,46,30" hai2="134,87,28,25,13,103,45,88,133,48,91,77,14" hai3="90,31,127,95,69,51,56,15,119,41,100,79,6"/><V64/><F103/><W106/><G119/><T68/><D68/><U63/><E121/><V20/><F64/><W35/><G69/><T39/><D83/><U0/><E128/><V102/><F102/><W89/><G106/><T10/><D23/><U129/><E129/><V105/><F105/><W115/><G115/><T111/><D101/><U71/><E19/><V98/><F77/><W21/><G35/><T84/><D84/><U131/><E30/><V1/><F1/><W8/><G127/><N who="0" m="48715" /><D93/><U104/><E104/><V16/><F98/><N who="3" m="59487" /><G79/><T34/><D34/><U9/><E76/><V33/><F13/><W85/><G85/><T74/><D74/><U12/><E0/><V40/><REACH who="2" step="1"/><F87/><REACH who="2" ten="230,310,179,271" step="2"/><W60/><G90/><AGARI ba="0,1" hai="14,16,20,25,28,33,40,45,48,88,90,91,133,134" machi="90" ten="40,12000,1" yaku="1,1,2,1,54,2,53,0" doraHai="52" doraHaiUra="108" who="2" fromWho="3" sc="230,0,310,0,179,130,271,-120" />
</Scene>
<Scene>
<INIT seed="2,1,0,3,0,127" ten="230,310,309,151" oya="2" hai0="106,47,58,7,6,29,88,52,130,71,100,27,92" hai1="16,49,68,99,74,30,128,124,37,134,96,66,23" hai2="86,133,104,44,72,109,41,34,19,18,63,36,53" hai3="35,73,28,116,119,76,107,67,122,132,5,10,20"/><V70/><F72/><W0/><G122/><T120/><D120/><U102/><E37/><V62/><F104/><W113/><G132/><T42/><D71/><U59/><E74/><V89/><F34/><W3/><G67/><T123/><D100/><U103/><E68/><V4/><F133/><W69/><G69/><T2/><D106/><U14/><E134/><V54/><F109/><W94/><G94/><T64/><D64/><U31/><E124/><V57/><F4/><W1/><G107/><T85/><D123/><U75/><E75/><V135/><F135/><W12/><G76/><T21/><D2/><N who="3" m="1129" /><G73/><T95/><D95/><U48/><E66/><V13/><F70/><W61/><G61/><T97/><D85/><U110/><E59/><V81/><F13/><W115/><N who="3" m="1137" /><W60/><DORA hai="98" /><G60/><T56/><D56/><AGARI ba="1,0" hai="18,19,36,41,44,53,54,56,57,62,63,81,86,89" machi="56" ten="40,2000,0" yaku="9,1" doraHai="127,98" who="2" fromWho="0" sc="230,-23,310,0,309,23,151,0" />
</Scene>
<Scene>
<INIT seed="2,2,0,1,3,5" ten="207,310,332,151" oya="2" hai0="103,66,104,133,94,131,34,61,92,70,56,7,59" hai1="55,78,88,112,28,75,77,3,16,64,123,126,120" hai2="30,115,97,0,90,11,111,21,73,99,51,50,2" hai3="105,47,113,19,10,129,134,57,41,124,101,102,67"/><V37/><F115/><W18/><G113/><T108/><D108/><U45/><E3/><V109/><F37/><W29/><G129/><T27/><D133/><U12/><E112/><V95/><F73/><W118/><G118/><T121/><D121/><N who="1" m="46667" /><E28/><V20/><F30/><W72/><G72/><T119/><D131/><U85/><E64/><V86/><F86/><W76/><G76/><T63/><D119/><U25/><E25/><V35/><F35/><W100/><G105/><T127/><D127/><U38/><E75/><V15/><F97/><W71/><G71/><T54/><D34/><U33/><E33/><V135/><F135/><W84/><G134/><T96/><D27/><U6/><E6/><N who="2" m="3575" /><F0/><W46/><G124/><T26/><D26/><U82/><E126/><V9/><F21/><W117/><G117/><T1/><REACH who="0" step="1"/><D70/><REACH who="0" ten="197,310,332,151" step="2"/><U110/><E110/><N who="2" m="41995" /><F20/><W40/><G29/><T122/><D122/><U106/><E106/><V125/><F125/><W39/><G10/><AGARI ba="2,1" hai="1,7,10,54,56,59,61,63,66,92,94,96,103,104" machi="10" ten="40,5200,0" yaku="1,1,52,1,53,1" doraHai="5" doraHaiUra="62" who="0" fromWho="3" sc="197,68,310,0,332,0,151,-58" />
</Scene>
<Scene>
<INIT seed="3,0,0,1,5,46" ten="265,310,332,93" oya="3" hai0="120,110,43,17,71,103,95,111,121,27,45,37,98" hai1="12,91,88,80,65,48,134,74,92,87,131,11,2" hai2="72,39,93,0,130,50,135,113,73,26,109,105,85" hai3="19,53,14,61,79,6,82,84,56,115,86,106,20"/><W76/><G115/><T107/><D71/><U83/><E131/><V8/><F39/><W41/><G106/><T18/><D107/><U57/><E134/><V102/><F113/><W96/><G96/><T66/><D66/><U7/><E2/><V49/><F105/><W64/><G41/><T5/><D5/><U124/><E124/><V132/><F130/><W68/><G6/><T54/><D54/><N who="1" m="31943" /><E74/><N who="2" m="28779" /><F109/><N who="0" m="41482" /><D27/><U100/><E65/><V42/><F42/><W31/><G31/><T10/><D10/><U30/><E30/><V89/><F102/><W133/><G133/><N who="2" m="51273" /><F26/><W70/><REACH who="3" step="1"/><G64/><REACH who="3" ten="265,310,332,83" step="2"/><T23/><D43/><U59/><E100/><V32/><F32/><W114/><G114/><T129/><D103/><U77/><E7/><AGARI ba="0,1" hai="0,7,8,49,50,85,89,93" m="51273,28779" machi="7" ten="30,3900,0" yaku="20,1,52,2" doraHai="46" who="2" fromWho="1" sc="265,0,310,-39,332,49,83,0" />
</Scene>
<Scene>
<INIT seed="4,0,0,4,3,131" ten="265,271,381,83" oya="0" hai0="128,104,102,125,16,61,97,107,122,3,64,36,60" hai1="75,4,85,72,38,26,89,59,21,15,123,54,69" hai2="11,80,82,83,84,105,5,77,55,92,67,116,52" hai3="124,119,74,57,17,2,53,29,35,91,58,0,24"/><T73/><D128/><U98/><E69/><V114/><F105/><W9/><G119/><T19/><D125/><U106/><E38/><V121/><F121/><W99/><G74/><T127/><D127/><U48/><E123/><V43/><F116/><W12/><G124/><T18/><D122/><U32/><E32/><V120/><F120/><W78/><G58/><T56/><D3/><U50/><E50/><V44/><F114/><W113/><G113/><T94/><D73/><U62/><E48/><N who="2" m="26655" /><F67/><W41/><G41/><T118/><D118/><U103/><E4/><V108/><F108/><W81/><G99/><T100/><D36/><U101/><E15/><N who="2" m="5615" /><F92/><W86/><REACH who="3" step="1"/><G78/><REACH who="3" ten="265,271,381,73" step="2"/><T45/><D45/><U115/><E115/><V51/><F55/><W20/><G20/><T30/><D56/><AGARI ba="0,1" hai="51,52,56,77,80,82,83,84" m="5615,26655" machi="56" ten="30,3900,0" yaku="25,1,8,1,54,1" doraHai="131" who="2" fromWho="0" sc="265,-39,271,0,381,49,73,0" />
</Scene>
<Scene>
<INIT seed="5,0,0,1,0,7" ten="226,271,430,73" oya="1" hai0="126,130,78,101,108,70,135,129,12,120,73,31,118" hai1="1,39,27,106,29,53,105,14,52,84,46,98,15" hai2="65,83,20,90,134,61,121,62,66,109,5,69,58" hai3="32,128,86,117,2,22,28,116,18,48,64,119,80"/><U81/><E1/><V124/><F121/><W25/><G64/><T6/><D70/><U115/><E115/><V54/><F109/><W47/><G2/><T56/><D108/><U59/><E106/><V57/><F134/><W36/><G36/><T11/><D118/><U17/><E15/><V75/><F124/><W51/><G128/><N who="0" m="49259" /><D126/><U132/><E132/><V88/><F5/><W16/><G32/><T89/><D135/><U100/><E39/><V35/><F35/><W91/><REACH who="3" step="1"/><G51/><REACH who="3" ten="226,271,430,63" step="2"/><T55/><D120/><U49/><E49/><V123/><F65/><W114/><G114/><T43/><D43/><AGARI ba="0,1" hai="16,18,22,25,28,43,47,48,80,86,91,116,117,119" machi="43" ten="40,5200,0" yaku="1,1,12,1,54,1,53,0" doraHai="7" doraHaiUra="102" who="3" fromWho="0" sc="226,-52,271,0,430,0,63,62" />
</Scene>
<Scene>
<INIT seed="6,0,0,2,0,123" ten="174,271,430,125" oya="2" hai0="57,47,72,54,134,71,13,38,70,33,0,79,42" hai1="88,133,59,61,31,118,24,85,25,77,65,121,8" hai2="125,75,127,104,10,101,26,90,87,110,11,45,81" hai3="111,6,106,131,63,4,50,126,130,94,40,73,36"/><V32/><F75/><W132/><G106/><T86/><D0/><U109/><E118/><V21/><F32/><W67/><G73/><T16/><D134/><U66/><E133/><V58/><F110/><W98/><G132/><T19/><D33/><U113/><E109/><V120/><F120/><W5/><G111/><T1/><D1/><U3/><E121/><V2/><F2/><W89/><G36/><T95/><D72/><U83/><E113/><V27/><F27/><W52/><G40/><T29/><D29/><U35/><E25/><V91/><F101/><W14/><G126/><T84/><D84/><U108/><E108/><V93/><F104/><W56/><REACH who="3" step="1"/><G14/><REACH who="3" ten="174,271,430,115" step="2"/><T122/><D122/><U51/><E3/><V105/><F105/><W128/><G128/><T44/><D44/><AGARI ba="0,1" hai="4,5,6,44,50,52,56,63,67,89,94,98,130,131" machi="44" ten="40,5200,0" yaku="1,1,54,1,53,1" doraHai="123" doraHaiUra="43" who="3" fromWho="0" sc="174,-52,271,0,430,0,115,62" />
</Scene>
<Scene>
<INIT seed="7,0,0,1,5,71" ten="122,271,430,177" oya="3" hai0="40,18,67,17,88,35,90,52,15,108,84,77,12" hai1="24,4,92,119,21,99,95,103,13,86,44,104,75" hai2="66,36,81,94,50,89,1,74,112,101,69,130,23" hai3="85,2,109,73,72,61,46,30,87,105,0,131,55"/><W110/><G105/><T31/><D108/><N who="3" m="41577" /><G131/><T32/><D67/><U111/><E75/><N who="3" m="28746" /><G30/><T126/><D126/><U120/><E111/><V114/><F74/><W79/><G79/><T37/><D77/><U28/><E120/><V97/><F130/><W9/><G9/><T34/><D31/><U38/><E119/><V57/><F114/><W121/><G121/><T118/><D118/><U51/><E86/><N who="3" m="32778" /><G61/><T26/><D26/><U63/><E63/><V113/><F112/><W39/><G55/><T70/><D70/><U80/><E28/><V132/><F69/><W53/><G53/><T58/><D15/><U124/><E13/><V56/><F113/><W135/><G135/><T123/><D123/><U41/><E104/><V68/><F132/><W127/><G127/><T5/><D5/><U102/><E124/><V42/><F68/><W106/><G106/><T128/><D128/><U16/><E4/><V47/><F66/><W54/><G54/><T129/><D129/><U22/><E22/><V45/><F23/><W96/><G96/><T107/><D107/><U65/><E65/><V27/><F97/><W122/><G122/><T11/><D18/><U49/><E99/><V8/><F8/><W3/><G46/><T62/><REACH who="0" step="1"/><D84/><REACH who="0" ten="112,271,430,177" step="2"/><U117/><E16/><V60/><F60/><W64/><G64/><T19/><D19/><U59/><E24/><V20/><F45/><AGARI ba="0,1" hai="11,12,17,32,34,35,37,40,45,52,58,62,88,90" machi="45" ten="40,12000,2" yaku="1,1,52,1,54,2,53,3" doraHai="71" doraHaiUra="29" who="0" fromWho="2" sc="112,130,271,0,430,-120,177,0" owari="242,-16.0,271,7.0,310,41.0,177,-32.0" />
</Scene>
</mjloggm>