<mjloggm ver="2.3"><GO type="169" lobby="0"/><UN n0="%E3%83%88%E3%82%B7%E3%83%95%E3%83%BC%E3%83%8B" n1="%41%53%41%50%49%4E" n2="%E3%83%A1%E3%83%81%E3%83%AB%E3%82%B0%E3%83%AA%E3%83%BC%E3%83%B3" n3="%E3%83%AD%E3%83%AA%E3%83%BC%E3%82%BF%E3%81%AA%E7%84%BC%E8%82%89" dan="16,19,16,18" rate="2063.71,2283.59,2066.34,2177.63" sx="M,M,M,F"/><TAIKYOKU oya="0"/>

<Scene>
<INIT seed="0,0,0,0,1,87" ten="250,250,250,250" oya="0" hai0="61,117,6,56,115,66,97,133,12,77,46,23,65" hai1="54,36,11,82,78,118,20,52,1,39,103,105,44" hai2="0,86,84,132,85,121,41,5,70,9,126,114,2" hai3="96,89,34,26,22,108,120,119,43,93,134,64,8"/><T101/><D117/><U55/><E118/><V100/><F121/><W53/><G120/><T30/><D115/><U94/><E105/><V109/><F114/><W29/><G119/><T3/><D133/><U32/><E32/><V135/><F70/><W59/><G134/><N who="2" m="51241" /><F109/><W48/><G108/><T38/><D77/><U74/><E44/><V106/><F126/><W35/><G43/><T37/><D66/><U92/><E20/><V62/><F62/><W24/><G64/><T17/><D46/><U95/><REACH who="1" step="1"/><E103/><REACH who="1" ten="250,240,250,250" step="2"/><V47/><F100/><W124/><G124/><T90/><D101/><U4/><AGARI ba="0,1" hai="1,4,11,36,39,52,54,55,74,78,82,92,94,95" machi="4" ten="40,12000,2" yaku="1,1,2,1,0,1,54,1,53,2" doraHai="87" doraHaiUra="71" who="1" fromWho="1" sc="250,-60,240,130,250,-30,250,-30" />
</Scene>
<Scene>
<INIT seed="1,0,0,1,0,67" ten="190,370,220,220" oya="1" hai0="22,39,92,103,120,51,106,81,131,62,29,97,70" hai1="24,122,40,109,1,32,33,6,129,12,82,35,63" hai2="17,132,72,101,20,85,90,42,13,111,44,117,52" hai3="124,114,127,100,134,108,115,130,14,88,102,47,8"/><U25/><E122/><V86/><F72/><W18/><G108/><T93/><D120/><U98/><E1/><V30/><F117/><W118/><G118/><T49/><D131/><U36/><E129/><V48/><F111/><W112/><G134/><T105/><D39/><U59/><E109/><V57/><F132/><W46/><G130/><T113/><D113/><U107/><E82/><V89/><F101/><W38/><G38/><T65/><D81/><U74/><E74/><V19/><F30/><W135/><G135/><T76/><D76/><U128/><E128/><V84/><REACH who="2" step="1"/><F17/><REACH who="2" ten="190,370,210,220" step="2"/><W80/><G102/><T11/><D105/><U56/><E107/><V54/><F54/><W3/><G100/><T73/><D73/><U99/><E35/><V50/><AGARI ba="0,1" hai="13,19,20,42,44,48,50,52,57,84,85,86,89,90" machi="50" ten="30,7900,0" yaku="1,1,0,1,8,1,54,1,53,0" doraHai="67" doraHaiUra="0" who="2" fromWho="2" sc="190,-20,370,-39,210,89,220,-20" />
</Scene>
<Scene>
<INIT seed="2,0,0,4,1,112" ten="170,331,299,200" oya="2" hai0="33,8,38,57,21,73,32,56,125,114,41,62,60" hai1="122,46,35,58,51,67,15,23,4,9,44,18,100" hai2="10,64,89,111,52,88,36,90,120,104,55,103,107" hai3="108,76,95,11,3,70,124,109,29,130,121,0,105"/><V61/><F120/><W6/><G105/><T45/><D114/><U48/><E122/><V129/><F36/><W50/><G70/><T13/><D73/><U126/><E35/><V131/><F10/><W26/><G76/><T39/><D125/><U42/><E126/><V116/><F116/><W24/><G124/><T118/><D21/><U71/><E71/><V102/><F111/><N who="3" m="42571" /><G121/><T93/><D39/><U28/><E100/><N who="2" m="38443" /><F107/><W98/><G130/><N who="2" m="49673" /><F104/><W34/><G50/><T128/><D128/><U68/><E68/><AGARI ba="0,0" hai="52,55,61,64,68,88,89,90" m="49673,38443" machi="68" ten="30,5800,0" yaku="19,1,54,2" doraHai="112" who="2" fromWho="1" sc="170,0,331,-58,299,58,200,0" />
</Scene>
<Scene>
<INIT seed="2,1,0,3,0,17" ten="170,273,357,200" oya="2" hai0="79,73,83,71,9,76,64,113,36,51,105,97,24" hai1="52,28,5,31,128,3,120,72,19,10,121,40,126" hai2="2,11,32,66,84,110,44,15,4,43,62,21,45" hai3="41,38,47,49,119,0,75,129,134,29,118,58,67"/><V30/><F110/><W6/><G134/><T127/><D36/><U130/><E72/><V92/><F32/><W132/><G132/><T16/><D113/><U25/><E40/><V111/><F111/><W131/><G75/><T55/><D79/><U87/><E87/><V35/><F35/><W50/><G29/><N who="1" m="11338" /><E52/><V80/><F92/><W54/><G6/><T56/><D127/><U106/><E106/><V68/><F43/><W42/><G0/><T74/><D74/><U90/><E90/><V102/><F102/><W70/><G41/><T13/><D71/><U95/><E95/><V23/><F30/><W94/><G94/><T37/><D37/><U133/><E133/><V1/><F1/><W88/><G88/><T117/><D117/><N who="3" m="44553" /><G50/><T27/><REACH who="0" step="1"/><D64/><REACH who="0" ten="160,273,357,200" step="2"/><U101/><E126/><V89/><REACH who="2" step="1"/><F2/><REACH who="2" ten="160,273,347,200" step="2"/><W116/><G116/><T33/><D33/><U34/><E34/><V53/><F53/><W82/><G82/><T39/><D39/><U100/><E100/><AGARI ba="1,2" hai="9,13,16,24,27,51,55,56,73,76,83,97,100,105" machi="100" ten="40,5200,0" yaku="1,1,54,1,53,1" doraHai="17" doraHaiUra="98" who="0" fromWho="1" sc="160,75,273,-55,347,0,200,0" />
</Scene>
<Scene>
<INIT seed="3,0,0,2,1,57" ten="235,218,347,200" oya="3" hai0="56,35,9,72,34,120,135,32,23,8,26,36,0" hai1="75,11,38,50,66,7,86,85,84,4,41,121,10" hai2="43,123,124,122,31,51,70,125,101,17,47,79,28" hai3="69,107,82,97,94,80,55,68,131,25,100,111,90"/><W45/><G131/><T110/><D36/><U1/><E121/><N who="2" m="46091" /><F70/><W30/><G111/><T21/><D72/><U63/><E75/><V116/><F116/><W126/><G126/><N who="2" m="48745" /><F101/><W119/><G119/><T112/><D120/><U132/><E132/><V53/><F79/><W46/><G68/><T48/><D135/><U12/><E38/><N who="2" m="22007" /><F17/><W18/><G69/><T113/><D110/><U105/><E105/><V77/><F77/><W83/><G18/><T106/><D106/><U19/><E19/><V6/><F6/><W98/><REACH who="3" step="1"/><G55/><REACH who="3" ten="235,218,347,190" step="2"/><N who="0" m="31847" /><D112/><U81/><E7/><V62/><F28/><W104/><G104/><T39/><D113/><U16/><E16/><V92/><F31/><W44/><G44/><T129/><D129/><U127/><E127/><V74/><F53/><W5/><G5/><T71/><D71/><U89/><E4/><V117/><F117/><W2/><G2/><T33/><D0/><U27/><E1/><V95/><F74/><W99/><G99/><T52/><D52/><U118/><E118/><V20/><F20/><AGARI ba="0,1" hai="20,25,30,45,46,80,82,83,90,94,97,98,100,107" machi="20" ten="40,2000,0" yaku="1,1,53,0" doraHai="57" doraHaiUra="60" who="3" fromWho="2" sc="235,0,218,0,347,-20,190,30" />
</Scene>
<Scene>
<INIT seed="3,1,0,3,0,120" ten="235,218,327,220" oya="3" hai0="110,106,119,115,132,45,49,88,58,48,53,126,118" hai1="73,84,13,74,89,18,95,102,75,94,77,130,0" hai2="135,103,128,86,93,32,44,79,26,124,12,101,123" hai3="90,28,38,37,81,50,87,82,35,104,34,31,30"/><W14/><G104/><T19/><D106/><U8/><E130/><V133/><F123/><W76/><G50/><T5/><D5/><U29/><E0/><V85/><F44/><W113/><G113/><T46/><D115/><U66/><E66/><V125/><F12/><W47/><G14/><T9/><D126/><N who="2" m="48746" /><F26/><W96/><G96/><T54/><D132/><N who="2" m="50762" /><F32/><W24/><G47/><T68/><D19/><U10/><E10/><V27/><F27/><W122/><G122/><T116/><D9/><U42/><E42/><V11/><F11/><W134/><G134/><T39/><D88/><U21/><E29/><V131/><F93/><W98/><G24/><T80/><D80/><U52/><E8/><V16/><F16/><W55/><G55/><T4/><D4/><U25/><E25/><V72/><F72/><N who="3" m="43143" /><G35/><T56/><D68/><U114/><E114/><V63/><F63/><W70/><G34/><T3/><D3/><U64/><E52/><V67/><F67/><W105/><G70/><T36/><D119/><U23/><E64/><V117/><F117/><W33/><G33/><T111/><AGARI ba="1,0" hai="36,39,45,46,48,49,53,54,56,58,110,111,116,118" machi="111" ten="25,16000,3" yaku="0,1,22,2,34,3,52,2" doraHai="120" who="0" fromWho="0" sc="235,163,218,-41,327,-41,220,-81" />
</Scene>
<Scene>
<INIT seed="4,0,0,5,2,36" ten="398,177,286,139" oya="0" hai0="55,82,40,79,10,121,57,24,102,119,26,134,105" hai1="7,68,97,80,116,128,61,77,42,92,22,117,74" hai2="29,87,14,96,101,98,88,104,75,100,50,93,17" hai3="130,64,19,118,132,108,49,124,21,32,120,71,48"/><T106/><D121/><U65/><E128/><V62/><F75/><W18/><G32/><T11/><D119/><U73/><E73/><V99/><F29/><W0/><G0/><T4/><D134/><U112/><E112/><V78/><F78/><W54/><G118/><T3/><D11/><U83/><E83/><V39/><F39/><W1/><G1/><T52/><D55/><U28/><E7/><V76/><F76/><W135/><G120/><T129/><D129/><U23/><E23/><V8/><F62/><N who="3" m="40343" /><G108/><T12/><D3/><U53/><E53/><V60/><F60/><W66/><G19/><T90/><D90/><U34/><E34/><V2/><F2/><W51/><G18/><T41/><D106/><U95/><E95/><V86/><F50/><N who="3" m="19563" /><G21/><T6/><D105/><AGARI ba="0,0" hai="8,14,17,86,87,88,93,96,98,99,100,101,104,105" machi="105" ten="30,3900,0" yaku="7,1,9,1,54,1" doraHai="36" who="2" fromWho="0" sc="398,-39,177,0,286,39,139,0" />
</Scene>
<Scene>
<INIT seed="5,0,0,0,1,59" ten="359,177,325,139" oya="1" hai0="6,116,109,87,32,55,125,48,43,118,71,96,54" hai1="89,120,24,135,40,91,81,85,94,56,67,58,95" hai2="13,106,79,0,12,69,1,36,108,60,93,112,132" hai3="9,111,121,61,30,37,7,52,102,34,70,124,100"/><U74/><E120/><V90/><F106/><W113/><G121/><T80/><D32/><U128/><E128/><V72/><F108/><W42/><G111/><T104/><D109/><U17/><E135/><V76/><F36/><W122/><G122/><T86/><D71/><U20/><E40/><V11/><F132/><W44/><G113/><T45/><D125/><U46/><E46/><V53/><F112/><W63/><G124/><T5/><D118/><U117/><E117/><V19/><F12/><W129/><G129/><T57/><D54/><U115/><E115/><V107/><F107/><W50/><G30/><T14/><D116/><U3/><E3/><V23/><F11/><W41/><G34/><T130/><D130/><U114/><E114/><V126/><F126/><W101/><G70/><T29/><D29/><U22/><E67/><V127/><F127/><W133/><G133/><T99/><D104/><U62/><E62/><N who="3" m="23562" /><G37/><T33/><D33/><U28/><E74/><V64/><F53/><W10/><G7/><T4/><D14/><N who="1" m="9271" /><E81/><V110/><F110/><W21/><G21/><T103/><D80/><U39/><E39/><V66/><F66/><W98/><G98/><AGARI ba="0,0" hai="22,24,28,56,58,85,89,91,94,95,98" m="9271" machi="98" ten="30,1500,0" yaku="8,1" doraHai="59" who="1" fromWho="3" sc="359,0,177,15,325,0,139,-15" />
</Scene>
<Scene>
<INIT seed="5,1,0,1,4,32" ten="359,192,325,124" oya="1" hai0="84,20,5,106,131,63,116,133,28,59,0,103,89" hai1="25,4,39,66,21,113,7,90,124,55,49,18,42" hai2="48,54,96,12,135,31,127,10,132,72,13,3,26" hai3="120,99,34,119,23,47,94,93,27,75,95,121,37"/><U92/><E113/><V15/><F72/><W38/><G75/><T30/><D116/><U128/><E128/><V58/><F127/><W62/><G34/><T107/><D131/><U35/><E124/><V22/><REACH who="2" step="1"/><F96/><REACH who="2" ten="359,192,315,124" step="2"/><W73/><G99/><T111/><D111/><U43/><E39/><V40/><F40/><W61/><G38/><T11/><D133/><U70/><E42/><V97/><F97/><W134/><G73/><T102/><D107/><U82/><E43/><V91/><F91/><W85/><G37/><T109/><D106/><U80/><E90/><V44/><F44/><W1/><G134/><T78/><D109/><U126/><E126/><V101/><F101/><W9/><G119/><T130/><D103/><U41/><E41/><V129/><F129/><W53/><G121/><T50/><D102/><U125/><E125/><V57/><F57/><W110/><G120/><T118/><D59/><U69/><E69/><V83/><F83/><W64/><G110/><T65/><D89/><U87/><E82/><V115/><F115/><W112/><G112/><T122/><D130/><U36/><E80/><V104/><F104/><W105/><G105/><T19/><D122/><U86/><E36/><V81/><F81/><W76/><G76/><T52/><D78/><U17/><E70/><V117/><F117/><W123/><G123/><T2/><D118/><U51/><E92/><N who="3" m="23554" /><W98/><DORA hai="33" /><G85/><T71/><D84/><U8/><E86/><V88/><F88/><W68/><G98/><T14/><D71/><U24/><E87/><V108/><F108/><W45/><G68/><RYUUKYOKU ba="1,1" sc="359,-10,192,-10,315,30,124,-10" hai2="3,10,12,13,15,22,26,31,48,54,58,132,135" />
</Scene>
<Scene>
<INIT seed="6,2,1,0,0,15" ten="349,182,345,114" oya="2" hai0="89,73,105,96,13,57,5,64,119,2,85,135,76" hai1="134,8,103,111,78,23,18,32,16,133,9,112,59" hai2="102,63,12,56,120,54,28,25,68,31,118,17,69" hai3="65,122,14,79,125,101,99,20,117,84,41,44,29"/><V71/><F120/><W108/><G122/><T128/><D2/><U36/><E36/><V104/><F118/><W45/><G117/><T39/><D119/><U33/><E103/><V130/><F130/><W86/><G108/><T88/><D128/><U87/><E111/><V46/><F46/><W113/><G113/><T55/><D39/><U50/><E112/><V94/><F104/><W34/><G125/><T106/><D64/><U30/><E78/><V24/><F102/><W21/><G65/><T26/><D135/><N who="1" m="51723" /><E87/><V62/><F94/><W114/><G114/><T38/><D38/><U109/><E109/><V19/><F63/><W48/><G34/><N who="1" m="13418" /><E50/><V60/><F60/><W67/><G67/><T49/><D73/><U98/><E98/><V124/><F124/><W61/><G61/><T121/><D121/><U52/><E52/><V92/><F92/><N who="3" m="58599" /><G79/><T51/><D76/><U7/><E59/><V80/><F80/><W72/><G72/><T129/><D96/><U58/><E58/><V75/><F75/><W66/><G66/><T53/><D57/><U110/><E110/><V81/><F81/><W93/><G93/><T4/><D85/><U43/><E43/><V1/><F56/><W35/><G45/><T131/><D129/><U6/><E6/><V100/><F68/><W74/><G74/><T123/><D131/><U0/><E8/><V27/><F69/><W107/><G107/><T40/><D123/><U126/><E126/><V132/><F71/><W70/><G70/><T97/><D106/><U37/><E37/><V95/><F132/><W91/><G41/><RYUUKYOKU ba="2,1" sc="349,-10,182,30,345,-10,114,-10" hai1="0,7,9,16,18,23,30" />
</Scene>
<Scene>
<INIT seed="7,3,1,4,1,27" ten="339,212,335,104" oya="3" hai0="128,4,74,86,47,94,66,16,18,1,97,5,120" hai1="60,113,111,17,73,54,72,65,62,36,43,21,68" hai2="50,8,78,63,77,25,22,107,71,28,99,33,91" hai3="46,103,58,118,106,37,79,59,90,13,82,131,52"/><W15/><G118/><T57/><D74/><U116/><E111/><V110/><F110/><W70/><G131/><T126/><D120/><U133/><E116/><V83/><F8/><W34/><G70/><T23/><D126/><U40/><E113/><V29/><F50/><W108/><G108/><T85/><D128/><U45/><E133/><V0/><F0/><W93/><G34/><T31/><D47/><U122/><E122/><V87/><F29/><W2/><G2/><T125/><D125/><U81/><E81/><V24/><F24/><W95/><G106/><T130/><D130/><U53/><E40/><V32/><F22/><W114/><G114/><T64/><D31/><U30/><E30/><V117/><F33/><W11/><G103/><N who="0" m="60855" /><D1/><U20/><E20/><V109/><F117/><W42/><G59/><T26/><D18/><U119/><E119/><V10/><F10/><W96/><G95/><T3/><D3/><U14/><E53/><V123/><F123/><W51/><REACH who="3" step="1"/><G11/><REACH who="3" ten="339,212,335,94" step="2"/><T84/><D57/><U100/><E100/><N who="2" m="62879" /><F109/><W105/><G105/><T61/><D61/><U55/><E62/><V104/><F104/><W35/><G35/><T9/><D9/><U80/><E80/><V67/><AGARI ba="3,2" hai="25,28,32,63,67,71,77,78,83,87,91" m="62879" machi="67" ten="30,2000,0" yaku="25,1,52,1" doraHai="27" who="2" fromWho="2" sc="339,-8,212,-8,335,49,94,-13" owari="331,13.0,204,-20.0,384,49.0,81,-42.0" />
</Scene>
</mjloggm>