<mjloggm ver="2.3"><GO type="169" lobby="0"/><UN n0="%41%53%41%50%49%4E" n1="%E8%B6%85%E3%83%92%E3%83%A2%E3%83%AA%E3%83%AD" n2="%E5%8F%A4%E6%B8%85%E6%B0%B4%E5%87%9B" n3="%61%6B%69%6E%61%72%69%30" dan="19,18,17,17" rate="2307.98,2237.77,2140.29,2187.73" sx="M,F,F,F"/><TAIKYOKU oya="0"/>

<Scene>
<INIT seed="0,0,0,5,3,7" ten="250,250,250,250" oya="0" hai0="126,60,13,51,77,53,44,71,116,62,67,43,84" hai1="111,14,96,25,28,1,3,0,131,69,15,75,101" hai2="17,119,56,39,100,26,107,11,112,115,64,95,97" hai3="89,123,32,72,76,102,50,87,52,40,113,81,92"/><T59/><D116/><U16/><E75/><V110/><F39/><W57/><G113/><T120/><D120/><U27/><E69/><V118/><F107/><W29/><G123/><T34/><D34/><U94/><E111/><V21/><F110/><W127/><G127/><T114/><D114/><U80/><E131/><V79/><F79/><W45/><G102/><T122/><D122/><U68/><E68/><V49/><F115/><W22/><G32/><T70/><D13/><U74/><E15/><V31/><F112/><W46/><G29/><T109/><D84/><U65/><E65/><V105/><F105/><W18/><REACH who="3" step="1"/><G40/><REACH who="3" ten="250,250,250,240" step="2"/><T93/><D126/><U48/><E28/><V23/><F119/><W61/><G61/><T124/><D124/><U47/><E74/><V58/><F118/><W134/><G134/><T38/><D109/><U63/><E63/><V103/><F100/><W82/><G82/><T33/><D33/><U10/><REACH who="1" step="1"/><E80/><REACH who="1" ten="250,240,250,240" step="2"/><V20/><F31/><W125/><G125/><T78/><D62/><U19/><E19/><V106/><F17/><W37/><G37/><T133/><D70/><U4/><E4/><V99/><F49/><W73/><G73/><T85/><D133/><U42/><AGARI ba="0,2" hai="0,1,3,10,14,16,25,27,42,47,48,94,96,101" machi="42" ten="30,7900,0" yaku="1,1,0,1,52,1,54,1,53,0" doraHai="7" doraHaiUra="2" who="1" fromWho="1" sc="250,-39,240,99,250,-20,240,-20" />
</Scene>
<Scene>
<INIT seed="1,0,0,1,4,91" ten="211,339,230,220" oya="1" hai0="110,28,58,31,133,11,90,45,99,96,100,47,20" hai1="134,2,42,14,16,59,108,10,4,5,121,70,81" hai2="41,35,77,55,62,18,85,82,126,56,6,120,1" hai3="17,26,74,109,111,15,27,84,33,63,29,36,49"/><U94/><E70/><V102/><F35/><W105/><G36/><T125/><D110/><N who="3" m="41993" /><G74/><T38/><D133/><U67/><E121/><V127/><F120/><W13/><G105/><T73/><D73/><U80/><E134/><V40/><F102/><W101/><G101/><T19/><D125/><N who="2" m="47626" /><F18/><W64/><G49/><T79/><D79/><U87/><E108/><V46/><F46/><W71/><G84/><T88/><D11/><AGARI ba="0,0" hai="1,6,11,40,41,55,56,62,77,82,85" m="47626" machi="11" ten="30,1000,0" yaku="18,1" doraHai="91" who="2" fromWho="0" sc="211,-10,339,0,230,10,220,0" />
</Scene>
<Scene>
<INIT seed="2,0,0,2,1,67" ten="201,339,240,220" oya="2" hai0="23,44,12,5,6,134,11,115,125,17,30,36,69" hai1="108,119,57,76,78,38,74,70,72,10,101,116,3" hai2="95,80,56,106,113,85,65,63,127,124,114,93,111" hai3="133,48,129,81,21,42,13,87,103,71,135,73,64"/><V128/><F106/><W53/><G73/><T19/><D115/><U107/><E57/><V41/><F41/><W132/><G42/><T0/><D36/><U82/><E108/><V89/><F128/><W40/><G40/><T94/><D44/><U122/><E122/><V104/><F104/><W118/><G118/><T68/><D134/><U62/><E38/><V120/><F120/><W22/><G129/><T98/><D125/><U60/><E60/><V84/><F111/><W58/><G103/><T92/><D92/><U9/><E9/><V105/><F105/><W112/><G112/><T97/><D30/><U33/><E33/><V2/><F2/><W4/><G4/><T16/><D98/><N who="1" m="61879" /><E78/><V91/><F80/><W88/><G13/><T15/><D6/><N who="1" m="1375" /><E74/><V109/><F109/><W59/><G59/><T49/><D49/><U35/><E35/><V61/><REACH who="2" step="1"/><F56/><REACH who="2" ten="201,339,230,220" step="2"/><W54/><G54/><T46/><D46/><U14/><E82/><V20/><F20/><W26/><G26/><T55/><D23/><U25/><E25/><V126/><F126/><W52/><G52/><T130/><D55/><U83/><E83/><V51/><F51/><W39/><G39/><T29/><D130/><U96/><E116/><V121/><F121/><W90/><G21/><T28/><D0/><U102/><E119/><V123/><F123/><W99/><G22/><T31/><REACH who="0" step="1"/><D15/><REACH who="0" ten="191,339,230,220" step="2"/><U77/><E14/><V34/><F34/><W37/><G37/><T32/><D32/><U1/><E1/><V100/><F100/><AGARI ba="0,2" hai="5,11,12,16,17,19,28,29,31,68,69,94,97,100" machi="100" ten="40,8000,1" yaku="1,1,52,2,54,1,53,0" doraHai="67" doraHaiUra="79" who="0" fromWho="2" sc="191,100,339,0,230,-80,220,0" />
</Scene>
<Scene>
<INIT seed="3,0,0,4,1,36" ten="291,339,150,220" oya="3" hai0="112,93,131,42,115,120,104,28,7,16,5,130,58" hai1="81,20,77,129,80,31,18,107,90,3,4,78,133" hai2="92,79,100,11,2,99,19,44,117,128,45,89,86" hai3="23,95,59,84,74,54,53,71,94,38,123,55,29"/><W119/><G74/><T43/><D104/><U127/><E127/><V8/><F128/><N who="0" m="49194" /><D28/><U87/><E133/><V14/><F117/><W51/><G71/><T109/><D109/><U91/><E107/><V13/><F2/><W62/><G119/><T85/><D120/><U60/><E129/><V108/><F79/><W40/><G123/><T69/><D69/><U75/><E31/><V56/><F56/><W135/><G135/><T9/><D58/><U134/><E134/><V97/><F108/><W122/><G122/><T41/><D16/><U33/><E33/><V48/><F100/><W121/><G121/><T63/><D63/><U118/><E118/><V61/><F61/><W82/><G38/><T65/><D65/><U67/><E4/><N who="0" m="1609" /><D9/><U88/><E3/><V106/><F106/><W1/><G1/><T39/><D39/><U15/><REACH who="1" step="1"/><E78/><REACH who="1" ten="291,329,150,220" step="2"/><V46/><REACH who="2" step="1"/><F48/><REACH who="2" ten="291,329,140,220" step="2"/><W47/><G51/><T126/><D126/><U111/><E111/><V132/><F132/><W73/><G59/><AGARI ba="0,2" hai="15,18,20,59,60,67,75,77,80,81,87,88,90,91" machi="59" ten="30,3900,0" yaku="1,1,7,1,54,1,53,0" doraHai="36" doraHaiUra="113" who="1" fromWho="3" sc="291,0,329,59,140,0,220,-39" />
</Scene>
<Scene>
<INIT seed="4,0,0,2,0,103" ten="291,388,140,181" oya="0" hai0="92,17,120,53,113,35,73,134,24,109,129,85,48" hai1="83,27,69,9,101,102,67,125,70,51,99,14,95" hai2="37,127,72,52,82,36,11,112,56,60,121,0,119" hai3="3,31,30,124,63,75,90,96,81,97,133,117,61"/><T98/><D120/><U50/><E125/><V39/><F127/><W94/><G124/><T118/><D118/><U64/><E83/><V123/><F119/><W55/><G117/><T13/><D73/><U100/><E27/><V23/><F112/><W135/><G3/><T128/><D113/><U57/><E69/><V104/><F104/><W87/><G75/><T62/><D134/><N who="3" m="51209" /><G97/><T89/><D109/><U21/><E21/><V28/><F28/><N who="3" m="10795" /><G55/><T45/><D24/><U80/><E80/><V44/><F23/><W65/><G65/><N who="1" m="25162" /><E70/><V76/><REACH who="2" step="1"/><F44/><REACH who="2" ten="291,388,130,181" step="2"/><W68/><G68/><T110/><D110/><U108/><E108/><V6/><AGARI ba="0,1" hai="0,6,11,36,37,39,52,56,60,72,76,82,121,123" machi="6" ten="40,8000,1" yaku="1,1,2,1,0,1,54,1,53,0" doraHai="103" doraHaiUra="91" who="2" fromWho="2" sc="291,-40,388,-20,130,90,181,-20" />
</Scene>
<Scene>
<INIT seed="5,0,0,5,4,15" ten="251,368,220,161" oya="1" hai0="64,66,25,13,7,6,50,3,56,131,102,100,23" hai1="104,73,47,51,92,81,119,123,96,2,54,10,97" hai2="74,69,32,11,94,116,45,87,63,0,126,80,59" hai3="34,18,108,135,121,118,93,122,90,68,52,55,78"/><U1/><E119/><V41/><F32/><W31/><G118/><T22/><D131/><U89/><E123/><V61/><F69/><W16/><G108/><T26/><D13/><U48/><E10/><V21/><F126/><W58/><G68/><T9/><D50/><U17/><E17/><V133/><F133/><W36/><G36/><T67/><D56/><U39/><E39/><V113/><F113/><W40/><G40/><T44/><D44/><U91/><E51/><V86/><F74/><W38/><G38/><T8/><REACH who="0" step="1"/><D66/><REACH who="0" ten="241,368,220,161" step="2"/><U124/><E124/><V105/><F45/><W46/><G46/><T127/><D127/><U109/><E109/><V106/><F59/><W65/><G65/><T71/><D71/><U85/><E2/><AGARI ba="0,1" hai="2,3,6,7,8,9,22,23,25,26,64,67,100,102" machi="2" ten="25,3200,0" yaku="1,1,22,2,53,0" doraHai="15" doraHaiUra="43" who="0" fromWho="1" sc="241,42,368,-32,220,0,161,0" />
</Scene>
<Scene>
<INIT seed="6,0,0,1,0,29" ten="283,336,220,161" oya="2" hai0="112,128,65,98,118,39,22,50,15,69,123,5,101" hai1="2,116,26,75,48,120,30,45,103,78,13,107,63" hai2="92,80,83,20,100,10,79,117,64,133,14,94,72" hai3="51,119,59,25,41,24,121,105,31,32,129,54,126"/><V122/><F117/><W68/><G119/><T97/><D118/><U9/><E2/><V96/><F122/><W84/><G121/><T71/><D39/><U111/><E111/><V67/><F133/><W19/><G126/><T38/><D38/><U91/><E120/><V87/><F20/><W40/><G129/><T77/><D123/><U130/><E130/><V81/><F94/><W58/><G68/><T18/><D128/><U73/><E116/><V114/><F114/><W56/><G105/><T113/><D77/><U109/><E109/><V125/><F125/><W57/><REACH who="3" step="1"/><G84/><REACH who="3" ten="283,336,220,151" step="2"/><T115/><D69/><U36/><E107/><V4/><REACH who="2" step="1"/><F83/><REACH who="2" ten="283,336,210,151" step="2"/><W104/><G104/><T23/><D115/><U132/><E132/><V70/><F70/><W55/><G55/><T106/><D71/><U134/><E134/><V88/><AGARI ba="0,2" hai="4,10,14,64,67,72,79,80,81,87,88,92,96,100" machi="88" ten="20,7800,0" yaku="1,1,0,1,7,1,54,1,53,0" doraHai="29" doraHaiUra="21" who="2" fromWho="2" sc="283,-26,336,-26,210,98,151,-26" />
</Scene>
<Scene>
<INIT seed="6,1,0,5,0,1" ten="257,310,308,125" oya="2" hai0="121,103,23,52,79,80,87,4,98,100,42,59,77" hai1="104,3,81,92,94,86,126,16,10,39,31,55,19" hai2="93,117,109,97,13,47,119,88,125,27,124,53,61" hai3="71,129,63,6,116,34,40,105,66,70,41,7,108"/><V29/><F109/><W113/><G108/><T99/><D121/><U76/><E126/><N who="2" m="48747" /><F13/><W102/><G116/><T60/><D42/><U12/><E104/><V17/><F17/><W131/><G71/><T37/><D37/><U28/><E3/><V35/><F47/><W50/><G113/><T14/><D79/><U118/><E118/><V90/><F90/><W21/><G34/><T49/><D60/><U9/><E39/><V82/><F82/><W132/><G132/><T65/><D65/><U2/><E2/><V78/><F78/><W120/><G120/><T46/><D46/><U68/><E68/><V57/><AGARI ba="1,0" hai="27,29,35,53,57,61,88,93,97,117,119" m="48747" machi="57" ten="30,3000,0" yaku="18,1,54,1" doraHai="1" who="2" fromWho="2" sc="257,-11,310,-11,308,33,125,-11" />
</Scene>
<Scene>
<INIT seed="6,2,0,4,1,11" ten="246,299,341,114" oya="2" hai0="52,91,109,68,56,104,18,93,25,15,111,131,34" hai1="87,124,29,96,36,44,79,35,103,40,89,99,100" hai2="84,13,83,128,23,133,123,1,97,101,19,31,105" hai3="77,70,47,73,134,51,66,2,78,45,61,60,92"/><V10/><F128/><W30/><G2/><T102/><D68/><U121/><E124/><V76/><F133/><W135/><G30/><T27/><D131/><U20/><E35/><V65/><F65/><W67/><G73/><T24/><D102/><U16/><E121/><V88/><F123/><W26/><G26/><T0/><D0/><U81/><E29/><V33/><F33/><W21/><G21/><T41/><D41/><U4/><E4/><V82/><F31/><W122/><G92/><T130/><D104/><U95/><REACH who="1" step="1"/><E99/><REACH who="1" ten="246,289,341,114" step="2"/><V12/><F1/><W5/><G5/><T107/><D34/><U6/><E6/><V28/><F28/><W69/><G122/><T3/><D130/><U17/><E17/><V53/><F53/><W125/><REACH who="3" step="1"/><G51/><REACH who="3" ten="246,289,341,104" step="2"/><T126/><D3/><U116/><E116/><V118/><F118/><W42/><G42/><T50/><D126/><AGARI ba="2,2" hai="45,47,60,61,66,67,69,70,77,78,125,126,134,135" machi="126" ten="25,3200,0" yaku="1,1,22,2,53,0" doraHai="11" doraHaiUra="98" who="3" fromWho="0" sc="246,-38,289,0,341,0,104,58" />
</Scene>
<Scene>
<INIT seed="7,0,0,5,1,21" ten="208,289,341,162" oya="3" hai0="123,95,101,69,61,85,17,36,54,55,114,15,4" hai1="120,134,87,11,131,104,24,59,75,107,96,108,45" hai2="10,99,98,102,115,52,125,112,3,105,82,93,29" hai3="5,121,65,34,129,135,35,80,49,57,44,132,133"/><W83/><G121/><T43/><D123/><U30/><E108/><V31/><F125/><W94/><G129/><T84/><D4/><U27/><E134/><V90/><F82/><N who="3" m="31275" /><G5/><T18/><D114/><N who="2" m="43562" /><F52/><N who="3" m="29735" /><G94/><T88/><D95/><U1/><E75/><V116/><F116/><W9/><G9/><T106/><D106/><U37/><E131/><V79/><F79/><W63/><AGARI ba="0,0" hai="34,35,57,63,65,132,133,135" m="29735,31275" machi="63" ten="40,3900,0" yaku="20,1,54,1" doraHai="21" who="3" fromWho="3" sc="208,-13,289,-13,341,-13,162,39" />
</Scene>
<Scene>
<INIT seed="7,1,0,4,4,5" ten="195,276,328,201" oya="3" hai0="42,76,109,86,71,65,59,93,103,56,123,122,63" hai1="13,75,7,89,24,41,78,4,15,119,49,95,8" hai2="99,21,110,131,25,35,90,73,129,105,134,40,20" hai3="6,31,0,96,115,18,128,118,54,121,34,37,14"/><W26/><G118/><T16/><D109/><U88/><E119/><V30/><F73/><W112/><G121/><T68/><D42/><U133/><E133/><V10/><F110/><W98/><G37/><T117/><D117/><U72/><E24/><V29/><F134/><W62/><G128/><N who="2" m="49225" /><F30/><W120/><G120/><T87/><D122/><U38/><E38/><V84/><F40/><W50/><G62/><T116/><D123/><U91/><E95/><N who="2" m="54727" /><F10/><N who="3" m="2375" /><G54/><T66/><D116/><U108/><E108/><V9/><F9/><N who="3" m="6479" /><G50/><T125/><D63/><U83/><E75/><V28/><F28/><W126/><G126/><T130/><D125/><U43/><E49/><V11/><F11/><AGARI ba="1,0" hai="4,7,8,11,13,15,41,43,72,78,83,88,89,91" machi="11" ten="40,8000,1" yaku="9,1,52,2,54,1" doraHai="5" who="1" fromWho="2" sc="195,0,276,83,328,-83,201,0" owari="195,-30.0,359,45.0,245,5.0,201,-20.0" />
</Scene>
</mjloggm>