<mjloggm ver="2.3"><GO type="169"/><UN n0="%E5%A5%88%E8%90%BD%E3%81%AE%E7%8E%8B" n1="%E3%81%BE%E3%81%8A%E3%82%89%E3%82%93" n2="%E3%83%9E%E3%82%AF%E3%83%AD%E3%83%99%E3%83%BC%E3%82%BF" n3="%41%53%41%50%49%4E" dan="17,16,16,18" rate="2191,2111,2069,2237" sx="M,F,M,M"/><TAIKYOKU oya="0"/>

<Scene>
<INIT seed="0,0,0,3,1,57" ten="250,250,250,250" oya="0" hai0="114,94,82,80,129,7,6,13,60,93,107,78,48" hai1="131,23,117,101,108,39,79,43,37,105,42,47,81" hai2="99,40,35,92,46,27,16,51,31,10,124,120,116" hai3="102,64,75,36,132,113,56,83,118,70,15,44,135"/><T67/><D107/><U133/><E117/><V59/><F116/><W38/><G118/><T49/><D114/><U115/><E115/><V86/><F124/><W96/><G113/><T52/><D129/><U71/><E131/><V2/><F120/><W69/><G15/><T106/><D106/><U61/><E23/><V11/><F86/><W34/><G34/><T0/><D0/><U91/><E91/><V63/><F2/><W55/><G83/><N who="0" m="31787" /><D78/><U73/><E133/><N who="3" m="51274" /><G75/><T88/><D94/><U17/><E17/><V65/><REACH who="2" step="1"/><F16/><REACH who="2" ten="250,250,240,250" step="2"/><W104/><G96/><N who="0" m="57383" /><D13/><U89/><E73/><V30/><F30/><W1/><G1/><T50/><D67/><U90/><E79/><V84/><F84/><W85/><G85/><T62/><D52/><U41/><E81/><V14/><F14/><W3/><G3/><T32/><D32/><U8/><E8/><V112/><F112/><W53/><G53/><T45/><D45/><U126/><E47/><V134/><F134/><W24/><G44/><T5/><AGARI ba="0,1" hai="5,6,7,48,49,50,60,62" m="57383,31787" machi="5" ten="40,12000,1" yaku="8,1,52,2,54,1" doraHai="57" who="0" fromWho="0" sc="250,130,250,-40,240,-40,250,-40" />
</Scene>
<Scene>
<INIT seed="0,1,0,4,0,125" ten="380,210,200,210" oya="0" hai0="73,72,33,130,34,17,77,81,15,128,83,79,71" hai1="8,68,56,12,18,88,99,117,63,6,94,122,9" hai2="37,80,55,69,109,16,86,11,22,105,38,51,40" hai3="1,45,5,50,30,111,42,20,62,44,47,39,27"/><T54/><D71/><U129/><E68/><V82/><F105/><W118/><G118/><T26/><D54/><U134/><E117/><V100/><F100/><W119/><G119/><T4/><D4/><U120/><E134/><V24/><F69/><W91/><G111/><T97/><D97/><U107/><E107/><V48/><F109/><W0/><G45/><T78/><D78/><U28/><E28/><V66/><F66/><W114/><G114/><T31/><D34/><U3/><REACH who="1" step="1"/><E129/><REACH who="1" ten="380,200,200,210" step="2"/><V85/><F37/><W52/><G5/><T116/><REACH who="0" step="1"/><D116/><REACH who="0" ten="370,200,200,210" step="2"/><U127/><E127/><V29/><F38/><W87/><REACH who="3" step="1"/><G62/><REACH who="3" ten="370,200,200,200" step="2"/><T108/><D108/><U98/><E98/><V115/><F115/><W113/><G113/><T135/><D135/><U132/><E132/><V25/><F40/><W76/><G76/><T23/><AGARI ba="1,3" hai="15,17,23,26,31,33,72,73,77,79,81,83,128,130" machi="23" ten="30,12000,1" yaku="1,1,0,1,9,1,52,2,53,0" doraHai="125" doraHaiUra="53" who="0" fromWho="0" sc="370,153,200,-41,200,-41,200,-41" />
</Scene>
<Scene>
<INIT seed="0,2,0,4,2,41" ten="523,159,159,159" oya="0" hai0="51,113,68,48,75,5,125,2,23,135,52,72,67" hai1="37,3,121,66,104,30,16,35,85,18,50,49,22" hai2="106,27,59,53,24,88,11,120,9,76,114,43,6" hai3="45,129,100,117,55,31,108,92,98,90,127,61,65"/><T81/><D113/><U77/><E104/><V133/><F114/><W56/><G117/><T19/><D51/><N who="1" m="19467" /><E35/><V112/><F112/><W21/><G108/><T74/><D135/><U70/><E3/><V33/><F43/><W13/><G129/><T42/><D42/><U86/><E70/><V47/><F106/><W122/><G122/><T105/><D105/><U131/><E37/><V99/><F133/><W97/><G127/><T60/><D125/><U124/><E124/><V103/><F76/><W44/><G65/><T128/><D128/><U109/><E121/><V94/><F33/><W58/><G58/><T134/><D134/><U73/><E73/><V116/><F116/><W69/><G69/><T78/><D5/><U107/><E107/><V82/><F120/><W64/><G55/><T0/><D0/><U20/><E66/><V93/><F82/><W7/><G7/><T126/><D2/><U28/><E131/><V34/><F34/><W111/><G111/><T102/><D126/><U110/><E110/><V36/><F36/><W17/><G31/><N who="1" m="11818" /><E109/><V10/><F6/><W54/><G64/><T63/><D63/><U123/><E123/><V132/><F132/><W62/><G62/><T32/><D32/><U38/><E38/><V87/><F59/><W25/><G13/><T14/><D102/><U83/><E85/><V29/><F29/><W12/><G12/><T119/><D119/><U95/><E95/><AGARI ba="2,0" hai="17,21,25,44,45,54,56,61,90,92,95,97,98,100" machi="95" ten="30,12000,2" yaku="7,1,25,2,8,1,52,2" doraHai="41" who="3" fromWho="1" sc="523,0,159,-126,159,0,159,126" />
</Scene>
<Scene>
<INIT seed="1,0,0,1,3,77" ten="523,33,159,285" oya="1" hai0="25,125,106,59,35,8,122,61,116,80,11,130,38" hai1="70,87,111,123,113,57,71,98,115,30,86,84,89" hai2="52,18,65,97,15,88,27,16,42,81,107,5,62" hai3="63,29,101,79,119,78,128,0,6,94,95,96,73"/><U33/><E33/><V82/><F107/><N who="3" m="63911" /><G63/><T129/><D106/><U135/><E30/><V66/><F42/><W36/><G29/><T104/><D104/><U58/><E98/><V114/><F114/><N who="1" m="43529" /><E89/><V132/><F132/><W24/><G24/><T7/><D38/><U32/><E32/><V103/><F103/><W55/><G55/><T19/><D35/><U13/><E13/><V51/><F5/><W60/><G60/><T22/><D11/><U37/><E37/><V83/><F62/><W50/><G50/><T92/><D8/><U44/><E44/><N who="2" m="27751" /><F27/><W1/><G36/><T69/><D7/><U48/><E48/><V117/><F117/><W17/><G6/><T54/><D25/><U100/><E100/><V56/><F56/><N who="1" m="21609" /><E123/><V109/><F109/><W34/><G34/><T91/><D122/><U93/><E93/><N who="2" m="56487" /><F18/><W105/><G17/><T68/><D19/><U75/><E75/><V67/><F67/><W74/><G105/><T26/><D116/><U134/><E111/><V45/><F45/><W127/><G119/><T124/><D92/><N who="3" m="35369" /><G0/><T99/><D99/><U72/><E72/><V47/><F47/><W23/><G1/><T131/><D131/><U49/><E49/><V12/><F12/><W110/><G110/><T121/><D130/><U108/><E108/><V112/><F112/><W20/><G128/><T126/><D129/><U4/><E4/><V90/><F90/><W76/><G74/><T43/><D121/><U102/><E102/><V46/><F46/><W120/><G73/><T3/><D3/><U133/><AGARI ba="0,0" hai="70,71,84,86,87,133,134,135" m="21609,43529" machi="133" ten="40,7800,0" yaku="28,2,20,1" doraHai="77" who="1" fromWho="1" sc="523,-26,33,78,159,-26,285,-26" />
</Scene>
<Scene>
<INIT seed="1,1,0,2,5,11" ten="497,111,133,259" oya="1" hai0="0,119,84,59,25,10,94,33,129,24,37,62,63" hai1="134,12,103,101,68,67,65,48,125,85,5,112,77" hai2="57,117,32,88,3,95,76,56,123,50,36,13,83" hai3="82,121,49,40,92,46,38,15,19,20,93,75,86"/><U110/><E112/><V102/><F123/><W105/><G121/><T26/><D37/><U87/><E68/><V133/><F117/><W23/><G105/><T16/><D119/><U43/><E125/><V135/><F3/><W21/><G75/><T18/><D33/><U90/><E134/><N who="2" m="51211" /><F36/><W66/><G66/><N who="1" m="25098" /><E77/><V6/><F102/><N who="1" m="38921" /><E110/><V118/><F50/><W9/><G38/><T61/><D129/><U127/><E127/><V109/><F32/><W124/><G124/><T107/><D107/><U2/><E2/><V31/><F31/><W8/><G8/><T52/><D0/><U128/><E128/><V79/><F109/><W99/><G99/><T132/><D132/><U81/><E87/><N who="2" m="52639" /><F118/><W17/><G17/><N who="0" m="6763" /><D10/><N who="1" m="4175" /><E48/><V122/><F122/><W42/><REACH who="3" step="1"/><G42/><AGARI ba="1,0" hai="42,43,81,85,90" m="4175,38921,25098" machi="42" ten="30,2900,0" yaku="8,1,52,1" doraHai="11" who="1" fromWho="3" sc="497,0,111,32,133,0,259,-32" />
</Scene>
<Scene>
<INIT seed="1,2,0,3,2,61" ten="497,143,133,227" oya="1" hai0="129,29,110,24,116,33,130,55,84,97,133,0,131" hai1="83,49,41,82,18,134,72,104,127,101,17,128,42" hai2="35,132,5,93,10,54,30,59,37,7,86,15,31" hai3="103,70,91,2,63,107,64,46,60,1,22,111,88"/><U19/><E72/><V87/><F37/><W90/><G111/><T121/><D110/><U120/><E120/><V13/><F132/><W57/><G46/><T89/><D133/><U75/><E134/><V106/><F106/><W73/><G73/><T32/><D121/><U50/><E75/><V85/><F35/><W108/><G108/><T9/><D116/><U39/><E39/><V114/><F114/><W27/><G103/><T113/><D113/><U11/><E104/><V56/><F93/><W38/><G107/><T51/><D97/><U23/><E101/><V62/><REACH who="2" step="1"/><F59/><REACH who="2" ten="497,143,123,227" step="2"/><W99/><G38/><T8/><D32/><U68/><E68/><V112/><F112/><W36/><G36/><T26/><D33/><U109/><E109/><V3/><F3/><W78/><G99/><T34/><D0/><U125/><E11/><AGARI ba="2,1" hai="5,7,10,11,13,15,30,31,54,56,62,85,86,87" machi="11" ten="40,5200,0" yaku="1,1,9,1,8,1,53,0" doraHai="61" doraHaiUra="119" who="2" fromWho="1" sc="497,0,143,-58,123,68,227,0" />
</Scene>
<Scene>
<INIT seed="2,0,0,4,5,92" ten="497,85,191,227" oya="2" hai0="98,96,113,117,31,52,123,69,65,21,57,30,90" hai1="108,127,132,67,35,59,109,10,91,126,14,42,53" hai2="128,63,1,95,124,11,25,22,36,37,6,135,32" hai3="5,73,60,122,3,125,77,26,13,7,88,8,12"/><V121/><F121/><W105/><G122/><T120/><D113/><U80/><E35/><V61/><F135/><W2/><G105/><T74/><D74/><U101/><E67/><V23/><F128/><W129/><G129/><T100/><D117/><U51/><E101/><V111/><F32/><W89/><G125/><N who="1" m="47626" /><E42/><V84/><F124/><W119/><G119/><T19/><D69/><U110/><E132/><V27/><F111/><W103/><G103/><T46/><D65/><U44/><E59/><V4/><F95/><W16/><G60/><T9/><D46/><U17/><E109/><V49/><F49/><W81/><G26/><T38/><D38/><U97/><E80/><V39/><F84/><W24/><G24/><T45/><D45/><U112/><E112/><V85/><F85/><W70/><G70/><T114/><D114/><U131/><E131/><V66/><F6/><W72/><G72/><T68/><D68/><U115/><E115/><V118/><F118/><W75/><G75/><T55/><D100/><U20/><E10/><V50/><F66/><W130/><G130/><T47/><D9/><U93/><AGARI ba="0,0" hai="14,17,20,44,51,53,91,93,97,108,110" m="47626" machi="93" ten="30,2000,0" yaku="18,1,52,1" doraHai="92" who="1" fromWho="1" sc="497,-5,85,20,191,-10,227,-5" />
</Scene>
<Scene>
<INIT seed="3,0,0,2,2,123" ten="492,105,181,222" oya="3" hai0="73,82,13,51,117,92,98,101,9,76,125,5,7" hai1="35,108,130,90,71,70,99,8,26,87,45,38,129" hai2="96,67,30,25,1,127,85,89,49,91,11,94,23" hai3="44,111,119,18,64,104,113,121,31,95,40,77,28"/><W126/><G113/><T122/><D122/><U124/><E99/><V17/><F127/><W66/><G121/><T88/><D117/><U80/><E124/><V3/><F67/><W22/><G104/><T39/><D39/><U36/><E8/><V133/><F133/><W33/><G126/><T21/><D125/><U41/><E38/><V131/><F131/><N who="1" m="50185" /><E35/><V135/><F135/><W42/><G119/><T58/><D21/><U52/><E26/><V0/><F49/><W128/><G128/><T109/><D101/><U48/><E108/><V116/><F116/><W2/><G2/><T34/><D109/><U10/><E10/><V112/><F112/><W14/><G111/><T43/><D34/><U59/><AGARI ba="0,0" hai="36,41,45,48,52,59,70,71,80,87,90" m="50185" machi="59" ten="30,2000,0" yaku="19,1,54,1" doraHai="123" who="1" fromWho="1" sc="492,-5,105,20,181,-5,222,-10" />
</Scene>
<Scene>
<INIT seed="4,0,0,5,4,21" ten="487,125,176,212" oya="0" hai0="75,69,88,120,13,46,19,96,98,35,80,47,83" hai1="16,106,6,60,8,12,64,53,134,14,54,9,68" hai2="77,57,131,71,124,94,84,40,85,18,127,11,49" hai3="93,36,92,28,95,29,32,123,133,51,74,0,101"/><T1/><D1/><U128/><E106/><V118/><F71/><W22/><G0/><T37/><D69/><U81/><E134/><V66/><F131/><W56/><G36/><T39/><D35/><U67/><E128/><V31/><F31/><W112/><G74/><T52/><D13/><U50/><E67/><V76/><F118/><W38/><G38/><T27/><D75/><U132/><E132/><V104/><F104/><W24/><G133/><T65/><D65/><U44/><REACH who="1" step="1"/><E81/><REACH who="1" ten="487,115,176,212" step="2"/><N who="2" m="47143" /><F66/><W25/><G123/><T109/><D83/><U73/><E73/><V30/><F124/><W113/><G101/><T86/><D80/><U135/><E135/><V55/><F127/><W116/><G116/><T41/><D120/><U114/><E114/><V130/><F130/><W61/><G112/><T99/><D109/><U110/><E110/><V82/><F94/><W89/><G113/><T122/><D122/><U87/><E87/><V90/><F85/><W26/><G95/><T108/><D86/><U70/><E70/><V126/><F82/><W125/><G93/><T48/><D108/><U107/><E107/><V2/><F126/><W105/><G125/><T20/><D98/><U79/><E79/><V62/><F77/><W121/><G105/><T45/><D99/><U7/><E7/><V4/><F4/><W5/><G121/><T34/><D96/><U102/><E102/><V72/><F72/><W10/><G5/><T23/><D88/><U3/><E3/><V117/><F2/><W78/><G89/><T43/><D39/><U91/><E91/><V111/><F90/><RYUUKYOKU ba="0,1" sc="487,-10,115,30,176,-10,212,-10" hai1="6,8,9,12,14,16,44,50,53,54,60,64,68" />
</Scene>
<Scene>
<INIT seed="5,1,1,3,0,71" ten="477,145,166,202" oya="1" hai0="106,18,95,89,76,132,42,17,115,24,87,40,12" hai1="93,64,78,6,100,51,94,99,28,110,118,45,129" hai2="44,131,52,48,134,120,46,34,80,56,29,47,101" hai3="37,97,2,38,105,111,23,20,59,92,63,61,81"/><U8/><E118/><V98/><F120/><W4/><G111/><T13/><D106/><U14/><E110/><V79/><F131/><W75/><G105/><T54/><D115/><U3/><E129/><V73/><F134/><W55/><G2/><T91/><D76/><U126/><E126/><V21/><F34/><W7/><G75/><T113/><D113/><U77/><E28/><V39/><F29/><W65/><G81/><T57/><D24/><U72/><E72/><V127/><F21/><W90/><G23/><N who="0" m="11687" /><D91/><U104/><E64/><V108/><F108/><W84/><G20/><N who="0" m="11343" /><D132/><U25/><E25/><V123/><F123/><W35/><G35/><T19/><D19/><U125/><E125/><V114/><F114/><W112/><G97/><T119/><D119/><U58/><E58/><V74/><F127/><W70/><REACH who="3" step="1"/><G112/><REACH who="3" ten="477,145,166,192" step="2"/><T96/><D96/><U86/><E3/><V32/><F32/><W67/><G67/><T11/><D11/><U124/><E124/><V103/><F74/><W133/><G133/><T85/><D85/><U66/><E66/><V122/><F122/><W83/><G83/><T116/><D116/><U5/><E6/><AGARI ba="1,2" hai="4,6,7,37,38,55,59,61,63,65,70,84,90,92" machi="6" ten="40,5200,0" yaku="1,1,52,2,53,0" doraHai="71" doraHaiUra="121" who="3" fromWho="1" sc="477,0,145,-55,166,0,192,75" />
</Scene>
<Scene>
<INIT seed="6,0,0,2,0,25" ten="477,90,166,267" oya="2" hai0="66,40,39,101,100,111,35,110,54,65,120,46,41" hai1="95,3,68,57,22,61,33,135,26,56,79,43,53" hai2="52,14,7,91,58,75,31,94,18,118,30,113,97" hai3="16,23,70,24,62,1,71,125,133,119,11,13,92"/><V9/><F118/><W82/><G119/><T96/><D120/><U0/><E135/><V48/><F75/><W123/><G123/><T32/><D96/><U36/><E68/><V60/><F113/><W134/><G125/><T83/><D83/><U116/><E33/><V108/><F108/><W129/><G129/><T20/><D20/><U45/><E116/><V132/><F132/><N who="3" m="50795" /><G1/><T42/><D42/><U49/><E79/><V21/><F48/><W126/><G126/><T59/><D59/><U128/><E95/><V124/><F124/><W17/><G62/><T76/><D76/><U50/><E128/><V112/><F112/><W88/><G82/><T74/><D74/><U121/><E36/><V80/><F80/><W19/><G19/><T103/><D39/><U10/><E10/><V107/><F107/><W86/><AGARI ba="0,0" hai="11,13,16,17,23,24,70,71,86,88,92" m="50795" machi="86" ten="30,4000,0" yaku="20,1,54,2" doraHai="25" who="3" fromWho="3" sc="477,-10,90,-10,166,-20,267,40" />
</Scene>
<Scene>
<INIT seed="7,0,0,4,3,123" ten="467,80,146,307" oya="3" hai0="132,64,22,68,40,67,105,50,78,25,19,9,41" hai1="70,119,31,114,23,49,38,130,43,30,98,76,36" hai2="117,112,100,8,125,18,17,110,108,60,80,16,55" hai3="53,93,28,39,92,129,69,21,99,101,46,59,14"/><W120/><G120/><T6/><D105/><U57/><E76/><V1/><F117/><W95/><G69/><T10/><D132/><U58/><E23/><V111/><F100/><W62/><G129/><T13/><D78/><U127/><E98/><V106/><F106/><W133/><G133/><T4/><D68/><U42/><E70/><V96/><F96/><W128/><G128/><T2/><D50/><U11/><E130/><V35/><F35/><W47/><G39/><T26/><D26/><U45/><E49/><V33/><F33/><W52/><G53/><T7/><D7/><U81/><E81/><V61/><F55/><W5/><G5/><T73/><D73/><U56/><E11/><V97/><F97/><W116/><G116/><T51/><D51/><U77/><E77/><V0/><F8/><W84/><G84/><T15/><D2/><U82/><E82/><V104/><F104/><W66/><G66/><AGARI ba="0,0" hai="4,6,9,10,13,15,19,22,25,40,41,64,66,67" machi="66" ten="40,2600,0" yaku="9,1,8,1" doraHai="123" who="0" fromWho="3" sc="467,26,80,0,146,0,307,-26" owari="493,59.0,80,-42.0,146,-25.0,281,8.0" />
</Scene>
</mjloggm>