<mjloggm ver="2.3"><GO type="169"/><UN n0="%41%53%41%50%49%4E" n1="%E5%88%BB%E5%AD%90%E5%B8%82%E6%B0%91" n2="%6D%61%63%6A%72" n3="%E3%83%92%E3%82%B2%E3%83%AD%E3%83%B3%E3%82%B0" dan="18,16,16,18" rate="2255,2080,2104,2171" sx="M,M,M,M"/><TAIKYOKU oya="0"/>

<Scene>
<INIT seed="0,0,0,4,3,10" ten="250,250,250,250" oya="0" hai0="117,64,15,116,23,6,83,56,125,26,39,59,61" hai1="74,24,134,72,120,121,75,14,43,131,40,135,124" hai2="123,130,48,78,19,5,47,109,21,55,114,50,85" hai3="133,97,98,38,102,96,25,66,31,80,92,29,22"/><T105/><D105/><U36/><E131/><V30/><F130/><W93/><G38/><T28/><D125/><U46/><E124/><V63/><F123/><W62/><G133/><N who="1" m="50698" /><E40/><V108/><F114/><W126/><G126/><T18/><D39/><U87/><E24/><V9/><F30/><W71/><G93/><T127/><D127/><U129/><E129/><V70/><F48/><W44/><G31/><T49/><D6/><U100/><E100/><V84/><F63/><W107/><G44/><T77/><D49/><U42/><E42/><V106/><F70/><W17/><G80/><T86/><REACH who="0" step="1"/><D59/><REACH who="0" ten="240,250,250,250" step="2"/><U73/><E36/><V27/><F106/><W11/><G107/><T95/><D95/><U112/><E121/><V16/><F5/><W65/><G65/><T57/><D57/><U3/><E120/><V104/><F104/><W51/><G51/><T79/><D79/><U34/><E112/><V81/><REACH who="2" step="1"/><F85/><REACH who="2" ten="240,250,240,250" step="2"/><W58/><G71/><T45/><D45/><U94/><E87/><V128/><F128/><W115/><G115/><T118/><D118/><U12/><E75/><V53/><F53/><W1/><G1/><T88/><D88/><U37/><E3/><V4/><F4/><W67/><G67/><T111/><D111/><U0/><E0/><V101/><F101/><W7/><G7/><T41/><D41/><U33/><E94/><V35/><F35/><AGARI ba="0,2" hai="15,18,23,26,28,35,56,61,64,77,83,86,116,117" machi="35" ten="30,5800,0" yaku="1,1,7,1,52,1,53,0" doraHai="10" doraHaiUra="132" who="0" fromWho="2" sc="240,78,250,0,240,-58,250,0" /><AGARI ba="0,0" hai="12,14,33,34,35,37,43,46,72,73,74" m="50698" machi="35" ten="40,5200,0" yaku="20,1,52,2" doraHai="10" who="1" fromWho="2" sc="318,0,250,52,182,-52,250,0" />
</Scene>
<Scene>
<INIT seed="0,1,0,4,0,41" ten="318,302,130,250" oya="0" hai0="39,91,30,103,16,28,81,58,38,54,108,53,27" hai1="4,18,20,76,128,45,36,62,25,70,75,37,68" hai2="118,69,17,115,109,8,95,110,67,86,85,51,61" hai3="88,73,6,32,35,80,134,129,123,124,79,7,78"/><T60/><D108/><N who="2" m="41578" /><F118/><W92/><G129/><T43/><D103/><U119/><E119/><V102/><F115/><W104/><G104/><T29/><D43/><U34/><E34/><V63/><F63/><W31/><G78/><T19/><D38/><U98/><E128/><V10/><F102/><W14/><G134/><T26/><D39/><U89/><E4/><V12/><F95/><W135/><G135/><T133/><D133/><U117/><E117/><V106/><F106/><W33/><G124/><T57/><D91/><U71/><E62/><V114/><F114/><W64/><G64/><T72/><D72/><U122/><E122/><V116/><F116/><W107/><G107/><T1/><D1/><U120/><E120/><V132/><F132/><W112/><G112/><T55/><D81/><U11/><E76/><V15/><F51/><W5/><G123/><T125/><D125/><U65/><E65/><V130/><F130/><W90/><G90/><T13/><D13/><U96/><E89/><V87/><F87/><W83/><G83/><T48/><REACH who="0" step="1"/><D55/><REACH who="0" ten="308,302,130,250" step="2"/><U84/><E75/><V3/><F3/><W100/><G100/><T44/><D44/><U99/><E45/><V2/><F2/><W93/><G14/><T127/><D127/><U47/><E47/><V97/><F15/><W82/><G82/><T40/><D40/><U56/><E36/><V59/><F10/><W42/><G42/><T113/><D113/><U126/><E37/><V21/><F8/><W49/><G88/><T9/><D9/><U94/><E11/><V50/><F97/><N who="1" m="24833" /><U23/><DORA hai="131" /><E126/><RYUUKYOKU ba="1,1" sc="308,15,302,-15,130,15,250,-15" hai0="16,19,26,27,28,29,30,48,53,54,57,58,60" hai2="12,17,21,50,59,61,67,69,85,86" />
</Scene>
<Scene>
<INIT seed="0,2,1,4,5,7" ten="323,287,145,235" oya="0" hai0="108,99,95,123,110,55,104,111,13,106,9,107,117" hai1="34,128,61,96,54,77,87,103,109,88,28,72,26" hai2="129,47,60,57,56,94,112,122,133,1,124,76,27" hai3="8,67,10,16,58,3,49,83,93,115,119,48,78"/><T6/><D117/><U120/><E120/><V74/><F122/><W23/><G119/><T14/><D123/><U132/><E132/><V46/><F133/><W125/><G115/><T37/><D55/><U114/><E114/><V92/><F112/><W18/><G125/><T91/><D37/><U135/><E135/><V52/><F124/><W126/><G126/><T134/><D134/><U31/><E128/><V98/><F129/><W21/><G93/><T43/><D43/><U73/><E77/><V65/><F1/><AGARI ba="2,1" hai="1,6,9,13,14,91,95,99,104,106,107,108,110,111" machi="1" ten="50,9600,0" yaku="14,1,10,1,52,1" doraHai="7" who="0" fromWho="2" sc="323,112,287,0,145,-102,235,0" />
</Scene>
<Scene>
<INIT seed="0,3,0,1,5,0" ten="435,287,43,235" oya="0" hai0="95,17,92,56,96,116,111,55,78,72,46,112,31" hai1="54,8,82,6,118,48,27,75,128,130,122,49,21" hai2="86,36,106,23,115,85,20,59,62,12,104,114,61" hai3="94,121,29,64,109,50,3,5,120,77,66,74,113"/><T76/><D112/><U47/><E118/><V32/><F12/><W99/><G113/><T123/><D116/><U124/><E122/><N who="3" m="47210" /><G109/><T84/><D123/><U22/><E124/><V41/><F41/><W117/><G117/><T125/><D125/><U9/><E9/><V24/><F24/><W133/><G133/><T100/><D72/><U65/><E65/><V101/><F59/><W103/><G29/><T26/><D111/><U90/><E49/><V57/><F57/><W60/><G50/><T33/><D46/><U87/><E75/><V16/><F101/><W110/><G110/><T30/><D30/><U19/><REACH who="1" step="1"/><E22/><REACH who="1" ten="435,277,43,235" step="2"/><V1/><F32/><W89/><G64/><T14/><D33/><U11/><E11/><V44/><F36/><W51/><G51/><N who="0" m="30847" /><D31/><U15/><AGARI ba="3,1" hai="6,8,15,19,21,27,47,48,54,82,87,90,128,130" machi="15" ten="30,4000,0" yaku="1,1,0,1,52,1,53,0" doraHai="0" doraHaiUra="35" who="1" fromWho="1" sc="435,-23,277,59,43,-13,235,-13" />
</Scene>
<Scene>
<INIT seed="1,0,0,0,2,94" ten="412,336,30,222" oya="1" hai0="8,118,52,27,85,80,69,2,22,66,93,128,41" hai1="4,73,134,101,50,72,96,26,75,37,121,6,79" hai2="71,31,23,110,60,1,29,74,97,92,34,111,82" hai3="3,53,47,108,120,102,122,84,115,44,42,9,19"/><U17/><E121/><V77/><F1/><W36/><G115/><T54/><D118/><U125/><E37/><V105/><F23/><W113/><G113/><T131/><D41/><U129/><E79/><V58/><F105/><W49/><G108/><N who="2" m="41513" /><F71/><W87/><G102/><T40/><D40/><U89/><E89/><N who="2" m="55439" /><F34/><W116/><G116/><T98/><D66/><AGARI ba="0,0" hai="29,31,58,60,66,74,77,82" m="55439,41513" machi="66" ten="30,2000,0" yaku="14,1,52,1" doraHai="94" who="2" fromWho="0" sc="412,-20,336,0,30,20,222,0" />
</Scene>
<Scene>
<INIT seed="2,0,0,2,3,17" ten="392,336,50,222" oya="2" hai0="52,29,131,88,38,49,82,35,106,134,96,65,89" hai1="91,36,83,64,124,2,26,40,101,80,125,33,59" hai2="13,127,92,7,122,135,60,10,23,4,129,120,3" hai3="75,54,68,6,32,111,39,87,110,117,103,47,112"/><V132/><F60/><W85/><G75/><T16/><D38/><U28/><E2/><V70/><F70/><W22/><G117/><T51/><D131/><U84/><E101/><V116/><F92/><W98/><G32/><T0/><D0/><U62/><E40/><V119/><F129/><W8/><G68/><T94/><D134/><N who="2" m="51242" /><F127/><N who="1" m="48713" /><E36/><V57/><F57/><W18/><G112/><T102/><D29/><U73/><E73/><V123/><F7/><W9/><G87/><N who="0" m="50295" /><D35/><U15/><E15/><V95/><F95/><AGARI ba="0,0" hai="26,28,33,59,62,64,80,83,84,91,95" m="48713" machi="95" ten="30,1000,0" yaku="18,1" doraHai="17" who="1" fromWho="2" sc="392,0,336,10,50,-10,222,0" />
</Scene>
<Scene>
<INIT seed="3,0,0,2,2,23" ten="392,346,40,222" oya="3" hai0="70,119,44,106,27,77,128,40,68,5,103,14,108" hai1="127,53,8,117,51,120,50,83,67,124,55,113,81" hai2="17,12,4,116,99,24,31,52,33,100,2,123,84" hai3="126,56,132,1,101,122,7,30,19,13,105,29,26"/><W97/><G122/><T129/><D119/><U59/><E120/><V66/><F123/><W47/><G132/><T9/><D108/><U45/><E113/><V87/><F116/><W102/><G102/><T98/><D77/><U15/><E67/><V82/><F66/><W96/><G96/><T41/><D27/><U111/><E111/><V114/><F114/><W20/><G126/><N who="1" m="48170" /><E117/><V76/><F2/><W39/><G56/><T88/><D88/><U11/><E11/><V125/><F4/><AGARI ba="0,0" hai="4,8,15,45,50,51,53,55,59,81,83" m="48170" machi="4" ten="30,1000,0" yaku="18,1" doraHai="23" who="1" fromWho="2" sc="392,0,346,10,40,-10,222,0" />
</Scene>
<Scene>
<INIT seed="4,0,0,4,2,80" ten="392,356,30,222" oya="0" hai0="25,122,135,41,131,74,58,92,53,117,15,88,71" hai1="11,60,118,99,105,45,90,104,16,130,35,28,95" hai2="133,83,132,19,37,23,125,84,27,129,38,75,21" hai3="116,79,78,101,40,121,6,126,62,5,9,56,94"/><T8/><D122/><U85/><E118/><V72/><F129/><W26/><G116/><T127/><D117/><U76/><E130/><V34/><F34/><W24/><G121/><T82/><D71/><U114/><E114/><V102/><F102/><W64/><G126/><T49/><D131/><U59/><E35/><V61/><F125/><W42/><G42/><T46/><D127/><U89/><E28/><V43/><F61/><W14/><G6/><T103/><D135/><N who="2" m="51786" /><F23/><W109/><G40/><T51/><D25/><N who="3" m="9833" /><G109/><T112/><D112/><U108/><E108/><V106/><F106/><W113/><G113/><T66/><D66/><U115/><E115/><V1/><F1/><W111/><G111/><T69/><D69/><U36/><E36/><N who="2" m="13931" /><F43/><W10/><G10/><T32/><D32/><U97/><E104/><V30/><F30/><W65/><G64/><T81/><D103/><U86/><E105/><V110/><F110/><W120/><G120/><T119/><D74/><U3/><E3/><V4/><F4/><W0/><G0/><T123/><D123/><U33/><E33/><V134/><N who="2" m="51794" /><V128/><DORA hai="124" /><F128/><W39/><G39/><T47/><D119/><U50/><E60/><V107/><F107/><W100/><G100/><T98/><REACH who="0" step="1"/><D46/><REACH who="0" ten="382,356,30,222" step="2"/><U73/><E45/><V96/><F96/><AGARI ba="0,1" hai="5,9,14,56,62,65,78,79,94,96,101" m="9833" machi="96" ten="30,1000,0" yaku="8,1" doraHai="80,124" who="3" fromWho="2" sc="382,0,356,0,30,-10,222,20" />
</Scene>
<Scene>
<INIT seed="5,0,0,0,5,114" ten="382,356,20,242" oya="1" hai0="95,66,8,96,32,29,61,35,68,90,4,46,37" hai1="1,97,33,79,57,124,130,14,87,101,122,20,127" hai2="128,133,70,84,132,25,100,5,30,108,45,111,49" hai3="112,73,9,10,115,109,44,40,43,62,86,47,81"/><U17/><E33/><V131/><F100/><W39/><G109/><N who="2" m="42057" /><F84/><W71/><G73/><T110/><D110/><U104/><E1/><V60/><F5/><W21/><G21/><T82/><D29/><U91/><E122/><V125/><F25/><W48/><G62/><T34/><D46/><U106/><E130/><N who="2" m="49707" /><F30/><W19/><G71/><T105/><D37/><U67/><E79/><V36/><F36/><W88/><REACH who="3" step="1"/><G19/><REACH who="3" ten="382,356,20,232" step="2"/><T74/><D74/><U31/><E31/><V83/><F83/><W98/><G98/><T63/><D82/><U3/><E3/><V7/><F7/><W11/><AGARI ba="0,1" hai="9,10,11,39,40,43,44,47,48,81,86,88,112,115" machi="11" ten="30,4000,0" yaku="1,1,0,1,54,1,53,0" doraHai="114" doraHaiUra="102" who="3" fromWho="3" sc="382,-10,356,-20,20,-10,232,50" />
</Scene>
<Scene>
<INIT seed="6,0,0,2,5,28" ten="372,336,10,282" oya="2" hai0="35,47,69,106,78,119,81,94,109,29,19,75,88" hai1="66,129,59,34,5,14,65,90,1,58,51,9,70" hai2="24,67,102,123,134,20,107,37,56,84,43,11,26" hai3="77,49,125,99,40,30,55,17,42,53,108,21,0"/><V124/><F123/><W23/><G108/><T86/><D109/><U38/><E70/><V27/><F134/><W133/><G0/><T32/><D69/><U114/><E38/><V117/><F117/><W2/><G2/><T85/><D119/><U127/><E129/><V83/><F124/><W131/><G131/><T13/><D106/><U16/><E127/><V50/><F37/><W12/><G125/><T118/><D118/><U61/><E114/><V103/><F107/><W44/><G133/><T54/><D29/><U113/><E113/><V128/><F128/><W104/><G77/><T111/><D111/><U25/><E90/><V4/><F20/><W95/><G104/><T7/><D7/><U62/><E51/><V96/><F96/><W101/><G42/><T135/><D135/><U68/><E68/><V48/><F48/><W31/><G23/><T82/><D54/><AGARI ba="0,0" hai="12,17,21,30,31,40,44,49,53,54,55,95,99,101" machi="54" ten="40,1300,0" yaku="8,1" doraHai="28" who="3" fromWho="0" sc="372,-13,336,0,10,0,282,13" />
</Scene>
<Scene>
<INIT seed="7,0,0,1,2,7" ten="359,336,10,295" oya="3" hai0="51,75,80,110,42,22,130,50,60,101,86,63,73" hai1="24,57,19,36,37,92,64,93,128,3,124,97,66" hai2="133,17,11,102,105,112,44,47,15,91,118,21,90" hai3="27,30,71,72,48,40,4,67,62,9,119,81,98"/><W123/><G123/><T61/><D110/><U70/><E70/><V12/><F118/><W20/><G119/><T120/><D120/><U46/><E3/><V49/><F112/><W59/><G98/><T125/><D130/><U108/><E108/><V122/><F122/><W5/><G5/><T100/><D125/><U41/><E124/><V134/><F105/><W39/><G72/><T34/><D34/><U132/><E128/><V31/><F102/><N who="0" m="39530" /><D73/><U1/><E1/><V35/><F35/><W126/><G126/><T2/><D2/><U45/><E132/><V43/><F31/><W106/><G106/><T82/><D75/><U111/><E111/><V127/><F127/><W109/><G109/><T18/><D42/><U74/><E74/><V16/><F133/><W95/><G95/><T14/><D82/><U65/><E57/><V0/><F134/><W114/><G114/><T113/><D113/><U121/><E121/><V96/><F0/><W99/><G99/><T89/><AGARI ba="0,0" hai="14,18,22,50,51,60,61,63,80,86,89" m="39530" machi="89" ten="30,1100,0" yaku="8,1" doraHai="7" who="0" fromWho="0" sc="359,11,336,-3,10,-3,295,-5" owari="370,47.0,333,13.0,7,-49.0,290,-11.0" />
</Scene>
</mjloggm>