<mjloggm ver="2.3"><GO type="169" lobby="0"/><UN n0="%41%53%41%50%49%4E" n1="%E5%A4%A7%E7%8E%89%E5%B0%86" n2="%E5%B0%91%E5%B9%B4%E7%AA%81%E6%92%83%E5%9B%A3" n3="%E9%8A%80%E9%81%8A%E7%A7%81%E4%BA%BA" dan="19,17,16,17" rate="2228,2175,2043,2103" sx="M,M,M,M"/><TAIKYOKU oya="0"/>

<Scene>
<INIT seed="0,0,0,4,5,83" ten="250,250,250,250" oya="0" hai0="98,108,101,81,84,61,80,27,40,99,34,10,129" hai1="45,111,74,103,105,59,128,42,64,17,2,14,88" hai2="26,90,78,131,120,125,16,63,87,33,126,56,89" hai3="95,109,134,119,52,51,66,35,127,62,113,41,104"/><T121/><D121/><U30/><E2/><V72/><F120/><W13/><G104/><T60/><D129/><U100/><E74/><V9/><F131/><W107/><G107/><T8/><D108/><U44/><E128/><V38/><F38/><W97/><G113/><T91/><D40/><U28/><E111/><V85/><F72/><W110/><G119/><T102/><D34/><U50/><E45/><V73/><F73/><W47/><G35/><T11/><D27/><U86/><E105/><V12/><F78/><W54/><G134/><T19/><D19/><U106/><E106/><V94/><F26/><W43/><G127/><N who="2" m="48649" /><F33/><W133/><G133/><T6/><D6/><U29/><E59/><V123/><F123/><W32/><G32/><T68/><D80/><N who="1" m="49223" /><E64/><N who="2" m="39015" /><F89/><W65/><G41/><T7/><D7/><U93/><E93/><V18/><F18/><W4/><G66/><T115/><D115/><U135/><E135/><V53/><F53/><W76/><G110/><T70/><D70/><U69/><E69/><V67/><F67/><W132/><G65/><T23/><D68/><U130/><E130/><V37/><F37/><W25/><G109/><T24/><D61/><U0/><E0/><V22/><F22/><AGARI ba="0,0" hai="14,17,22,28,29,30,42,44,50,100,103" m="49223" machi="22" ten="30,3900,0" yaku="8,1,52,1,54,1" doraHai="83" who="1" fromWho="2" sc="250,0,250,39,250,-39,250,0" />
</Scene>
<Scene>
<INIT seed="1,0,0,0,2,1" ten="250,289,211,250" oya="1" hai0="118,59,135,113,99,32,120,132,0,64,91,101,65" hai1="74,116,7,94,121,51,125,11,70,72,53,40,108" hai2="24,52,8,105,37,4,46,69,44,14,104,88,127" hai3="114,117,19,75,33,16,50,96,56,90,42,87,13"/><U93/><E116/><V61/><F127/><W25/><G75/><T67/><D118/><U38/><E121/><V98/><F37/><W54/><G117/><T47/><D32/><U48/><E70/><V23/><F104/><W68/><G68/><T43/><D120/><U128/><E125/><V62/><F69/><W92/><G114/><T39/><D113/><U36/><E128/><V27/><F105/><W79/><G42/><T30/><D30/><U31/><E31/><N who="2" m="17823" /><F27/><W58/><G33/><T63/><D91/><U133/><E133/><N who="0" m="51273" /><D0/><U6/><E40/><V123/><F123/><W112/><G112/><T109/><D109/><U3/><E3/><V103/><F103/><N who="3" m="60807" /><G79/><T95/><AGARI ba="0,0" hai="39,43,47,59,63,64,65,67,95,99,101" m="51273" machi="95" ten="30,1100,0" yaku="20,1" doraHai="1" who="0" fromWho="0" sc="250,11,289,-5,211,-3,250,-3" />
</Scene>
<Scene>
<INIT seed="2,0,0,0,0,71" ten="261,284,208,247" oya="2" hai0="89,74,119,3,107,105,28,64,92,134,34,70,114" hai1="91,17,2,11,117,93,95,19,62,49,59,31,32" hai2="8,104,1,101,41,132,90,72,83,112,79,115,82" hai3="14,98,108,0,52,124,33,102,123,29,10,116,27"/><V7/><F132/><W99/><G0/><T36/><RYUUKYOKU type="yao9" ba="0,0" sc="261,0,284,0,208,0,247,0" hai0="3,28,34,36,64,70,74,89,92,105,107,114,119,134" />
</Scene>
<Scene>
<INIT seed="2,1,0,3,1,121" ten="261,284,208,247" oya="2" hai0="106,90,44,119,133,8,56,54,73,135,57,43,81" hai1="1,50,62,60,134,65,61,120,102,46,22,18,96" hai2="52,14,67,11,75,128,53,112,84,40,4,108,111" hai3="5,131,20,23,127,70,113,83,68,117,63,55,76"/><V78/><F75/><W59/><G117/><T122/><D122/><U104/><E1/><V93/><F112/><W39/><G113/><T3/><D106/><U105/><E134/><V10/><F67/><W80/><G39/><N who="0" m="21631" /><D119/><U89/><E89/><N who="2" m="53415" /><F128/><W87/><G131/><T114/><D114/><U115/><E115/><V79/><F40/><W16/><G127/><T77/><D90/><U118/><E118/><V28/><F28/><W94/><G5/><N who="0" m="1087" /><D57/><U82/><E82/><V91/><F91/><W123/><G123/><T27/><D27/><U24/><E120/><V12/><F79/><W19/><G94/><T13/><D13/><U41/><REACH who="1" step="1"/><E105/><REACH who="1" ten="261,274,208,247" step="2"/><V99/><F78/><W103/><G83/><T38/><D38/><U85/><E85/><V9/><F99/><W47/><G103/><T86/><D86/><U15/><E15/><N who="2" m="5675" /><F4/><W30/><G87/><T72/><D72/><U107/><E107/><V116/><F116/><W109/><G80/><T92/><D92/><U132/><E132/><V124/><F124/><W37/><G37/><T126/><D126/><U35/><E35/><V88/><F88/><W58/><G76/><T6/><D6/><U97/><E97/><V101/><F101/><W36/><G36/><T31/><D135/><U42/><E42/><V66/><F66/><AGARI ba="1,1" hai="18,22,24,41,46,50,60,61,62,65,66,96,102,104" machi="66" ten="40,1300,0" yaku="1,1,53,0" doraHai="121" doraHaiUra="29" who="1" fromWho="2" sc="261,0,274,26,208,-16,247,0" />
</Scene>
<Scene>
<INIT seed="3,0,0,4,3,16" ten="261,300,192,247" oya="3" hai0="57,104,59,11,101,69,83,63,92,51,120,65,94" hai1="67,95,7,130,77,105,73,14,52,40,23,117,33" hai2="125,13,72,81,86,18,45,106,32,62,135,124,134" hai3="71,58,110,27,100,76,46,132,15,29,82,113,118"/><W42/><G71/><T55/><D120/><U22/><E105/><V17/><F106/><W98/><G113/><T85/><D104/><U34/><E67/><V102/><F102/><W35/><G118/><T37/><D101/><U20/><E40/><V68/><F72/><W26/><G132/><N who="2" m="50729" /><F32/><W111/><G26/><T121/><D121/><U41/><E41/><V79/><F45/><W6/><G58/><T56/><D37/><U48/><E130/><V131/><F131/><W49/><G15/><T80/><D80/><U61/><E61/><V8/><F62/><W99/><G6/><T3/><D3/><U90/><E117/><V31/><F31/><W122/><G122/><T10/><D59/><U78/><E73/><V112/><F112/><W108/><REACH who="3" step="1"/><G100/><REACH who="3" ten="261,300,192,237" step="2"/><T60/><D69/><U28/><E28/><V75/><F68/><W88/><G88/><N who="0" m="51263" /><D63/><U50/><E7/><V66/><F13/><W1/><G1/><T0/><D0/><U96/><E14/><V30/><F79/><W119/><G119/><T4/><D4/><U107/><E78/><V54/><F124/><W89/><G89/><T47/><D57/><N who="1" m="32903" /><E77/><V103/><F125/><W128/><G128/><T9/><AGARI ba="0,1" hai="9,10,11,47,51,55,56,60,65,92,94" m="51263" machi="9" ten="30,2000,0" yaku="8,1,54,1" doraHai="16" who="0" fromWho="0" sc="261,30,300,-5,192,-5,237,-10" />
</Scene>
<Scene>
<INIT seed="4,0,0,4,1,73" ten="291,295,187,227" oya="0" hai0="24,7,83,125,55,68,86,30,74,62,134,43,67" hai1="81,64,29,48,40,129,44,11,65,124,79,132,98" hai2="63,122,53,50,120,102,8,114,66,118,76,9,14" hai3="71,105,131,49,60,26,56,78,32,35,45,13,117"/><T21/><D134/><U1/><E132/><V28/><F114/><W58/><G71/><T111/><D125/><U0/><E124/><V3/><F118/><W12/><G117/><T41/><D74/><U2/><E129/><V92/><F28/><W10/><G131/><T22/><D111/><U135/><E135/><V87/><F3/><W70/><G70/><T17/><D55/><U99/><E29/><V75/><F75/><W100/><G26/><T103/><D103/><U109/><E109/><V119/><F119/><W95/><G105/><T128/><D7/><U88/><E11/><V34/><F34/><W93/><G100/><T130/><D128/><U31/><E31/><V110/><F110/><W15/><G10/><T107/><D107/><U19/><E19/><V97/><F120/><W104/><G104/><T25/><REACH who="0" step="1"/><D130/><REACH who="0" ten="281,295,187,227" step="2"/><U6/><E6/><V113/><F53/><N who="3" m="31791" /><G32/><T85/><D85/><U123/><E123/><V115/><F87/><W84/><G35/><T18/><D18/><U89/><E65/><V36/><F122/><W4/><G4/><T96/><D96/><U127/><E64/><V54/><F66/><N who="3" m="39191" /><G45/><T90/><AGARI ba="0,1" hai="17,21,22,24,25,30,41,43,62,67,68,83,86,90" machi="90" ten="20,3900,0" yaku="1,1,0,1,7,1,53,0" doraHai="73" doraHaiUra="112" who="0" fromWho="0" sc="281,49,295,-13,187,-13,227,-13" />
</Scene>
<Scene>
<INIT seed="4,1,0,2,1,87" ten="330,282,174,214" oya="0" hai0="60,20,25,121,108,71,77,120,56,129,28,128,9" hai1="101,65,2,111,42,75,81,66,59,51,72,80,118" hai2="58,99,39,86,102,79,14,113,90,123,97,91,63" hai3="5,33,43,23,15,105,38,7,109,44,0,98,125"/><T124/><D71/><U134/><E111/><V127/><F123/><W88/><G33/><T12/><D77/><U46/><E2/><V11/><F39/><W41/><G109/><T19/><D108/><U64/><E118/><V36/><F36/><W26/><G125/><T1/><D124/><U103/><E134/><V62/><F113/><W119/><G119/><T18/><D56/><U24/><E59/><V45/><F45/><W22/><G43/><T73/><D73/><U32/><E32/><V110/><F110/><W133/><G133/><T78/><D78/><U8/><E8/><V115/><F115/><W85/><G0/><T54/><D54/><U4/><E4/><N who="2" m="3431" /><F127/><W17/><G98/><N who="2" m="37385" /><F102/><W117/><G105/><T68/><D60/><N who="2" m="23082" /><F58/><W132/><G132/><T34/><D68/><U82/><REACH who="1" step="1"/><E24/><REACH who="1" ten="330,272,174,214" step="2"/><V135/><F135/><W76/><G117/><T47/><D1/><U53/><E53/><V16/><F16/><W107/><G17/><T27/><D47/><U84/><E84/><V114/><F114/><W21/><G85/><T131/><AGARI ba="1,1" hai="9,12,18,19,20,25,27,28,34,120,121,128,129,131" machi="131" ten="30,12000,1" yaku="0,1,19,1,34,3" doraHai="87" who="0" fromWho="0" sc="330,133,272,-41,174,-41,214,-41" />
</Scene>
<Scene>
<INIT seed="4,2,0,3,2,76" ten="463,231,133,173" oya="0" hai0="130,51,45,0,67,17,11,6,74,78,84,100,13" hai1="94,80,1,30,46,33,82,54,36,123,53,95,118" hai2="135,110,43,133,50,112,57,16,86,28,3,88,116" hai3="41,87,107,81,49,93,114,8,96,127,4,48,104"/><T52/><D130/><U58/><E118/><V134/><F110/><W111/><G111/><T103/><D74/><U66/><E1/><V90/><F116/><W73/><G73/><T69/><D69/><U105/><E105/><V24/><F3/><W85/><G114/><T83/><REACH who="0" step="1"/><D67/><REACH who="0" ten="453,231,133,173" step="2"/><U120/><E66/><V37/><F133/><W10/><G127/><T131/><D131/><U129/><E129/><V56/><F134/><W60/><G107/><T113/><D113/><U40/><E120/><V101/><F135/><W63/><G104/><T92/><D92/><U121/><E123/><V97/><F112/><W26/><G93/><T77/><D77/><U55/><E121/><V27/><F101/><W34/><G81/><T109/><D109/><U61/><E94/><V2/><F90/><W25/><G96/><T22/><AGARI ba="2,1" hai="0,6,11,13,17,22,45,51,52,78,83,84,100,103" machi="22" ten="20,18000,2" yaku="1,1,0,1,7,1,52,1,54,1,53,1" doraHai="76" doraHaiUra="12" who="0" fromWho="0" sc="453,196,231,-62,133,-62,173,-62" />
</Scene>
<Scene>
<INIT seed="4,3,0,5,5,79" ten="649,169,71,111" oya="0" hai0="86,114,111,28,33,121,71,73,92,5,82,18,20" hai1="116,31,6,80,115,68,91,87,26,105,126,7,21" hai2="124,17,90,81,15,1,107,76,4,117,52,131,8" hai3="123,22,9,37,128,53,58,67,120,56,118,132,30"/><T70/><D121/><N who="3" m="46665" /><G118/><T14/><D73/><U69/><E116/><V65/><F117/><W2/><G37/><T11/><D114/><U106/><E126/><V44/><F107/><W113/><G113/><T62/><D92/><U64/><E115/><V12/><F65/><W85/><G128/><T36/><D36/><U35/><E35/><V99/><F131/><W38/><G38/><T45/><D45/><U63/><REACH who="1" step="1"/><E69/><REACH who="1" ten="649,159,71,111" step="2"/><V42/><F124/><W19/><G132/><T72/><D71/><U93/><E93/><N who="2" m="56759" /><F42/><W130/><G130/><T103/><D70/><U75/><E75/><V57/><F1/><W125/><G2/><T102/><D72/><U110/><E110/><V77/><F81/><W133/><G125/><T10/><D111/><U78/><E78/><V41/><F41/><W59/><G133/><T95/><D95/><U60/><E60/><N who="2" m="35879" /><F44/><W13/><G67/><T23/><D33/><U39/><E39/><V74/><F74/><W50/><G53/><T122/><D122/><U129/><E129/><V112/><F112/><W108/><G108/><T97/><D62/><U49/><E49/><V127/><F127/><W27/><G50/><T109/><D109/><U34/><E34/><V43/><F43/><W104/><G104/><AGARI ba="3,1" hai="6,7,21,26,31,63,64,68,80,87,91,104,105,106" machi="104" ten="40,8000,1" yaku="1,1,52,1,53,2" doraHai="79" doraHaiUra="3" who="1" fromWho="3" sc="649,0,159,99,71,0,111,-89" />
</Scene>
<Scene>
<INIT seed="5,0,0,2,0,116" ten="649,258,71,22" oya="1" hai0="63,126,8,127,15,95,9,23,69,79,52,35,114" hai1="37,72,125,51,41,107,106,42,20,64,133,25,57" hai2="43,104,46,91,113,62,6,121,93,74,81,77,80" hai3="89,5,1,32,30,65,66,18,45,0,67,115,71"/><U84/><E72/><V11/><F104/><W19/><G115/><T82/><D95/><U22/><E37/><N who="2" m="21871" /><F80/><W99/><G71/><T90/><D90/><U120/><E84/><V129/><F62/><W117/><G117/><T3/><D23/><U36/><E36/><V92/><F129/><W86/><G99/><T105/><D63/><U128/><E128/><V76/><F76/><W87/><G87/><T13/><D82/><U98/><E57/><V83/><F83/><W112/><G112/><T47/><D79/><U7/><E51/><V4/><F4/><W55/><G32/><T75/><D35/><U68/><E7/><V21/><F21/><W134/><G30/><T124/><D47/><U10/><E10/><V130/><F92/><W85/><G85/><T96/><D75/><U111/><E98/><N who="2" m="57663" /><F130/><W40/><G5/><T118/><D69/><U109/><E68/><V59/><F59/><W24/><G55/><T122/><D3/><U14/><E64/><V97/><F97/><W39/><G18/><T26/><D114/><U78/><E78/><V50/><F50/><W2/><G19/><T34/><D8/><U108/><E108/><V70/><F70/><W100/><G100/><T94/><D9/><U61/><E109/><V48/><F48/><W135/><G24/><T131/><D131/><U28/><E25/><V17/><F17/><W49/><G39/><T132/><D26/><U12/><E61/><V110/><F110/><W16/><G16/><T103/><D127/><U31/><E125/><V27/><F113/><W44/><G44/><T56/><D126/><RYUUKYOKU ba="0,0" sc="649,-10,258,-10,71,-10,22,30" hai3="0,1,2,40,45,49,65,66,67,86,89,134,135" />
</Scene>
<Scene>
<INIT seed="6,1,0,2,0,59" ten="639,248,61,52" oya="2" hai0="129,113,36,13,56,33,121,115,100,26,64,135,70" hai1="39,80,9,82,51,31,2,38,101,67,3,61,120" hai2="66,125,83,24,126,99,73,4,40,25,91,110,93" hai3="53,119,105,60,1,72,28,134,79,22,30,116,41"/><V16/><F110/><W12/><G1/><T11/><D121/><U124/><E120/><V10/><F40/><W107/><G41/><T76/><D36/><U123/><E123/><V49/><F49/><W58/><G134/><T114/><D135/><U37/><E51/><V18/><F66/><W130/><G130/><T7/><D70/><U118/><E118/><V34/><F73/><W15/><G79/><T8/><D129/><U50/><E50/><V104/><F83/><W74/><G58/><T21/><D33/><U133/><E133/><V108/><F104/><W54/><REACH who="3" step="1"/><G22/><REACH who="3" ten="639,248,61,42" step="2"/><T117/><D76/><U85/><E2/><N who="2" m="279" /><F108/><W55/><G55/><T127/><D56/><U45/><E3/><V103/><F34/><W112/><G112/><T43/><D43/><U81/><E39/><V63/><F63/><AGARI ba="1,1" hai="12,15,28,30,53,54,60,63,72,74,105,107,116,119" machi="63" ten="25,8000,1" yaku="1,1,22,2,52,2,53,0" doraHai="59" doraHaiUra="19" who="3" fromWho="2" sc="639,0,248,0,61,-83,42,93" owari="639,73.0,248,5.0,-22,-52.0,135,-26.0" />
</Scene>
</mjloggm>