<mjloggm ver="2.3"><GO type="169"/><UN n0="%41%53%41%50%49%4E" n1="%E5%B2%A1%E6%9D%91" n2="%E3%81%91%E3%82%93%31%39%37%30" n3="%74%6F%6D%6F%79%75" dan="19,17,16,16" rate="2193,2115,2112,2057" sx="M,M,M,M"/><TAIKYOKU oya="0"/>

<Scene>
<INIT seed="0,0,0,3,3,36" ten="250,250,250,250" oya="0" hai0="132,11,18,59,35,9,116,42,103,39,30,127,15" hai1="6,67,88,73,131,105,2,106,75,49,122,32,104" hai2="50,66,80,99,81,55,12,63,38,68,16,84,93" hai3="123,43,1,71,85,91,58,61,14,45,13,111,21"/><T20/><D116/><U34/><E122/><V29/><F29/><W47/><G123/><T124/><D103/><U57/><E131/><V90/><F38/><W76/><G71/><T65/><D59/><U117/><E117/><V125/><F125/><N who="0" m="48202" /><D65/><U78/><E78/><V41/><F41/><W44/><G1/><T51/><D51/><U48/><E48/><V22/><REACH who="2" step="1"/><F99/><REACH who="2" ten="250,250,240,250" step="2"/><W135/><G43/><T107/><D42/><U46/><E34/><V96/><F96/><W56/><G135/><T64/><D39/><U33/><E32/><V100/><F100/><W102/><G102/><T19/><D132/><U98/><E33/><V108/><F108/><W130/><G111/><T7/><D30/><U69/><E98/><V52/><F52/><W77/><G130/><T62/><D35/><U17/><E106/><V94/><F94/><W70/><G85/><T121/><D107/><U25/><E105/><V0/><F0/><W128/><G128/><T89/><D121/><U74/><E104/><V23/><F23/><W82/><G21/><T40/><D40/><U37/><E2/><V109/><F109/><W83/><G83/><T27/><D11/><U87/><E37/><V5/><F5/><W101/><G82/><T72/><D7/><U28/><E6/><V120/><F120/><W129/><G101/><T113/><D72/><U114/><E73/><V118/><F118/><W110/><G129/><T95/><D95/><U4/><E74/><V126/><F126/><W86/><G86/><T79/><D20/><U24/><E75/><V112/><F112/><W60/><G110/><RYUUKYOKU ba="0,1" sc="250,-10,250,-10,240,30,250,-10" hai2="12,16,22,50,55,63,66,68,80,81,84,90,93" />
</Scene>
<Scene>
<INIT seed="1,1,1,5,0,123" ten="240,240,270,240" oya="1" hai0="114,79,81,32,86,56,5,83,35,24,57,88,66" hai1="49,11,80,92,3,38,91,9,112,75,39,48,128" hai2="53,30,76,45,27,54,74,69,90,117,6,101,119" hai3="13,14,120,64,44,129,59,97,95,34,33,118,71"/><U99/><E112/><V62/><F6/><W121/><G71/><T41/><D114/><U110/><E128/><V29/><F90/><W22/><G129/><T84/><D5/><U50/><E3/><V23/><F30/><W107/><G107/><T68/><D41/><U72/><E80/><V47/><F101/><W131/><G131/><T135/><D135/><U1/><E1/><V26/><F76/><W0/><G0/><T21/><D68/><U133/><E133/><V132/><F74/><W19/><G44/><T37/><D37/><U51/><E51/><V43/><F132/><W12/><G118/><T2/><D2/><U63/><E63/><V103/><F103/><W78/><G78/><T42/><D42/><U7/><E7/><V126/><F29/><W46/><G46/><T60/><REACH who="0" step="1"/><D57/><REACH who="0" ten="230,240,270,240" step="2"/><U15/><E38/><V65/><F43/><W87/><G121/><T113/><D113/><U104/><E39/><V82/><F69/><W18/><G59/><T77/><D77/><U122/><E122/><V89/><F119/><W93/><G120/><T4/><D4/><U109/><E104/><V67/><F117/><W10/><G10/><N who="1" m="3594" /><E15/><V98/><F47/><W116/><G12/><T115/><D115/><U55/><E55/><V108/><F45/><W96/><G116/><T40/><D40/><U134/><E134/><V130/><F54/><W105/><G105/><T61/><D61/><U73/><E73/><V52/><F53/><W125/><G13/><T16/><AGARI ba="1,2" hai="16,21,24,32,35,56,60,66,79,81,83,84,86,88" machi="16" ten="20,12000,2" yaku="1,1,0,1,7,1,54,2,53,1" doraHai="123" doraHaiUra="85" who="0" fromWho="0" sc="230,143,240,-61,270,-31,240,-31" />
</Scene>
<Scene>
<INIT seed="2,0,0,2,2,62" ten="373,179,239,209" oya="2" hai0="27,123,38,98,0,81,13,95,43,49,109,10,34" hai1="20,127,122,78,115,101,35,47,48,102,84,133,17" hai2="119,74,69,53,55,89,82,68,64,28,65,40,12" hai3="19,63,52,130,46,7,96,79,126,54,92,107,110"/><V116/><F28/><W42/><G130/><T50/><D123/><U125/><E35/><V31/><F31/><W114/><G107/><T57/><D0/><U91/><E115/><V32/><F32/><W51/><G126/><N who="1" m="48138" /><E78/><V58/><F12/><W37/><G114/><T16/><D109/><U120/><E133/><V106/><F106/><W71/><G7/><T30/><D57/><U24/><E102/><V124/><F89/><W2/><G2/><T3/><D81/><N who="1" m="49551" /><E101/><V121/><F82/><W29/><G110/><T59/><D59/><U93/><E93/><V99/><F99/><W80/><G29/><T14/><D3/><U15/><E15/><V75/><F124/><W105/><G105/><T94/><D14/><U87/><E87/><V72/><F58/><W67/><G19/><T97/><D95/><U39/><E39/><V77/><F77/><W36/><G36/><T117/><D97/><U113/><E113/><V22/><F22/><W128/><G37/><T9/><D9/><U21/><E21/><V104/><F104/><W90/><REACH who="3" step="1"/><G128/><REACH who="3" ten="373,179,239,199" step="2"/><T11/><D38/><U135/><E135/><V61/><F121/><W73/><AGARI ba="0,1" hai="42,46,51,52,54,63,67,71,73,79,80,90,92,96" machi="73" ten="20,12000,2" yaku="1,1,2,1,0,1,7,1,52,1,54,1,53,0" doraHai="62" doraHaiUra="129" who="3" fromWho="3" sc="373,-30,179,-30,239,-60,199,130" />
</Scene>
<Scene>
<INIT seed="3,0,0,1,3,78" ten="343,149,179,329" oya="3" hai0="34,57,23,110,83,79,123,61,27,62,2,15,46" hai1="96,121,82,21,132,11,45,109,25,20,97,36,88" hai2="127,126,8,39,30,6,56,29,75,101,50,22,80" hai3="3,0,84,7,128,4,117,89,90,14,91,105,26"/><W9/><G117/><T71/><D123/><U33/><E121/><V10/><F39/><W65/><G105/><T58/><D2/><U99/><E132/><V74/><F101/><W122/><G122/><T104/><D104/><U125/><E125/><V5/><F56/><W100/><G100/><T70/><D110/><U69/><E69/><V38/><F22/><W28/><G65/><T134/><D134/><U111/><E11/><V77/><F38/><W120/><G120/><T115/><D115/><U60/><E60/><V13/><F50/><W17/><G128/><T37/><D15/><U68/><E68/><V51/><F51/><W35/><G3/><T124/><D34/><U18/><E21/><V73/><F73/><W133/><G133/><T41/><D124/><N who="2" m="47658" /><F75/><W113/><G113/><T66/><D27/><U19/><E19/><V87/><F74/><W1/><G1/><AGARI ba="0,0" hai="1,5,6,8,10,13,29,30,77,80,87" m="47658" machi="1" ten="30,2000,0" yaku="18,1,52,1" doraHai="78" who="2" fromWho="3" sc="343,0,149,0,179,20,329,-20" />
</Scene>
<Scene>
<INIT seed="4,0,0,2,5,104" ten="343,149,199,309" oya="0" hai0="92,79,30,106,102,12,51,80,14,2,55,134,58" hai1="109,24,22,13,3,0,78,114,1,33,40,38,18" hai2="31,50,110,20,32,11,124,71,73,133,54,59,46" hai3="135,113,45,112,69,122,108,28,116,72,42,61,130"/><T97/><D2/><U125/><E78/><V57/><F110/><W39/><RYUUKYOKU type="yao9" ba="0,0" sc="343,0,149,0,199,0,309,0" hai3="28,39,42,45,61,69,72,108,112,113,116,122,130,135" />
</Scene>
<Scene>
<INIT seed="4,1,0,0,5,121" ten="343,149,199,309" oya="0" hai0="41,59,76,33,107,20,116,111,131,29,106,113,125" hai1="109,79,46,11,9,30,43,67,15,42,68,70,65" hai2="26,115,31,52,3,71,101,48,27,8,100,37,75" hai3="32,5,92,85,130,105,91,117,7,93,83,28,84"/><T2/><D20/><U40/><E30/><V82/><F71/><N who="1" m="27177" /><E79/><V21/><F37/><W72/><G117/><T80/><D59/><U119/><E15/><V104/><F104/><N who="0" m="39978" /><D41/><U118/><E46/><V120/><F120/><W110/><G105/><T97/><D116/><N who="1" m="44587" /><E109/><V74/><F74/><W66/><G110/><T62/><D111/><U25/><E25/><V61/><F61/><W122/><G66/><AGARI ba="1,0" hai="9,11,40,42,43,65,66,67" m="44587,27177" machi="66" ten="40,2600,0" yaku="28,2" doraHai="121" who="1" fromWho="3" sc="343,0,149,29,199,0,309,-29" />
</Scene>
<Scene>
<INIT seed="5,0,0,0,4,106" ten="343,178,199,280" oya="1" hai0="16,32,130,102,27,100,105,127,74,3,91,128,77" hai1="104,129,8,131,95,79,15,108,113,25,2,124,17" hai2="88,76,121,68,99,20,83,80,5,9,126,19,6" hai3="7,64,24,37,47,51,34,21,101,1,86,33,44"/><U67/><E104/><V135/><F121/><W29/><G101/><N who="0" m="39019" /><D3/><U87/><E113/><V14/><F68/><W42/><G64/><T116/><D105/><U58/><E124/><V132/><F126/><W85/><G1/><T13/><D127/><U89/><E108/><V119/><F119/><W41/><REACH who="3" step="1"/><G7/><REACH who="3" ten="343,178,199,270" step="2"/><T48/><D116/><U62/><E2/><V45/><F6/><W111/><G111/><T30/><D130/><U96/><REACH who="1" step="1"/><E25/><REACH who="1" ten="343,168,199,270" step="2"/><V11/><F135/><W59/><G59/><T28/><D27/><U117/><E117/><V123/><F132/><W75/><G75/><T66/><D74/><U122/><E122/><V134/><F123/><W52/><G52/><T18/><D66/><U125/><E125/><V60/><F134/><W0/><G0/><T92/><D13/><U112/><E112/><V57/><F14/><W31/><G31/><T90/><D30/><U78/><E78/><V46/><F76/><W65/><G65/><T133/><D28/><U26/><E26/><V35/><F57/><W23/><G23/><T73/><D77/><U97/><E97/><V94/><F99/><W36/><G36/><T98/><D98/><U70/><E70/><V54/><F20/><W38/><G38/><T10/><D133/><U55/><E55/><V50/><F54/><W103/><G103/><T43/><D73/><U114/><E114/><V12/><F12/><W120/><G120/><T107/><D107/><U93/><E93/><V109/><F94/><W82/><G82/><AGARI ba="0,2" hai="8,15,17,58,62,67,79,82,87,89,95,96,129,131" machi="82" ten="40,2000,0" yaku="1,1,53,0" doraHai="106" doraHaiUra="39" who="1" fromWho="3" sc="343,0,168,40,199,0,270,-20" />
</Scene>
<Scene>
<INIT seed="5,1,0,1,5,58" ten="343,208,199,250" oya="1" hai0="17,15,63,132,44,66,95,51,39,133,0,2,118" hai1="123,92,3,20,88,50,81,112,36,127,10,107,120" hai2="47,32,117,109,105,99,98,1,122,54,116,35,75" hai3="74,25,124,53,30,91,55,21,77,9,86,115,65"/><U71/><E107/><V72/><F109/><W90/><G124/><T131/><D118/><U49/><E36/><V43/><F1/><W73/><G115/><T41/><D131/><U5/><E112/><V113/><F122/><W8/><G65/><T38/><D95/><U121/><E127/><V31/><F113/><W11/><G74/><T40/><D2/><U119/><E119/><V135/><F54/><N who="3" m="20491" /><G73/><T111/><D0/><U129/><E129/><V26/><F135/><N who="0" m="51786" /><D41/><U24/><E71/><V60/><F35/><W45/><G45/><T130/><D130/><U19/><REACH who="1" step="1"/><E81/><AGARI ba="1,0" hai="8,9,11,21,25,30,77,81,86,90,91" m="20491" machi="81" ten="30,1000,0" yaku="8,1" doraHai="58" who="3" fromWho="1" sc="343,0,208,-13,199,0,250,13" />
</Scene>
<Scene>
<INIT seed="6,0,0,4,0,84" ten="343,195,199,263" oya="2" hai0="100,110,107,94,75,79,97,82,123,134,49,105,71" hai1="64,44,103,36,43,52,22,34,102,81,33,95,89" hai2="39,115,112,18,98,41,70,124,66,91,10,62,32" hai3="51,114,16,131,106,113,14,55,68,121,116,96,29"/><V38/><F32/><W65/><G121/><T93/><D71/><U56/><E64/><V85/><F98/><W132/><G116/><T117/><D49/><U125/><E81/><V69/><F69/><W21/><G132/><T35/><D35/><U78/><E78/><V8/><F124/><W42/><G42/><T76/><D123/><U126/><E22/><V17/><F41/><W67/><G29/><T57/><D57/><U31/><E103/><V104/><F104/><W25/><G25/><T58/><D58/><U63/><E102/><V109/><F109/><W9/><G9/><N who="2" m="3689" /><F39/><W118/><G118/><T133/><D117/><U122/><E122/><V59/><F70/><W80/><G80/><N who="0" m="45087" /><D107/><U45/><E31/><V2/><F2/><W37/><G131/><T128/><D110/><U24/><E24/><V23/><F38/><W61/><G37/><T135/><D128/><U28/><E28/><V7/><F7/><W120/><G120/><T111/><D111/><U1/><E1/><V50/><F50/><W5/><G5/><T13/><D13/><U83/><E83/><N who="2" m="49599" /><F23/><W77/><G68/><T73/><AGARI ba="0,0" hai="73,79,82,93,94,97,100,105,133,134,135" m="45087" machi="73" ten="30,4000,0" yaku="20,1,34,2" doraHai="84" who="0" fromWho="0" sc="343,40,195,-10,199,-20,263,-10" />
</Scene>
<Scene>
<INIT seed="7,0,0,2,5,133" ten="383,185,179,253" oya="3" hai0="14,130,23,82,33,8,129,122,17,96,10,132,106" hai1="53,69,37,42,25,18,13,29,6,1,107,59,128" hai2="84,66,99,74,50,123,135,39,27,108,0,63,70" hai3="72,64,126,56,65,101,19,38,88,20,35,131,3"/><W91/><G38/><T115/><D122/><U68/><E107/><V89/><F108/><W93/><G35/><T73/><D33/><N who="1" m="20655" /><E42/><V90/><F74/><W67/><G3/><T47/><D132/><U76/><E37/><V109/><F109/><W118/><G118/><T9/><D115/><U7/><E76/><V98/><F135/><W49/><G131/><N who="0" m="50187" /><D47/><U92/><E92/><V134/><F39/><W79/><G126/><T120/><D120/><U110/><E7/><V55/><F123/><W61/><G49/><T78/><D96/><U30/><E30/><V31/><F134/><W117/><G79/><T111/><D111/><U83/><E110/><V4/><F90/><W11/><G11/><T41/><D41/><U62/><E128/><V22/><F4/><W75/><G75/><T71/><D71/><U24/><E68/><V58/><F0/><W94/><G72/><T12/><D106/><U77/><E69/><V46/><F70/><W2/><G2/><T80/><D80/><AGARI ba="0,0" hai="22,27,31,46,50,55,58,63,66,80,84,89,98,99" machi="80" ten="30,2000,0" yaku="7,1,8,1" doraHai="133" who="2" fromWho="0" sc="383,-20,185,0,179,20,253,0" owari="363,46.0,185,-31.0,199,-20.0,253,5.0" />
</Scene>
</mjloggm>