<mjloggm ver="2.3"><GO type="169"/><UN n0="%E2%98%85%E3%82%86%E3%83%BC%E2%98%86" n1="%41%53%41%50%49%4E" n2="%E9%BA%BB%E9%9B%80%E6%88%A6%E5%A3%AB%E2%98%86%E3%81%AA%E3%81%AE%E3%81%AF" n3="%6B%6F%67%65%70%61%6E" dan="17,18,16,17" rate="2194,2223,2142,2161" sx="M,M,F,M"/><TAIKYOKU oya="0"/>

<Scene>
<INIT seed="0,0,0,5,5,79" ten="250,250,250,250" oya="0" hai0="15,8,24,98,106,60,58,5,23,46,70,102,75" hai1="55,51,54,97,87,78,94,64,91,17,52,44,43" hai2="27,84,134,37,53,61,95,39,10,71,14,124,80" hai3="25,40,109,19,0,63,11,33,21,131,13,104,68"/><T99/><D75/><U26/><E64/><V6/><F124/><W74/><G74/><T105/><D46/><U130/><E130/><V81/><F134/><W34/><G104/><T7/><D70/><U62/><E62/><V3/><F3/><W120/><G40/><T86/><D7/><U77/><E97/><V48/><F71/><W49/><G49/><T29/><D86/><U9/><E9/><V69/><F69/><W20/><G63/><T50/><D50/><U135/><E135/><V1/><F1/><W108/><G68/><T90/><D90/><U31/><REACH who="1" step="1"/><E17/><REACH who="1" ten="250,240,250,250" step="2"/><V115/><F61/><W128/><G120/><T41/><D41/><U30/><E30/><V73/><F115/><W116/><G116/><T57/><REACH who="0" step="1"/><D60/><REACH who="0" ten="240,240,250,250" step="2"/><U42/><E42/><V85/><F6/><N who="3" m="1479" /><G128/><T22/><D22/><AGARI ba="0,2" hai="22,26,31,43,44,51,52,54,55,77,78,87,91,94" machi="22" ten="40,8000,1" yaku="1,1,8,1,54,1,53,1" doraHai="79" doraHaiUra="88" who="1" fromWho="0" sc="240,-80,240,100,250,0,250,0" />
</Scene>
<Scene>
<INIT seed="1,0,0,0,4,62" ten="160,340,250,250" oya="1" hai0="21,18,28,74,130,59,6,27,67,89,35,98,77" hai1="29,23,39,73,113,96,70,117,22,69,133,2,99" hai2="78,26,119,127,61,110,14,7,58,131,87,10,112" hai3="19,1,86,34,49,100,109,13,66,50,82,121,36"/><U135/><E2/><V125/><F119/><W65/><G121/><T5/><D130/><U8/><E8/><V0/><F131/><W84/><G1/><T64/><D74/><U53/><E73/><V104/><F104/><W48/><G34/><T68/><D77/><U134/><E39/><V4/><F112/><W108/><G36/><T88/><D68/><U43/><E43/><V56/><F110/><N who="3" m="42603" /><G100/><T37/><D37/><U71/><E53/><V57/><F7/><N who="0" m="2570" /><D35/><U102/><E29/><V128/><F0/><W9/><G86/><T54/><D28/><U92/><E113/><V55/><F128/><W30/><G30/><T123/><D123/><U63/><E117/><V114/><F114/><W15/><G15/><T11/><D11/><U90/><REACH who="1" step="1"/><E63/><REACH who="1" ten="160,330,250,250" step="2"/><V60/><F60/><W32/><G32/><T79/><D79/><AGARI ba="0,1" hai="9,13,19,48,49,50,65,66,79,82,84" m="42603" machi="79" ten="30,3900,0" yaku="14,1,52,2" doraHai="62" who="3" fromWho="0" sc="160,-39,330,0,250,0,250,49" />
</Scene>
<Scene>
<INIT seed="2,0,0,3,2,135" ten="121,330,250,299" oya="2" hai0="18,87,95,33,36,66,58,63,134,72,105,119,30" hai1="129,120,48,123,115,57,77,54,127,24,64,124,7" hai2="84,19,5,104,106,49,46,12,76,99,6,102,69" hai3="88,116,2,93,10,44,61,52,15,82,125,101,71"/><V100/><F69/><W114/><G116/><T17/><D105/><U92/><E115/><V9/><F102/><W75/><G114/><T45/><D72/><U90/><E77/><V74/><F74/><W59/><G2/><T11/><D134/><U32/><E129/><V13/><F106/><W97/><G71/><T65/><D119/><U109/><E109/><V68/><F68/><W108/><G108/><T89/><D66/><U37/><E37/><V39/><F39/><W81/><G75/><T55/><D33/><U132/><E132/><V27/><F27/><W130/><G130/><T112/><D112/><U14/><E64/><V111/><F111/><W28/><G28/><T60/><D30/><N who="1" m="19527" /><E7/><V51/><F51/><N who="3" m="28775" /><G101/><T50/><D36/><U29/><E14/><V22/><F5/><N who="3" m="3535" /><G125/><N who="1" m="48202" /><E29/><V0/><F0/><W4/><G4/><T73/><D73/><U133/><E133/><V70/><F6/><W131/><G131/><T107/><D65/><AGARI ba="0,0" hai="59,61,65,81,82,88,93,97" m="3535,28775" machi="65" ten="30,3900,0" yaku="8,1,54,2" doraHai="135" who="3" fromWho="0" sc="121,-39,330,0,250,0,299,39" />
</Scene>
<Scene>
<INIT seed="3,0,0,0,0,14" ten="82,330,250,338" oya="3" hai0="127,37,87,94,55,86,119,5,52,44,132,80,99" hai1="38,47,77,107,46,112,32,64,15,67,90,69,19" hai2="68,30,118,134,26,12,70,24,130,81,133,113,10" hai3="101,120,95,74,82,35,114,121,1,39,7,57,109"/><W105/><G114/><T97/><D119/><U71/><E112/><V79/><F113/><W8/><G95/><T117/><D117/><U61/><E32/><V4/><F118/><W111/><G35/><T56/><D132/><N who="2" m="50794" /><F130/><W6/><G6/><T33/><D33/><U11/><E107/><V0/><F0/><W93/><G93/><T131/><D127/><U88/><E77/><V9/><F9/><W50/><G39/><T85/><D131/><U2/><E2/><V75/><F30/><W36/><G36/><T43/><D80/><U18/><E38/><V108/><F108/><N who="3" m="41547" /><G50/><T125/><D125/><U128/><E128/><V104/><F104/><W102/><G57/><T83/><D83/><U16/><E15/><V25/><AGARI ba="0,0" hai="4,10,12,24,25,26,68,70,75,79,81" m="50794" machi="25" ten="30,1100,0" yaku="20,1" doraHai="14" who="2" fromWho="2" sc="82,-3,330,-3,250,11,338,-5" />
</Scene>
<Scene>
<INIT seed="4,0,0,5,0,83" ten="79,327,261,333" oya="0" hai0="48,106,31,62,93,111,1,126,124,125,27,10,16" hai1="70,78,102,110,95,114,22,88,45,25,131,14,64" hai2="80,15,24,96,58,79,44,5,99,97,86,49,77" hai3="38,118,63,129,72,39,117,122,66,92,113,23,75"/><T51/><D106/><U59/><E110/><V26/><F58/><W55/><G122/><T121/><D121/><U21/><E70/><V36/><F36/><N who="3" m="13867" /><G55/><T134/><D111/><U94/><E131/><V107/><F79/><W116/><G92/><T54/><D134/><U133/><E133/><V123/><F107/><W12/><G23/><T127/><N who="0" m="31744" /><DORA hai="43" /><T11/><D93/><U81/><E114/><V82/><F82/><W29/><G12/><N who="0" m="7191" /><D62/><N who="1" m="37983" /><E14/><V20/><F123/><W84/><G113/><T56/><D51/><U120/><E120/><V18/><F5/><W7/><G7/><N who="0" m="1519" /><D27/><U41/><E25/><V52/><AGARI ba="0,0" hai="15,18,20,24,26,44,49,52,77,80,86,96,97,99" machi="52" ten="30,8000,1" yaku="0,1,8,1,52,2,54,1" doraHai="83,43" who="2" fromWho="2" sc="79,-40,327,-20,261,80,333,-20" />
</Scene>
<Scene>
<INIT seed="5,0,0,0,4,135" ten="39,307,341,313" oya="1" hai0="97,38,85,20,34,110,55,44,105,108,109,111,70" hai1="10,32,14,78,73,29,57,59,101,103,104,27,87" hai2="39,1,21,41,112,128,36,106,121,65,68,28,84" hai3="115,120,23,42,53,90,18,122,12,95,100,19,25"/><U40/><E73/><V11/><F121/><W131/><G115/><T99/><N who="0" m="27648" /><DORA hai="116" /><T91/><D34/><U74/><E74/><V93/><F106/><W81/><G131/><T30/><D70/><U54/><E104/><V24/><F128/><W43/><G100/><T71/><D71/><U67/><E40/><V8/><F112/><W56/><G81/><T118/><D118/><U63/><E87/><V88/><F1/><W26/><G43/><T17/><D30/><U79/><E79/><V123/><F123/><W61/><G42/><T6/><D6/><U46/><E46/><V83/><F41/><W45/><G45/><T33/><D33/><U66/><E78/><V52/><F52/><W35/><G26/><T129/><D38/><U2/><E2/><V80/><F39/><W125/><G125/><T37/><D37/><U76/><E76/><V58/><F68/><W69/><G69/><T22/><D129/><U60/><REACH who="1" step="1"/><E54/><REACH who="1" ten="39,297,341,313" step="2"/><V16/><F36/><W86/><REACH who="3" step="1"/><G35/><REACH who="3" ten="39,297,341,303" step="2"/><T47/><D105/><U92/><E92/><V31/><F93/><W82/><G82/><T132/><D47/><U127/><E127/><V98/><F83/><W5/><G5/><AGARI ba="0,2" hai="5,10,14,27,29,32,57,59,60,63,66,67,101,103" machi="5" ten="30,5800,0" yaku="1,1,7,1,9,1,53,0" doraHai="135,116" doraHaiUra="50,124" who="1" fromWho="3" sc="39,0,297,78,341,0,303,-58" />
</Scene>
<Scene>
<INIT seed="5,1,0,1,1,34" ten="39,375,341,245" oya="1" hai0="40,60,58,89,61,125,90,134,14,76,42,31,119" hai1="32,36,3,22,50,111,56,96,116,78,117,107,17" hai2="132,77,8,53,6,85,38,30,15,130,49,129,10" hai3="46,100,7,18,135,81,93,109,133,98,13,21,73"/><U28/><E36/><V59/><F38/><W122/><G109/><T105/><D105/><U45/><E111/><V102/><F132/><W26/><G122/><T41/><D119/><U24/><E78/><V33/><F102/><W43/><G73/><T4/><D134/><N who="3" m="51209" /><G81/><T52/><D125/><U9/><E56/><V67/><F67/><W131/><G131/><T2/><D76/><U5/><E96/><V103/><F103/><W48/><G7/><T64/><D31/><U84/><E84/><V66/><F66/><W87/><G87/><T108/><D108/><U82/><E82/><V94/><F30/><W120/><G120/><T47/><D14/><AGARI ba="1,0" hai="13,14,18,21,26,43,46,48,93,98,100" m="51209" machi="14" ten="30,1000,0" yaku="20,1" doraHai="34" who="3" fromWho="0" sc="39,-13,375,0,341,0,245,13" />
</Scene>
<Scene>
<INIT seed="6,0,0,3,5,75" ten="26,375,341,258" oya="2" hai0="31,61,121,18,35,17,83,0,92,132,24,69,95" hai1="133,112,1,41,51,53,39,116,115,111,100,30,12" hai2="66,23,113,72,3,15,22,130,122,4,2,73,123" hai3="44,80,54,120,96,65,45,89,5,119,11,13,70"/><V49/><F130/><W60/><G119/><T20/><D121/><U104/><E1/><V55/><F66/><W7/><G120/><T124/><D69/><U86/><E116/><V57/><F113/><N who="1" m="43593" /><E111/><V37/><F37/><W94/><G7/><T59/><D132/><U8/><E30/><V117/><F117/><W52/><G45/><T6/><D124/><U129/><E41/><V68/><F68/><W63/><G44/><T14/><D18/><N who="1" m="8455" /><E39/><V38/><F38/><W79/><REACH who="3" step="1"/><G63/><REACH who="3" ten="26,375,341,248" step="2"/><T126/><D126/><U71/><E129/><V125/><F125/><W106/><G106/><T9/><REACH who="0" step="1"/><D83/><REACH who="0" ten="16,375,341,248" step="2"/><U105/><E133/><V43/><F123/><W78/><G78/><T67/><AGARI ba="0,2" hai="0,6,9,14,17,20,24,31,35,59,61,67,92,95" machi="67" ten="20,12000,2" yaku="1,1,2,1,0,1,7,1,24,2,53,1" doraHai="75" doraHaiUra="34" who="0" fromWho="0" sc="16,140,375,-30,341,-60,248,-30" />
</Scene>
<Scene>
<INIT seed="7,0,0,0,4,29" ten="156,345,281,218" oya="3" hai0="120,40,122,18,49,68,123,118,31,95,23,77,74" hai1="112,121,88,104,73,20,45,57,51,48,55,1,59" hai2="7,126,114,98,86,100,41,134,91,103,115,33,34" hai3="130,32,35,25,10,90,71,110,87,42,75,132,50"/><W5/><G75/><T11/><D68/><U111/><E111/><V70/><F70/><W39/><G71/><T6/><D95/><U72/><E121/><V53/><F41/><W52/><G110/><T133/><D118/><U85/><E1/><V79/><F126/><W80/><G130/><T93/><D93/><U44/><E104/><V36/><F36/><W13/><G132/><T61/><D133/><U47/><E112/><N who="2" m="43051" /><F134/><W62/><G62/><T131/><D131/><U105/><E105/><V16/><F7/><W38/><G42/><T127/><D127/><U109/><E109/><V108/><F108/><W19/><G5/><T106/><D106/><U58/><E20/><V69/><F69/><W21/><G39/><T3/><D61/><N who="1" m="36031" /><E73/><V89/><F79/><W65/><G65/><T119/><D119/><U82/><E72/><V97/><F53/><W43/><G43/><T14/><D49/><AGARI ba="0,0" hai="44,45,47,48,49,51,58,59,82,85,88" m="36031" machi="49" ten="30,2000,0" yaku="8,1,54,1" doraHai="29" who="1" fromWho="0" sc="156,-20,345,20,281,0,218,0" owari="136,-36.0,365,46.0,281,8.0,218,-18.0" />
</Scene>
</mjloggm>