<mjloggm ver="2.3"><GO type="169"/><UN n0="%41%53%41%50%49%4E" n1="%E9%81%BF%E3%81%91%E3%82%8B%E3%83%81%E3%83%BC%E3%82%BA" n2="%E3%81%B5%E3%82%82%E3%81%B5%E3%82%82%E3%81%A3%E3%81%B5" n3="%67%6F%6F%64%62%79%65" dan="19,17,16,17" rate="2207,2214,2064,2170" sx="M,F,M,F"/><TAIKYOKU oya="0"/>

<Scene>
<INIT seed="0,0,0,1,5,62" ten="250,250,250,250" oya="0" hai0="86,96,82,118,57,75,77,67,103,23,109,97,124" hai1="121,98,135,10,101,59,5,17,89,128,127,85,16" hai2="68,71,87,29,134,102,61,91,126,76,80,115,28" hai3="106,51,132,66,15,4,47,78,95,111,56,133,6"/><T107/><D118/><U27/><E121/><V11/><F115/><W65/><G106/><T3/><D3/><U120/><E120/><V30/><F134/><N who="3" m="51819" /><G56/><T104/><D124/><U53/><E135/><V26/><F126/><W92/><G78/><T94/><D23/><U22/><E128/><V64/><F102/><W9/><G4/><T42/><D42/><U41/><E41/><V131/><F131/><W31/><G31/><T70/><D57/><U52/><E17/><V18/><F71/><W113/><G113/><T108/><D67/><N who="3" m="25609" /><G111/><N who="0" m="42571" /><D70/><U69/><E69/><V74/><F76/><W44/><G44/><T34/><D34/><U14/><E59/><V88/><F74/><W123/><G123/><T19/><D19/><U100/><E127/><V60/><F60/><W58/><G58/><T114/><D114/><U7/><E7/><V20/><F11/><W81/><G81/><T129/><D129/><U43/><E43/><AGARI ba="0,0" hai="6,9,15,43,47,51,92,95" m="25609,51819" machi="43" ten="30,7700,0" yaku="20,1,52,3" doraHai="62" who="3" fromWho="1" sc="250,0,250,-77,250,0,250,77" />
</Scene>
<Scene>
<INIT seed="1,0,0,3,4,118" ten="250,173,250,327" oya="1" hai0="12,102,24,5,63,75,104,72,117,3,42,60,79" hai1="96,77,31,93,78,52,0,100,13,68,95,123,7" hai2="56,30,6,89,74,80,17,14,50,109,62,32,36" hai3="8,88,125,26,69,90,98,114,29,76,105,132,33"/><U111/><E68/><V124/><F36/><W126/><G69/><T101/><D117/><U55/><E0/><V46/><F6/><W20/><G114/><T67/><D3/><U53/><E31/><V65/><F109/><W64/><G64/><T119/><D119/><U113/><E113/><V127/><F32/><W82/><G33/><T66/><D79/><U48/><E111/><V47/><F30/><W116/><G116/><T27/><D5/><U87/><E123/><V71/><F71/><W110/><G110/><T129/><D12/><U94/><E48/><V61/><F61/><W70/><G70/><T21/><D42/><U83/><REACH who="1" step="1"/><E78/><REACH who="1" ten="250,163,250,327" step="2"/><N who="2" m="44119" /><F50/><W9/><G126/><N who="2" m="48169" /><F89/><W22/><G125/><T115/><D115/><U49/><E49/><V10/><AGARI ba="0,1" hai="10,14,17,46,47,56,62,65" m="48169,44119" machi="10" ten="30,1100,0" yaku="18,1" doraHai="118" who="2" fromWho="2" sc="250,-3,163,-5,250,21,327,-3" />
</Scene>
<Scene>
<INIT seed="2,0,0,1,2,76" ten="247,158,271,324" oya="2" hai0="12,9,114,131,116,90,94,14,81,42,52,39,88" hai1="26,58,28,101,127,59,46,0,1,38,18,124,56" hai2="31,111,69,20,134,118,37,79,60,53,71,86,105" hai3="130,2,95,92,106,22,100,35,6,72,96,84,135"/><V4/><F118/><W68/><G35/><T126/><D114/><U11/><E101/><V50/><F105/><W40/><G68/><T107/><D107/><U122/><E122/><V5/><F37/><W47/><G130/><T77/><D131/><U117/><E117/><V97/><F97/><W16/><G72/><T55/><D116/><U133/><E133/><V48/><F134/><W61/><G61/><T41/><D126/><U112/><E112/><V54/><F69/><W80/><G6/><N who="2" m="2665" /><F71/><W99/><G2/><T57/><D39/><U13/><E38/><V66/><F66/><W85/><G85/><N who="0" m="50223" /><D77/><U125/><REACH who="1" step="1"/><E46/><REACH who="1" ten="247,148,271,324" step="2"/><V132/><F132/><W45/><G135/><T21/><D21/><AGARI ba="0,1" hai="0,1,11,13,18,21,26,28,56,58,59,124,125,127" machi="21" ten="50,6400,0" yaku="1,1,2,1,18,1,53,0" doraHai="76" doraHaiUra="62" who="1" fromWho="0" sc="247,-64,148,74,271,0,324,0" />
</Scene>
<Scene>
<INIT seed="3,0,0,3,4,59" ten="183,222,271,324" oya="3" hai0="53,85,70,17,22,96,8,95,113,84,129,2,56" hai1="82,89,1,91,36,66,50,92,117,14,79,110,116" hai2="88,46,62,103,74,23,135,71,4,43,18,13,125" hai3="124,94,9,19,114,111,99,10,134,112,12,21,42"/><W121/><G121/><T29/><D70/><U34/><E1/><V35/><F74/><W122/><G122/><T41/><D129/><U65/><E36/><V7/><F35/><W0/><G134/><T107/><D107/><U127/><E34/><V6/><F103/><W26/><G124/><T131/><D131/><U93/><E127/><V123/><F125/><W40/><G0/><T55/><D113/><U51/><E14/><V126/><F126/><W63/><G9/><T73/><D73/><U115/><E79/><V39/><F123/><W16/><G111/><T68/><D68/><U133/><E82/><V104/><F104/><W108/><G108/><T54/><D41/><U106/><E106/><V3/><F135/><W75/><G75/><T130/><D130/><U109/><REACH who="1" step="1"/><E133/><REACH who="1" ten="183,212,271,324" step="2"/><V25/><F3/><W60/><G114/><AGARI ba="0,1" hai="50,51,65,66,89,91,92,93,109,110,114,115,116,117" machi="114" ten="25,6400,0" yaku="1,1,2,1,22,2,53,0" doraHai="59" doraHaiUra="67" who="1" fromWho="3" sc="183,0,212,74,271,0,324,-64" />
</Scene>
<Scene>
<INIT seed="4,0,0,3,0,47" ten="183,286,271,260" oya="0" hai0="112,10,52,59,3,46,88,126,50,98,94,99,2" hai1="45,21,28,107,70,100,129,40,41,37,38,53,61" hai2="124,89,135,48,103,51,42,4,120,93,95,56,92" hai3="26,6,119,87,122,63,39,13,128,72,43,77,11"/><T132/><D112/><U35/><E129/><V80/><F120/><W36/><G119/><T55/><D132/><U22/><E35/><V66/><F135/><W31/><G122/><T106/><D126/><U84/><E28/><V125/><F4/><W79/><G72/><T1/><D106/><U18/><E84/><N who="2" m="50311" /><F42/><W83/><G79/><T90/><D10/><U34/><E34/><V82/><F82/><W23/><G128/><T49/><D1/><U69/><E100/><V105/><F105/><W130/><G130/><T44/><D59/><U19/><E107/><V114/><F114/><W78/><G78/><T113/><D113/><U17/><E53/><V116/><F116/><W29/><G29/><T97/><D97/><U96/><E96/><N who="2" m="59783" /><F125/><W104/><G104/><T121/><D121/><U109/><E109/><V131/><F131/><W102/><G102/><T108/><D108/><U101/><E101/><V33/><F33/><W8/><G8/><T12/><D12/><U54/><E70/><V62/><F124/><W24/><G24/><T25/><D25/><U32/><E32/><V15/><F15/><W117/><G117/><T67/><D67/><U68/><E68/><V7/><F7/><W85/><G13/><T127/><D127/><U27/><E27/><V58/><F58/><W123/><G26/><T0/><D0/><U65/><E38/><V9/><F9/><W16/><G36/><T5/><D5/><U110/><E37/><V118/><F118/><W111/><G39/><T20/><D94/><AGARI ba="0,0" hai="48,51,56,62,66,93,94,95" m="59783,50311" machi="94" ten="30,3900,0" yaku="8,1,52,2" doraHai="47" who="2" fromWho="0" sc="183,-39,286,0,271,39,260,0" />
</Scene>
<Scene>
<INIT seed="5,0,0,5,5,101" ten="144,286,310,260" oya="1" hai0="98,117,131,1,112,34,91,70,132,92,107,55,5" hai1="47,0,68,114,99,7,37,103,29,50,42,113,83" hai2="89,80,130,20,6,19,122,21,59,118,97,121,56" hai3="58,26,32,65,78,33,134,86,116,41,16,35,102"/><U67/><E29/><V69/><F69/><W90/><G116/><T115/><D117/><U124/><E124/><V11/><F118/><W123/><G123/><T13/><D70/><U119/><E119/><V2/><F130/><W95/><G134/><T51/><D131/><U15/><E15/><V22/><F19/><W17/><G41/><T128/><D128/><U52/><E83/><V109/><F109/><W14/><G78/><T82/><D34/><U43/><E7/><V81/><F97/><W44/><G44/><T61/><D61/><N who="1" m="40047" /><E0/><V12/><F2/><W96/><G26/><T93/><D1/><U133/><E133/><V53/><F59/><W27/><G27/><T87/><D132/><U36/><E103/><V106/><F106/><W76/><G76/><T40/><D40/><N who="1" m="15403" /><E99/><V45/><F89/><W84/><G84/><T88/><D82/><U31/><E31/><V48/><F81/><W127/><G127/><T110/><D110/><U100/><E100/><V111/><F80/><W8/><G17/><T129/><D129/><U135/><E135/><V75/><F111/><W54/><G35/><T105/><D13/><U94/><E94/><V30/><F75/><W73/><G73/><T77/><D5/><U126/><E126/><V71/><F30/><W18/><G18/><T120/><D77/><U60/><E60/><V38/><F122/><W10/><G33/><T4/><D120/><U25/><E25/><V39/><F121/><W104/><G32/><T24/><D4/><U28/><E28/><V74/><F74/><W3/><G3/><T49/><D24/><RYUUKYOKU ba="0,0" sc="144,-10,286,30,310,-10,260,-10" hai1="36,37,47,50,52,113,114" />
</Scene>
<Scene>
<INIT seed="5,1,0,1,3,87" ten="134,316,300,250" oya="1" hai0="82,63,2,46,1,118,8,93,109,71,134,30,58" hai1="20,113,7,39,74,79,45,40,32,36,5,41,116" hai2="94,125,126,75,10,62,97,103,90,127,111,4,114" hai3="88,29,56,47,115,73,18,119,121,9,106,25,70"/><U68/><E116/><V76/><F111/><W77/><G121/><T128/><D109/><U12/><E32/><V23/><F23/><W131/><G106/><T11/><D118/><U65/><E113/><V84/><F62/><W107/><G107/><T24/><D71/><U80/><E65/><V124/><F124/><W83/><G70/><T57/><D128/><U50/><E68/><V85/><F114/><W102/><G102/><T120/><D120/><U3/><E3/><V104/><F10/><W112/><G119/><T108/><D108/><U64/><E64/><V67/><F4/><W13/><G131/><T55/><D134/><U26/><E12/><V105/><F67/><W86/><G56/><T133/><D133/><U132/><E132/><V98/><F104/><W110/><G47/><T95/><D46/><U52/><E40/><V53/><F53/><W59/><G59/><T78/><D57/><U81/><E81/><AGARI ba="1,0" hai="75,76,81,84,85,90,94,97,98,103,105,125,126,127" machi="81" ten="40,8000,1" yaku="18,1,34,3,52,1" doraHai="87" who="2" fromWho="1" sc="134,0,316,-83,300,83,250,0" />
</Scene>
<Scene>
<INIT seed="6,0,0,0,0,95" ten="134,233,383,250" oya="2" hai0="133,90,20,60,52,122,75,73,115,80,130,105,27" hai1="44,131,41,38,59,12,48,102,84,69,32,107,98" hai2="42,78,6,9,62,100,81,129,104,1,106,39,132" hai3="116,91,31,26,35,13,85,72,79,77,120,64,4"/><V121/><F121/><W124/><G120/><T92/><D122/><U89/><E32/><V36/><F62/><W43/><G116/><T76/><D105/><U99/><E69/><V68/><F68/><W58/><G72/><T51/><D115/><U3/><E3/><V103/><F132/><W74/><G74/><T54/><D133/><U11/><E131/><V7/><F129/><W128/><G43/><T21/><D130/><U22/><E22/><V117/><F7/><W93/><G128/><T16/><D73/><U15/><E11/><V111/><F117/><W96/><G124/><T28/><D51/><U18/><E18/><V126/><F126/><W46/><G46/><T5/><D5/><U14/><E14/><V34/><F34/><W119/><G119/><T47/><D47/><U24/><E24/><V55/><F55/><W70/><G70/><T87/><REACH who="0" step="1"/><D60/><REACH who="0" ten="124,233,383,250" step="2"/><U94/><E107/><V86/><F106/><W23/><G4/><T67/><D67/><U49/><E49/><V123/><F104/><W66/><G64/><T118/><D118/><U101/><E48/><V2/><F123/><W125/><G125/><T40/><D40/><U25/><E41/><V112/><F42/><W88/><G66/><T50/><D50/><U33/><E38/><V63/><F39/><W61/><G61/><T113/><D113/><U30/><E44/><V97/><F63/><W65/><G65/><T134/><D134/><U110/><E110/><V127/><F111/><W17/><G58/><T56/><D56/><U114/><E59/><V135/><F36/><W45/><G45/><RYUUKYOKU ba="0,1" sc="124,15,233,-15,383,-15,250,15" hai0="16,20,21,27,28,52,54,75,76,80,87,90,92" hai3="13,17,23,26,31,35,77,79,85,88,91,93,96" />
</Scene>
<Scene>
<INIT seed="7,1,1,1,2,87" ten="139,218,368,265" oya="3" hai0="99,18,21,111,3,7,47,64,93,27,122,46,39" hai1="53,26,113,32,23,75,30,38,66,130,91,102,55" hai2="110,10,119,134,15,24,19,81,31,13,72,20,70" hai3="123,34,59,133,107,101,54,79,6,14,118,77,96"/><W9/><G123/><T8/><D111/><U42/><E75/><V1/><F70/><W83/><G118/><T120/><D64/><U127/><E113/><V12/><F72/><W85/><G133/><T60/><D60/><U84/><E127/><V109/><F81/><W78/><REACH who="3" step="1"/><G34/><REACH who="3" ten="139,218,368,255" step="2"/><T76/><D76/><U65/><E32/><N who="2" m="20583" /><F134/><W90/><G90/><T40/><REACH who="0" step="1"/><D47/><REACH who="0" ten="129,218,368,255" step="2"/><U28/><E130/><V121/><F121/><W48/><AGARI ba="1,3" hai="6,9,14,48,54,59,77,78,79,83,85,96,101,107" machi="48" ten="20,3900,0" yaku="1,1,0,1,7,1,53,0" doraHai="87" doraHaiUra="116" who="3" fromWho="3" sc="129,-14,218,-14,368,-14,255,72" />
</Scene>
<Scene>
<INIT seed="7,2,0,3,5,64" ten="115,204,354,327" oya="3" hai0="108,104,51,40,18,121,86,69,68,73,16,112,85" hai1="122,124,126,61,1,10,54,67,107,89,131,39,19" hai2="71,127,106,60,8,128,6,119,4,70,79,63,134" hai3="23,83,100,31,97,81,57,82,87,11,48,98,129"/><W74/><G129/><T125/><D108/><U96/><E122/><V9/><F128/><W66/><G74/><T17/><D121/><U46/><E131/><V56/><F119/><W25/><G98/><T95/><D73/><U21/><E10/><V113/><F106/><W38/><G38/><T15/><D104/><U59/><E1/><V41/><F41/><W114/><G114/><T80/><D112/><U28/><E28/><V90/><F113/><W93/><G11/><T33/><D33/><U29/><E29/><V52/><F79/><W130/><G130/><T22/><D125/><U117/><E117/><V123/><F90/><W3/><G3/><T26/><D95/><N who="1" m="56431" /><E107/><V105/><F105/><W20/><G20/><T72/><D72/><U53/><E39/><V44/><F134/><W135/><G135/><T27/><D27/><N who="1" m="14783" /><E67/><V92/><F127/><W115/><G115/><T116/><D116/><U32/><E32/><V0/><F92/><W58/><G66/><T75/><D75/><U78/><E78/><V36/><F123/><W7/><G7/><T13/><D13/><U43/><E43/><V37/><F37/><W109/><G109/><T30/><D15/><U77/><E77/><V88/><F88/><W110/><G110/><T132/><D132/><U14/><E14/><V101/><F101/><W65/><G83/><T102/><D102/><U94/><E94/><V62/><F6/><W76/><G82/><T118/><D118/><U45/><E45/><V2/><F8/><W50/><G65/><T55/><D80/><U103/><E103/><V12/><F2/><RYUUKYOKU ba="2,0" sc="115,-15,204,15,354,-15,327,15" hai1="46,53,54,59,61,124,126" hai3="23,25,31,48,50,57,58,76,81,87,93,97,100" owari="100,-40.0,219,-18.0,339,14.0,342,44.0" />
</Scene>
</mjloggm>