<mjloggm ver="2.3"><GO type="169" lobby="0"/><UN n0="%E3%81%BE%E3%81%AA%E3%81%84%E3%81%9F%E3%82%88%E3%81%86%E3%81%98%E3%82%87" n1="%6D%65%24%6F" n2="%EF%BC%BC%28%EF%BC%BE%6F%EF%BC%BE%29%EF%BC%8F%E2%98%85" n3="%41%53%41%50%49%4E" dan="17,16,17,19" rate="2120.69,2091.45,2153.38,2306.72" sx="M,M,M,M"/><TAIKYOKU oya="0"/>

<Scene>
<INIT seed="0,0,0,4,0,63" ten="250,250,250,250" oya="0" hai0="68,72,74,127,77,52,29,57,23,99,10,134,5" hai1="3,60,34,12,81,36,48,126,110,32,61,122,129" hai2="59,93,123,33,112,94,43,8,20,53,131,103,92" hai3="28,9,100,1,88,6,49,121,90,46,17,130,113"/><T75/><D68/><U16/><E3/><V38/><F33/><W78/><G113/><T69/><D69/><U89/><E36/><V50/><F112/><W105/><G130/><T51/><D134/><U42/><E122/><V97/><F123/><W132/><G132/><T21/><D77/><U117/><E129/><V7/><F131/><W41/><G121/><T40/><D40/><U22/><E117/><V80/><F20/><W119/><G119/><T124/><D99/><U118/><E118/><V91/><F38/><W65/><G28/><T107/><D107/><U54/><E126/><N who="0" m="48169" /><D29/><U39/><E39/><V82/><F43/><W133/><G133/><T85/><D85/><U135/><E135/><V24/><F24/><W37/><G100/><T115/><D115/><U116/><E116/><V13/><F94/><W71/><G105/><T2/><AGARI ba="0,0" hai="2,5,10,21,23,51,52,57,72,74,75" m="48169" machi="2" ten="40,3900,0" yaku="18,1,54,1" doraHai="63" who="0" fromWho="0" sc="250,39,250,-13,250,-13,250,-13" />
</Scene>
<Scene>
<INIT seed="0,1,0,1,1,128" ten="289,237,237,237" oya="0" hai0="88,129,19,89,71,0,20,76,58,37,47,93,51" hai1="56,38,30,86,3,53,31,5,111,70,33,78,65" hai2="104,99,81,85,82,131,1,36,35,79,18,42,23" hai3="106,64,44,114,62,8,26,54,124,125,43,2,95"/><T68/><D0/><U59/><E38/><V121/><F35/><W112/><G106/><T134/><D37/><U34/><E70/><V28/><F28/><W22/><G54/><T97/><D76/><U92/><E111/><V15/><F1/><W122/><G122/><T116/><D116/><U17/><E65/><V52/><F121/><W41/><G95/><T83/><D129/><U105/><E105/><V50/><F131/><W132/><G8/><T29/><D29/><U91/><E78/><V75/><F36/><W72/><G2/><T135/><D58/><U98/><E59/><V127/><F42/><N who="3" m="15883" /><G72/><T102/><D83/><U118/><E118/><V103/><F127/><N who="3" m="48715" /><G44/><T108/><D108/><U77/><E3/><V119/><F119/><W74/><G74/><T115/><D115/><U94/><E5/><V61/><F61/><W13/><G13/><N who="0" m="9327" /><D71/><U21/><E33/><V100/><F82/><W96/><G22/><T57/><D68/><U11/><E34/><V110/><F110/><W66/><G26/><T84/><D57/><U133/><E56/><V117/><F117/><W80/><G80/><T12/><D12/><U24/><E31/><V130/><F130/><W10/><G112/><T32/><D32/><U60/><E30/><V14/><F14/><W16/><G114/><T63/><D63/><U87/><E60/><V113/><F113/><W6/><G62/><T69/><D69/><U109/><E109/><V107/><F75/><W9/><G64/><T4/><D4/><U90/><E24/><V101/><F107/><W126/><N who="3" m="48723" /><W7/><DORA hai="46" /><G66/><RYUUKYOKU ba="1,0" sc="289,-10,237,-10,237,30,237,-10" hai2="15,18,23,50,52,79,81,85,99,100,101,103,104" />
</Scene>
<Scene>
<INIT seed="1,2,0,3,1,103" ten="279,227,267,227" oya="1" hai0="29,42,99,56,126,46,128,28,109,19,53,111,41" hai1="32,94,82,36,61,88,101,124,110,75,63,13,60" hai2="15,27,68,102,123,125,2,104,33,17,121,30,40" hai3="74,72,134,85,118,119,6,12,22,65,114,51,57"/><U77/><E32/><V1/><F40/><W78/><G114/><T107/><D128/><U31/><E31/><V106/><F68/><W130/><G130/><T120/><D126/><U112/><E112/><V66/><F66/><W35/><G35/><T5/><D5/><U133/><E124/><V9/><F125/><W80/><G134/><T87/><D120/><U90/><E36/><V131/><F131/><W16/><G6/><T105/><D99/><U81/><E133/><V127/><F127/><W76/><G76/><T34/><D87/><U71/><E110/><N who="0" m="41993" /><D19/><U23/><E71/><V115/><F115/><W55/><REACH who="3" step="1"/><G65/><REACH who="3" ten="279,227,267,217" step="2"/><T37/><D34/><U69/><E69/><V10/><F123/><W44/><G44/><T24/><D41/><U122/><E122/><V116/><F121/><W50/><G50/><N who="0" m="30775" /><D24/><U64/><E64/><V43/><F43/><W21/><G21/><T73/><D73/><AGARI ba="2,1" hai="12,16,22,51,55,57,72,73,74,78,80,85,118,119" machi="73" ten="40,2600,0" yaku="1,1,54,1,53,0" doraHai="103" doraHaiUra="7" who="3" fromWho="0" sc="279,-32,227,0,267,0,217,42" />
</Scene>
<Scene>
<INIT seed="2,0,0,4,0,84" ten="247,227,267,259" oya="2" hai0="81,25,111,66,76,13,102,69,11,121,7,131,57" hai1="88,96,38,92,87,74,80,94,27,48,16,55,19" hai2="54,28,20,100,89,63,33,77,53,109,24,118,29" hai3="65,113,91,134,52,32,26,132,106,129,101,120,127"/><V79/><F118/><W37/><G120/><T45/><D121/><U51/><E38/><V18/><F109/><W9/><G37/><T93/><D69/><U75/><E48/><V110/><F110/><W58/><G65/><T8/><D111/><U44/><E94/><V68/><F100/><W43/><G43/><T21/><D131/><U0/><E0/><V47/><F29/><W50/><G129/><T34/><D34/><U133/><E133/><N who="3" m="51306" /><G9/><N who="0" m="4287" /><D45/><U112/><E112/><V82/><F68/><W122/><G127/><T62/><D81/><U123/><E123/><V85/><F47/><W1/><G1/><T36/><D76/><U35/><E35/><V124/><F124/><W126/><G126/><T49/><D49/><U31/><E31/><V17/><F17/><N who="1" m="6729" /><E74/><V2/><F2/><W61/><G113/><T119/><D119/><U14/><E75/><V10/><F10/><W5/><G5/><T128/><D36/><U30/><E30/><V64/><F79/><W99/><G32/><T73/><D73/><U56/><E27/><V12/><REACH who="2" step="1"/><F77/><REACH who="2" ten="247,227,257,259" step="2"/><W23/><G122/><T97/><D128/><U86/><E44/><V71/><AGARI ba="0,1" hai="12,18,20,24,28,33,53,54,63,64,71,82,85,89" machi="71" ten="20,12000,1" yaku="1,1,2,1,0,1,7,1,52,1,53,0" doraHai="84" doraHaiUra="107" who="2" fromWho="2" sc="247,-40,227,-40,257,130,259,-40" />
</Scene>
<Scene>
<INIT seed="2,1,0,1,3,135" ten="207,187,387,219" oya="2" hai0="62,30,3,46,34,40,79,105,12,20,91,50,15" hai1="111,74,64,131,78,25,83,116,98,55,33,38,58" hai2="32,10,122,77,42,59,134,100,92,45,17,49,81" hai3="67,133,90,31,71,19,108,123,114,124,96,112,61"/><V125/><F122/><W27/><G123/><T82/><D34/><U110/><E116/><V23/><F32/><W68/><G133/><T97/><D3/><U103/><E38/><V22/><F134/><W5/><G108/><T73/><D62/><U57/><E131/><V120/><F125/><W88/><G71/><T76/><D76/><U99/><E64/><V129/><F129/><W65/><G65/><T44/><D30/><U104/><E99/><V37/><F120/><W13/><G5/><T118/><D118/><U56/><E33/><V101/><F10/><W47/><G124/><T39/><D20/><U11/><E25/><V126/><F126/><W2/><G2/><T29/><D29/><U14/><REACH who="1" step="1"/><E55/><REACH who="1" ten="207,177,387,219" step="2"/><V63/><F37/><W53/><G96/><T75/><D97/><U52/><E52/><V66/><F66/><W127/><G127/><T95/><D39/><U18/><AGARI ba="1,1" hai="11,14,18,56,57,58,74,78,83,98,103,104,110,111" machi="18" ten="30,2000,0" yaku="1,1,0,1,53,0" doraHai="135" doraHaiUra="26" who="1" fromWho="1" sc="207,-6,177,33,387,-11,219,-6" />
</Scene>
<Scene>
<INIT seed="3,0,0,0,3,38" ten="201,210,376,213" oya="3" hai0="70,85,123,27,78,20,18,128,56,97,23,75,29" hai1="30,53,92,110,0,33,49,65,25,100,105,44,135" hai2="1,96,26,66,88,3,35,32,54,84,126,12,79" hai3="98,34,113,95,15,21,90,119,117,24,112,48,106"/><W107/><G34/><T19/><D123/><U62/><E135/><V102/><F79/><W121/><G121/><T5/><D70/><U10/><E110/><V131/><F131/><W111/><G15/><T41/><D75/><U71/><E92/><V89/><F126/><W118/><G111/><T73/><D73/><U101/><E10/><V134/><F134/><W52/><G106/><T6/><D128/><U87/><E87/><V76/><F76/><W17/><REACH who="3" step="1"/><G107/><REACH who="3" ten="201,210,376,203" step="2"/><T127/><D127/><U7/><E105/><V133/><F12/><W28/><G28/><T60/><D29/><U68/><E0/><V43/><F35/><W69/><G69/><T91/><D20/><U82/><E71/><V50/><F1/><W51/><G51/><T93/><D19/><U64/><E68/><V4/><F3/><W45/><AGARI ba="0,1" hai="17,21,24,45,48,52,90,95,98,112,113,117,118,119" machi="45" ten="30,11700,0" yaku="1,1,0,1,54,1,53,1" doraHai="38" doraHaiUra="16" who="3" fromWho="3" sc="201,-39,210,-39,376,-39,203,127" />
</Scene>
<Scene>
<INIT seed="3,1,0,1,0,92" ten="162,171,337,330" oya="3" hai0="124,3,104,105,89,96,42,117,125,67,37,91,64" hai1="20,74,121,55,15,50,126,108,129,113,56,112,134" hai2="120,7,60,71,95,128,83,34,131,80,48,54,76" hai3="47,16,53,90,99,85,118,87,26,81,33,5,25"/><W107/><G118/><T4/><D117/><U62/><E121/><V31/><F120/><W84/><G5/><T114/><D37/><U11/><E74/><V116/><F116/><W51/><G26/><T57/><D42/><U94/><E108/><V123/><F123/><W59/><G47/><T2/><D114/><U29/><E126/><N who="0" m="48745" /><D57/><U0/><E0/><N who="0" m="41" /><D4/><U43/><E129/><V65/><F7/><W32/><G32/><T78/><D78/><U49/><E134/><V36/><F36/><W12/><G25/><T44/><D44/><U27/><E43/><V110/><F34/><W23/><REACH who="3" step="1"/><G33/><REACH who="3" ten="162,171,337,320" step="2"/><T19/><D19/><U111/><E113/><V133/><F131/><W21/><G21/><T35/><D35/><U58/><E112/><V102/><F128/><W45/><G45/><T109/><D109/><U30/><E111/><V72/><F110/><W63/><G63/><T41/><D41/><U38/><E29/><V46/><F60/><W88/><G88/><T18/><D18/><U93/><E38/><V127/><F31/><W106/><G106/><T13/><D89/><U101/><E62/><V6/><F6/><W119/><G119/><T24/><D24/><U17/><E101/><AGARI ba="1,1" hai="12,16,23,51,53,59,81,84,85,87,90,99,101,107" machi="101" ten="40,7700,0" yaku="1,1,52,1,54,1,53,0" doraHai="92" doraHaiUra="61" who="3" fromWho="1" sc="162,0,171,-80,337,0,320,90" />
</Scene>
<Scene>
<INIT seed="3,2,0,0,4,38" ten="162,91,337,410" oya="3" hai0="115,35,70,24,55,64,86,85,27,22,6,31,16" hai1="56,26,130,19,57,20,77,23,135,126,62,66,128" hai2="100,12,58,89,30,110,0,25,103,9,40,87,81" hai3="131,134,54,44,121,78,28,118,93,4,125,92,52"/><W82/><G118/><T5/><D115/><U18/><E126/><V13/><F110/><W32/><G121/><T104/><D104/><U61/><E135/><V75/><F0/><W73/><G134/><T39/><D39/><U1/><E1/><V34/><F75/><W45/><G125/><T11/><D6/><U123/><E123/><V46/><F58/><W133/><G133/><T111/><D111/><U76/><E128/><V90/><F90/><W68/><G68/><T113/><D113/><U117/><E130/><V120/><F120/><W83/><G131/><T7/><D7/><U49/><E49/><V47/><F47/><W95/><G4/><T10/><D10/><U51/><E51/><V108/><F108/><W33/><G93/><T2/><REACH who="0" step="1"/><D55/><REACH who="0" ten="152,91,337,410" step="2"/><U106/><E106/><V98/><F9/><W129/><G52/><T8/><D8/><U74/><E117/><V99/><F103/><W60/><G54/><T122/><D122/><U48/><E48/><V3/><F100/><W36/><G36/><T15/><D15/><N who="1" m="9311" /><E74/><V63/><F3/><W72/><G129/><T79/><D79/><U96/><E96/><V94/><F99/><W65/><G78/><T43/><D43/><U29/><E77/><V119/><F119/><W97/><G97/><T67/><D67/><N who="1" m="39335" /><E76/><V50/><F63/><AGARI ba="2,1" hai="2,5,11,16,22,24,27,31,35,63,64,70,85,86" machi="63" ten="40,2600,0" yaku="1,1,54,1,53,0" doraHai="38" doraHaiUra="127" who="0" fromWho="2" sc="152,42,91,0,337,-32,410,0" />
</Scene>
<Scene>
<INIT seed="4,0,0,2,3,44" ten="194,91,305,410" oya="0" hai0="20,51,72,17,29,105,99,57,5,92,26,15,8" hai1="61,88,106,54,58,25,12,40,50,10,86,103,33" hai2="133,96,74,84,101,62,70,107,43,80,68,75,42" hai3="39,123,112,45,41,9,94,27,23,22,67,131,18"/><T73/><D105/><U113/><E106/><V109/><F109/><W28/><G112/><T104/><D104/><U124/><E113/><V95/><F133/><W98/><G131/><T79/><D79/><U11/><E124/><V35/><F35/><W87/><G123/><T89/><REACH who="0" step="1"/><D29/><REACH who="0" ten="184,91,305,410" step="2"/><U3/><E103/><V127/><F107/><W31/><G28/><T120/><D120/><U34/><E3/><V77/><F127/><W65/><G31/><T93/><D93/><N who="1" m="54423" /><E33/><V48/><F77/><W110/><G94/><T37/><D37/><U38/><E34/><V100/><F101/><W2/><G39/><T52/><AGARI ba="0,1" hai="5,8,15,17,20,26,51,52,57,72,73,89,92,99" machi="52" ten="30,11700,0" yaku="1,1,0,1,52,1,54,1,53,0" doraHai="44" doraHaiUra="119" who="0" fromWho="0" sc="184,127,91,-39,305,-39,410,-39" />
</Scene>
<Scene>
<INIT seed="4,1,0,4,4,59" ten="311,52,266,371" oya="0" hai0="6,109,38,27,2,118,102,67,99,11,132,1,115" hai1="73,57,40,23,30,3,5,108,112,14,32,119,77" hai2="52,51,4,86,85,107,33,128,20,65,69,63,70" hai3="123,74,12,61,129,19,53,98,26,126,111,36,83"/><T47/><D118/><U66/><E119/><V54/><F33/><W135/><G111/><T72/><D115/><U41/><E108/><V91/><F128/><W48/><G36/><T62/><D109/><U90/><E112/><V60/><F107/><W125/><G129/><T84/><D84/><U76/><E32/><V94/><F4/><W7/><G135/><T35/><D72/><U80/><E3/><V134/><F134/><W71/><G7/><T103/><D1/><U46/><E76/><V17/><F86/><W29/><G123/><T13/><D13/><U88/><E41/><V0/><F0/><W116/><G116/><T58/><D132/><U131/><E131/><V110/><F110/><W127/><G98/><T55/><D99/><U105/><E105/><V89/><F89/><W22/><G83/><T49/><REACH who="0" step="1"/><D38/><REACH who="0" ten="301,52,266,371" step="2"/><U95/><E5/><V106/><F106/><W120/><G74/><T82/><D82/><U28/><E14/><V24/><F51/><W9/><G120/><T50/><D50/><U93/><E93/><V10/><F10/><W44/><G126/><T122/><D122/><U113/><E113/><V45/><F85/><W130/><G130/><T104/><D104/><U96/><E23/><V78/><F20/><W133/><G133/><T114/><D114/><U56/><E90/><V87/><F78/><W101/><G101/><T100/><D100/><U64/><E64/><V124/><F91/><W39/><G39/><T79/><D79/><U117/><E117/><V43/><F94/><W34/><G34/><T37/><D37/><N who="1" m="21775" /><E66/><V97/><F65/><RYUUKYOKU ba="1,1" sc="301,10,52,10,266,-30,371,10" hai0="2,6,11,27,35,47,49,55,58,62,67,102,103" hai1="28,30,56,57,73,77,80,88,95,96" hai3="9,12,19,22,26,29,44,48,53,61,71,125,127" />
</Scene>
<Scene>
<INIT seed="4,2,1,1,0,64" ten="311,62,236,381" oya="0" hai0="5,115,28,46,119,114,59,117,18,31,118,75,56" hai1="81,67,65,25,42,79,93,130,120,134,50,19,70" hai2="91,129,104,2,32,3,99,16,71,86,107,88,133" hai3="9,13,76,36,52,111,58,26,95,51,7,40,92"/><T123/><D75/><U102/><E120/><V6/><F32/><W69/><G111/><T112/><D5/><U49/><E130/><V1/><F129/><W94/><G69/><T15/><D46/><U62/><E67/><V66/><F6/><W10/><G36/><T39/><D39/><U109/><E109/><V53/><F53/><W38/><G38/><T106/><D106/><U72/><E134/><V34/><F34/><W60/><G76/><T87/><D87/><U98/><REACH who="1" step="1"/><E42/><REACH who="1" ten="311,52,236,381" step="2"/><V12/><F133/><W4/><G40/><T83/><D123/><U131/><E131/><V127/><F66/><W8/><G4/><T113/><D113/><U27/><E27/><V30/><F3/><W132/><G132/><T47/><D114/><U45/><E45/><V17/><F2/><W37/><G26/><T97/><D118/><U125/><E125/><V14/><F1/><W90/><G7/><T128/><D47/><U89/><E89/><V24/><F24/><W96/><G90/><T85/><D128/><U44/><E44/><V103/><F127/><W29/><G37/><T68/><D119/><U101/><E101/><V22/><F103/><W108/><G108/><T80/><D117/><U82/><E82/><V41/><F41/><W63/><G13/><T100/><D115/><U121/><E121/><V0/><F0/><W116/><G116/><T43/><D112/><U122/><E122/><V20/><F91/><N who="3" m="55327" /><G29/><T33/><D28/><U73/><E73/><V61/><F30/><W55/><G55/><T110/><D31/><U124/><E124/><V11/><F14/><RYUUKYOKU ba="2,2" sc="311,-15,52,15,236,-15,381,15" hai1="19,25,49,50,62,65,70,72,79,81,93,98,102" hai3="8,9,10,51,52,58,60,63,94,95" />
</Scene>
<Scene>
<INIT seed="5,3,2,3,1,36" ten="296,67,221,396" oya="1" hai0="100,80,93,65,127,126,26,112,14,58,84,78,40" hai1="51,70,45,42,114,28,49,20,103,135,17,11,10" hai2="71,55,115,101,91,24,56,53,16,123,86,18,89" hai3="90,125,116,88,99,13,52,30,119,31,9,110,60"/><U19/><E70/><V25/><F71/><W67/><G110/><T29/><D112/><U117/><E117/><N who="3" m="45130" /><G125/><T1/><D1/><U98/><E114/><V108/><F115/><W109/><G52/><N who="2" m="20041" /><F108/><W105/><G109/><T48/><D14/><U64/><E135/><V132/><F132/><W44/><G44/><T37/><D37/><U92/><E64/><V83/><F123/><W120/><G120/><T106/><D106/><U15/><E51/><V69/><F69/><N who="3" m="42215" /><G105/><T129/><D126/><U111/><E111/><V68/><F68/><W8/><G8/><N who="1" m="3114" /><E19/><N who="2" m="7211" /><F101/><W34/><G99/><T124/><D127/><U128/><E128/><V43/><F56/><W47/><G47/><T73/><D58/><U61/><E61/><V96/><F43/><W46/><G46/><T76/><D40/><U118/><E118/><V41/><F41/><W35/><G35/><T131/><D124/><U63/><E63/><V134/><F134/><W3/><G3/><T33/><D65/><U133/><E133/><V32/><F32/><W39/><G39/><T62/><D62/><U54/><E54/><V72/><F72/><W4/><G34/><T97/><D48/><U130/><E130/><V81/><F96/><W87/><G87/><AGARI ba="3,2" hai="24,25,81,83,86,87,89,91" m="7211,20041" machi="87" ten="30,3900,0" yaku="8,1,54,2" doraHai="36" who="2" fromWho="3" sc="296,0,67,0,221,68,396,-48" />
</Scene>
<Scene>
<INIT seed="6,0,0,3,3,43" ten="296,67,289,348" oya="2" hai0="21,62,95,94,17,68,45,11,89,49,86,24,36" hai1="60,84,96,97,116,93,112,32,7,71,73,27,129" hai2="61,115,6,50,40,20,10,103,75,9,33,133,128" hai3="56,76,126,13,114,59,37,63,18,83,28,30,123"/><V104/><F33/><W3/><G123/><T44/><D36/><U2/><E116/><V15/><F75/><W66/><G3/><T72/><D72/><U51/><E73/><V5/><F133/><W4/><G4/><T54/><D11/><U77/><E129/><V101/><F128/><W98/><G37/><T53/><D68/><U46/><E112/><V99/><F115/><W19/><G114/><T106/><D106/><U105/><E105/><V131/><F131/><W82/><G126/><T87/><D62/><U41/><E2/><V39/><F39/><W134/><G134/><T135/><D135/><U124/><E7/><V107/><F20/><W130/><G130/><T111/><D111/><U90/><E124/><V52/><F40/><W125/><G125/><T67/><D67/><U14/><E14/><V108/><F61/><N who="3" m="38183" /><G98/><N who="0" m="57679" /><D95/><U64/><REACH who="1" step="1"/><E77/><REACH who="1" ten="296,57,289,348" step="2"/><V74/><F74/><W26/><G76/><T29/><D29/><AGARI ba="0,1" hai="27,29,32,41,46,51,60,64,71,84,90,93,96,97" machi="29" ten="40,5200,0" yaku="1,1,2,1,52,1,53,0" doraHai="43" doraHaiUra="1" who="1" fromWho="0" sc="296,-52,57,62,289,0,348,0" />
</Scene>
<Scene>
<INIT seed="7,0,0,3,1,40" ten="244,119,289,348" oya="3" hai0="45,71,15,113,62,9,127,129,78,36,10,60,16" hai1="67,91,109,77,8,43,85,64,4,5,130,57,104" hai2="35,80,122,22,135,90,111,124,11,118,58,24,89" hai3="79,50,84,68,65,117,103,116,105,131,96,53,119"/><W100/><G131/><T31/><D31/><U47/><E130/><V26/><F111/><W12/><G100/><T27/><D129/><U93/><E104/><V97/><F118/><W75/><G75/><T19/><D71/><U18/><E109/><V23/><F135/><W66/><G68/><T39/><D78/><U56/><E18/><V29/><F124/><W132/><G132/><T34/><D34/><U74/><E74/><V76/><F122/><W82/><REACH who="3" step="1"/><G12/><REACH who="3" ten="244,119,289,338" step="2"/><T110/><D110/><U51/><E4/><V20/><F11/><W33/><G33/><T73/><D73/><U102/><E102/><V17/><F58/><AGARI ba="0,1" hai="50,53,58,65,66,79,82,84,96,103,105,116,117,119" machi="58" ten="40,12000,1" yaku="1,1,53,3" doraHai="40" doraHaiUra="112" who="3" fromWho="2" sc="244,0,119,0,289,-120,338,130" owari="244,4.0,119,-38.0,169,-23.0,468,57.0" />
</Scene>
</mjloggm>