<mjloggm ver="2.3"><GO type="169" lobby="0"/><UN n0="%E6%AD%A6%E5%A3%AB%E6%B2%A2%E7%A7%80%E8%A1%8C" n1="%41%53%41%50%49%4E" n2="%E3%82%82%E3%81%97%E3%83%A9%E3%82%B9%E3%81%A7" n3="%E3%83%8E%E3%83%B3%E3%83%A9%E3%82%B9%E6%89%93%E6%B3%95" dan="17,18,16,17" rate="2182,2199,2051,2112" sx="M,M,M,M"/><TAIKYOKU oya="0"/>

<Scene>
<INIT seed="0,0,0,1,3,8" ten="250,250,250,250" oya="0" hai0="112,110,50,59,43,79,55,75,109,103,14,98,36" hai1="60,27,15,108,78,61,23,28,12,128,5,90,120" hai2="92,82,64,40,31,100,114,63,34,107,44,68,38" hai3="95,91,87,48,124,125,119,7,17,83,126,135,67"/><T41/><D112/><U2/><E120/><V3/><F92/><W30/><G119/><T13/><D79/><U16/><E108/><N who="0" m="41577" /><D75/><U37/><E37/><V116/><F82/><W26/><G135/><T115/><D115/><U122/><E122/><V132/><F114/><W18/><G67/><T118/><D118/><U32/><E128/><V76/><F76/><N who="3" m="46567" /><G48/><T70/><D70/><U96/><E15/><N who="0" m="5641" /><D36/><U89/><E78/><V24/><F116/><W73/><G7/><T6/><D6/><U111/><E111/><V46/><F38/><W47/><G73/><T71/><D71/><U77/><E77/><V104/><F68/><W102/><G102/><T33/><D33/><U11/><E89/><V97/><F34/><N who="3" m="20823" /><G47/><T39/><D39/><U53/><E53/><V72/><F46/><W131/><G131/><T134/><D134/><U105/><E90/><V49/><F132/><W66/><G66/><T62/><D50/><U130/><E130/><V19/><F72/><W69/><G69/><T99/><D99/><AGARI ba="0,0" hai="17,18,91,95,99,124,125,126" m="20823,46567" machi="99" ten="30,1000,0" yaku="18,1" doraHai="8" who="3" fromWho="0" sc="250,-10,250,0,250,0,250,10" />
</Scene>
<Scene>
<INIT seed="1,0,0,5,1,96" ten="240,250,250,260" oya="1" hai0="132,109,69,45,38,19,78,72,131,120,12,128,101" hai1="8,64,112,98,11,110,80,104,116,29,91,3,81" hai2="44,1,4,20,16,108,54,66,21,105,30,63,94" hai3="106,67,135,40,102,42,75,134,58,55,95,126,5"/><U113/><E116/><V23/><F105/><W100/><G75/><T24/><D120/><U118/><E118/><V33/><F108/><W129/><G67/><T46/><D69/><U130/><E130/><N who="0" m="49705" /><D132/><N who="3" m="50729" /><G129/><T43/><D109/><U77/><E110/><V60/><F33/><W70/><G70/><T0/><D0/><U48/><E64/><V65/><F30/><W53/><G106/><T13/><D46/><U17/><E29/><V117/><F117/><W84/><G126/><T111/><D111/><U92/><E104/><V51/><F1/><W127/><G5/><T97/><D78/><U47/><E81/><V15/><F4/><W61/><G55/><T2/><D2/><U68/><E17/><V83/><F83/><W73/><G73/><T82/><D82/><U90/><E90/><V32/><F32/><W31/><G31/><T99/><D72/><U107/><E107/><V41/><F54/><W14/><G14/><N who="0" m="5739" /><D101/><N who="3" m="39017" /><G127/><T6/><D6/><U79/><E68/><V35/><F65/><W39/><G39/><T125/><D125/><U88/><E3/><V87/><F66/><W18/><G18/><T25/><D19/><U59/><E112/><V133/><F133/><W119/><G119/><T86/><D38/><U115/><E113/><V62/><F35/><W10/><G10/><T57/><D25/><U50/><E11/><V89/><AGARI ba="0,0" hai="15,16,20,21,23,41,44,51,60,62,63,87,89,94" machi="89" ten="30,4000,0" yaku="0,1,8,1,54,1" doraHai="96" who="2" fromWho="2" sc="240,-10,250,-20,250,40,260,-10" />
</Scene>
<Scene>
<INIT seed="2,0,0,2,3,35" ten="230,230,290,250" oya="2" hai0="98,128,125,55,111,71,38,110,74,39,88,104,52" hai1="11,34,117,93,66,97,22,45,40,32,82,50,59" hai2="3,20,124,57,118,44,5,28,62,109,84,68,99" hai3="114,127,103,105,24,12,101,95,60,77,56,14,48"/><V112/><F68/><W83/><G127/><T102/><D74/><U73/><E117/><V21/><F118/><W119/><G119/><T129/><D71/><U10/><E34/><V72/><F72/><W86/><G114/><T6/><D6/><U64/><E32/><V134/><F112/><W4/><G105/><T133/><D125/><U53/><E22/><V49/><F124/><W37/><G37/><N who="0" m="13835" /><D133/><U106/><E106/><V90/><F99/><W126/><G126/><T15/><D15/><U76/><E11/><V89/><F134/><W33/><G48/><T27/><D27/><U94/><E10/><V2/><F5/><W132/><G132/><T69/><D69/><U0/><E0/><V17/><F28/><W30/><G4/><T47/><D88/><U61/><E94/><V36/><F89/><AGARI ba="0,0" hai="40,45,50,53,59,61,64,66,73,76,82,89,93,97" machi="89" ten="30,1000,0" yaku="7,1" doraHai="35" who="1" fromWho="2" sc="230,0,230,10,290,-10,250,0" />
</Scene>
<Scene>
<INIT seed="3,0,0,2,1,16" ten="230,240,280,250" oya="3" hai0="49,89,1,117,27,99,96,41,132,85,115,88,71" hai1="109,77,119,44,86,118,52,6,134,108,19,111,129" hai2="3,55,22,15,79,21,116,92,61,64,43,131,87" hai3="56,128,34,97,120,98,133,66,106,72,73,124,114"/><W121/><G34/><T59/><D117/><N who="1" m="44555" /><E6/><V46/><F3/><W50/><G50/><T113/><D132/><U102/><E134/><V76/><F116/><W82/><G133/><T101/><D71/><U4/><E4/><V91/><F131/><W12/><G128/><T78/><D1/><U42/><E129/><V84/><F55/><W17/><G114/><N who="0" m="43531" /><D78/><U62/><E102/><V53/><F53/><W39/><G39/><T37/><D37/><N who="1" m="21583" /><E19/><V112/><F15/><W130/><G106/><N who="0" m="63783" /><D99/><U100/><E100/><V24/><F24/><W33/><G97/><T67/><D85/><U30/><E30/><V26/><F26/><W83/><G98/><T13/><D13/><U2/><E2/><V0/><F0/><W7/><G12/><T68/><D68/><U90/><E77/><V38/><F79/><W60/><G130/><T94/><D94/><U75/><E75/><V126/><F76/><W14/><G73/><T25/><D41/><U123/><E123/><V47/><F43/><W9/><G72/><T8/><D8/><U95/><E108/><V80/><F92/><W23/><G9/><T81/><D81/><U127/><E127/><V135/><F126/><W35/><G124/><T105/><D105/><U10/><E10/><V125/><F125/><W103/><G83/><T5/><D5/><U104/><E104/><V18/><F112/><W54/><G7/><T57/><D89/><U65/><E65/><V51/><F135/><W11/><G120/><T74/><D74/><U63/><E52/><V110/><F91/><W40/><G121/><T58/><D67/><RYUUKYOKU ba="0,0" sc="230,-10,240,30,280,-10,250,-10" hai1="62,63,86,90,95,109,111" />
</Scene>
<Scene>
<INIT seed="4,1,0,1,2,131" ten="220,270,270,240" oya="0" hai0="45,5,110,100,102,33,8,88,51,1,106,48,107" hai1="74,75,35,40,96,68,79,71,13,121,128,108,119" hai2="53,38,111,50,3,86,117,103,91,46,28,36,11" hai3="16,30,23,83,98,123,101,134,115,105,104,64,114"/><T72/><D72/><U127/><E128/><V87/><F111/><W97/><G123/><T7/><D110/><U47/><E108/><V2/><F117/><W14/><G30/><T61/><D33/><U59/><E119/><V80/><F28/><W19/><G64/><T113/><D61/><U84/><E35/><V60/><F103/><W78/><G98/><T109/><D109/><U67/><E121/><V54/><F2/><W132/><G19/><T116/><D116/><U17/><E127/><V69/><F3/><W130/><G130/><T118/><D118/><U10/><E59/><V6/><F6/><W55/><G55/><T37/><D37/><U31/><E31/><V90/><F11/><W81/><G105/><T24/><D8/><U41/><E41/><V34/><F34/><W58/><G58/><T52/><D1/><U57/><E57/><V15/><F15/><W70/><G70/><T85/><D113/><N who="3" m="43017" /><G83/><N who="0" m="49215" /><D107/><U56/><E71/><V12/><F54/><W94/><G94/><T21/><D106/><U73/><E68/><V26/><F69/><W43/><G43/><N who="0" m="24639" /><D102/><U4/><E75/><AGARI ba="1,0" hai="14,16,23,75,78,81,97,101,104,132,134" m="43017" machi="75" ten="30,7700,0" yaku="15,1,52,2,54,1" doraHai="131" who="3" fromWho="1" sc="220,0,270,-80,270,0,240,80" />
</Scene>
<Scene>
<INIT seed="5,0,0,3,1,60" ten="220,190,270,320" oya="1" hai0="24,104,11,91,106,61,25,23,96,101,102,69,34" hai1="51,100,54,135,115,39,120,127,72,57,114,73,65" hai2="36,97,22,93,80,40,50,77,70,124,45,112,15" hai3="3,128,66,0,131,122,83,82,55,62,118,10,14"/><U110/><E120/><V21/><F124/><W67/><G122/><T53/><D34/><U134/><E39/><V68/><F36/><W64/><G118/><T81/><D11/><U95/><E127/><V105/><F105/><W8/><G62/><T86/><D53/><U26/><E110/><V42/><F42/><W126/><G55/><T59/><D59/><U33/><E100/><V113/><F70/><W75/><G126/><T49/><D49/><U58/><E95/><V27/><F15/><W78/><G83/><T20/><D25/><U5/><E5/><V56/><F68/><W88/><G88/><T46/><D46/><U125/><E125/><V41/><F41/><W13/><G10/><T84/><D84/><U107/><E107/><V32/><F32/><W48/><G48/><T89/><D89/><U47/><E26/><V85/><F56/><N who="1" m="21609" /><E65/><V132/><F132/><N who="1" m="50729" /><E33/><V29/><REACH who="2" step="1"/><F21/><REACH who="2" ten="220,190,260,320" step="2"/><W37/><G37/><T52/><D23/><U16/><E16/><V12/><F12/><N who="3" m="4715" /><G8/><T63/><D69/><U2/><E2/><V7/><F7/><W94/><G3/><T28/><D106/><U38/><E38/><V90/><AGARI ba="0,1" hai="22,27,29,40,45,50,77,80,85,90,93,97,112,113" machi="90" ten="30,2000,0" yaku="1,1,0,1,53,0" doraHai="60" doraHaiUra="123" who="2" fromWho="2" sc="220,-5,190,-10,260,30,320,-5" />
</Scene>
<Scene>
<INIT seed="6,0,0,3,0,38" ten="215,180,290,315" oya="2" hai0="62,41,114,66,72,99,10,30,19,132,25,59,96" hai1="68,92,3,124,76,0,120,8,130,45,127,13,110" hai2="80,82,119,9,6,105,58,102,7,18,83,107,90" hai3="128,17,86,77,115,55,129,91,89,131,84,43,51"/><V121/><F121/><W87/><G115/><T106/><D132/><U2/><E110/><V108/><F119/><W123/><G123/><T98/><D114/><U135/><E120/><V122/><F122/><W67/><G67/><T113/><D113/><U37/><E68/><V70/><F70/><W109/><G109/><T79/><D106/><U5/><E76/><V15/><F108/><W54/><G17/><T34/><D41/><N who="1" m="22703" /><E92/><V95/><F58/><W21/><G21/><T11/><REACH who="0" step="1"/><D19/><REACH who="0" ten="205,180,290,315" step="2"/><U104/><E104/><V116/><F105/><W52/><G43/><T27/><D27/><U60/><E135/><V73/><F107/><W32/><G128/><T101/><D101/><U74/><E130/><V64/><F102/><W126/><G129/><T49/><D49/><U81/><E60/><V12/><F116/><W36/><G51/><T78/><D78/><U47/><E47/><V29/><F18/><W100/><G77/><T4/><D4/><U14/><E5/><V111/><F6/><W118/><G36/><T117/><D117/><U22/><E74/><V63/><F111/><W56/><G118/><T61/><D61/><U26/><E26/><V103/><F73/><W24/><G24/><T112/><D112/><U35/><E124/><V42/><F42/><W88/><G126/><T125/><D125/><U20/><E127/><V33/><F103/><W48/><G100/><T133/><D133/><U93/><E0/><V134/><F134/><W44/><G131/><T97/><N who="0" m="25088" /><DORA hai="28" /><T40/><D40/><U39/><E2/><V85/><F63/><W31/><G48/><RYUUKYOKU ba="0,1" sc="205,30,180,-10,290,-10,315,-10" hai0="10,11,25,30,34,59,62,66,72,79" />
</Scene>
<Scene>
<INIT seed="7,1,1,0,0,109" ten="235,170,280,305" oya="3" hai0="114,54,11,36,75,1,45,128,7,127,56,18,126" hai1="95,129,106,34,53,63,57,99,124,65,97,130,25" hai2="38,111,61,6,76,23,9,5,77,132,47,123,86" hai3="20,93,26,74,87,91,70,43,58,81,69,133,96"/><W117/><G117/><T118/><D118/><U15/><E124/><N who="0" m="47657" /><D128/><U40/><E106/><V79/><F111/><W80/><G43/><N who="0" m="22759" /><D75/><U39/><E40/><V101/><F132/><W103/><G133/><T64/><D64/><U42/><E42/><V71/><F38/><W24/><G24/><T17/><D114/><U89/><E39/><V31/><F47/><W110/><G110/><T125/><N who="0" m="47665" /><T10/><DORA hai="100" /><D10/><U108/><E108/><V82/><F123/><W98/><G58/><T2/><D2/><U59/><E15/><V66/><F101/><W92/><G74/><T72/><D72/><U60/><REACH who="1" step="1"/><E99/><REACH who="1" ten="235,160,280,305" step="2"/><V8/><F86/><W55/><G98/><T84/><D84/><U21/><E21/><V16/><F23/><W134/><G134/><T102/><D102/><U19/><E19/><V122/><F16/><W135/><G135/><T29/><D29/><AGARI ba="1,2" hai="25,29,34,53,57,59,60,63,65,89,95,97,129,130" machi="29" ten="40,2600,0" yaku="1,1,53,1" doraHai="109,100" doraHaiUra="88,13" who="1" fromWho="0" sc="235,-29,160,49,280,0,305,0" owari="206,-29.0,209,-19.0,280,8.0,305,40.0" />
</Scene>
</mjloggm>