<mjloggm ver="2.3"><GO type="169"/><UN n0="%41%53%41%50%49%4E" n1="%E3%81%BE%E3%81%AA%E3%81%84%E3%81%9F%E3%82%88%E3%81%86%E3%81%98%E3%82%87" n2="%E5%B1%B1%E4%B8%8B%E3%83%80%E3%82%A4%E3%82%B9%E3%82%B1" n3="%E4%B9%9D%E5%B0%BE%E7%99%BD%E7%8B%90" dan="19,16,17,16" rate="2264,2080,2113,2124" sx="M,M,M,M"/><TAIKYOKU oya="0"/>

<Scene>
<INIT seed="0,0,0,3,1,96" ten="250,250,250,250" oya="0" hai0="87,100,62,18,114,37,7,39,34,26,129,23,127" hai1="80,98,41,91,125,61,49,85,135,111,24,116,106" hai2="50,102,32,71,52,69,121,73,109,3,94,40,83" hai3="70,112,119,82,58,76,103,55,113,104,122,51,89"/><T15/><D114/><U9/><E61/><V72/><F32/><W115/><G119/><T124/><D129/><U53/><E41/><V13/><F3/><W78/><G122/><T134/><D134/><U0/><E24/><V64/><F40/><W75/><G70/><T88/><D62/><U118/><E0/><V63/><F109/><W25/><G78/><T74/><D74/><U47/><E111/><V30/><F30/><W28/><G89/><T79/><D79/><U93/><E125/><N who="0" m="48201" /><D100/><U77/><E135/><V54/><F54/><W29/><REACH who="3" step="1"/><G25/><REACH who="3" ten="250,250,250,240" step="2"/><T99/><D26/><U84/><E118/><V97/><F71/><W11/><G11/><T86/><D34/><U27/><E27/><V110/><F121/><W45/><G45/><T1/><D39/><U31/><E31/><V16/><F110/><W21/><G21/><T14/><D37/><U38/><E9/><V65/><F83/><W133/><G133/><T126/><D126/><U42/><E116/><V4/><F69/><W35/><G35/><T131/><D131/><U10/><E10/><V95/><F102/><W117/><G117/><T19/><D23/><U130/><E130/><V43/><F4/><W120/><G120/><T56/><D7/><U6/><E6/><V12/><F16/><N who="0" m="6186" /><D56/><U57/><E57/><V44/><F44/><W107/><G107/><T59/><D59/><N who="1" m="33199" /><E106/><V17/><F17/><W8/><G8/><T81/><D1/><U108/><E108/><V36/><F36/><W46/><G46/><T90/><D14/><U48/><E38/><V22/><F12/><W67/><G67/><RYUUKYOKU ba="0,1" sc="250,-15,250,15,250,-15,240,15" hai1="42,47,48,77,80,84,85,91,93,98" hai3="28,29,51,55,58,75,76,82,103,104,112,113,115" />
</Scene>
<Scene>
<INIT seed="1,1,1,4,5,43" ten="235,265,235,255" oya="1" hai0="116,15,32,41,23,34,81,30,98,11,4,79,69" hai1="105,51,122,49,63,109,106,3,25,60,64,91,71" hai2="24,85,86,117,44,39,28,14,78,65,58,102,13" hai3="103,82,111,42,129,12,67,114,53,5,130,127,45"/><U123/><E25/><V26/><F117/><W107/><G114/><T22/><D116/><U77/><E77/><V17/><F102/><W8/><G111/><T128/><D69/><U56/><E91/><V7/><F7/><W21/><G82/><T0/><D128/><N who="3" m="49257" /><G67/><T108/><D108/><U61/><E3/><V10/><F14/><W73/><G73/><T37/><D98/><U59/><E109/><V89/><F78/><W47/><G127/><T110/><D110/><U62/><E106/><V75/><F75/><W38/><G21/><T133/><D133/><U84/><E84/><V29/><F39/><W83/><G83/><T54/><D54/><N who="1" m="31839" /><E105/><V88/><F85/><W104/><G103/><T1/><D1/><U31/><E31/><N who="2" m="11851" /><F44/><W74/><G74/><N who="0" m="43255" /><D15/><U33/><E33/><N who="0" m="12905" /><D30/><U112/><E112/><V121/><F121/><W72/><G72/><T9/><D9/><U119/><E119/><V19/><F19/><W92/><G92/><T6/><D6/><U50/><E71/><V70/><F70/><W2/><G12/><T46/><AGARI ba="1,1" hai="0,4,11,22,23,37,41,46" m="12905,43255" machi="46" ten="30,2000,0" yaku="25,1,52,1" doraHai="43" who="0" fromWho="0" sc="235,33,265,-11,235,-6,255,-6" />
</Scene>
<Scene>
<INIT seed="2,0,0,2,3,35" ten="268,254,229,249" oya="2" hai0="101,77,5,27,58,59,48,44,80,85,113,68,14" hai1="99,63,133,66,120,118,132,7,36,62,121,108,0" hai2="57,79,18,72,43,41,114,21,82,39,95,128,40" hai3="23,65,50,98,9,131,8,110,116,19,53,37,100"/><V88/><F114/><W6/><G116/><T47/><D68/><U17/><E17/><V97/><F128/><W54/><G110/><T117/><D113/><U32/><E99/><V103/><F39/><W45/><G131/><T15/><D117/><U67/><E32/><V92/><F57/><W87/><G37/><T33/><D44/><U90/><E90/><V105/><REACH who="2" step="1"/><F88/><REACH who="2" ten="268,254,219,249" step="2"/><W86/><G65/><T55/><D58/><U12/><E36/><V134/><F134/><W83/><G54/><T111/><D59/><U119/><E66/><V46/><F46/><W96/><G53/><T3/><D47/><U56/><E67/><V89/><F89/><W28/><G45/><T102/><D55/><U130/><E56/><V81/><F81/><W11/><G50/><T29/><D48/><U31/><E130/><V129/><F129/><W75/><G83/><T49/><D49/><U127/><E133/><V34/><F34/><W115/><G115/><T112/><D112/><U24/><E132/><V26/><AGARI ba="0,1" hai="18,21,26,40,41,43,72,79,82,92,95,97,103,105" machi="26" ten="30,3000,0" yaku="1,1,0,1,53,0" doraHai="35" doraHaiUra="42" who="2" fromWho="2" sc="268,-10,254,-10,219,40,249,-10" />
</Scene>
<Scene>
<INIT seed="2,1,0,0,0,135" ten="258,244,259,239" oya="2" hai0="133,108,110,83,89,34,48,37,32,2,53,24,36" hai1="44,134,131,128,39,38,80,124,82,114,14,101,103" hai2="9,92,0,49,41,20,51,35,122,27,115,129,13" hai3="104,126,68,64,18,107,102,22,12,29,118,8,85"/><V121/><F115/><W28/><G118/><T112/><D112/><U66/><E14/><V23/><F35/><N who="0" m="13354" /><D2/><U130/><E66/><V99/><F0/><W69/><G85/><N who="0" m="50367" /><D24/><U96/><E114/><V72/><F72/><W116/><G116/><T59/><D133/><U74/><E134/><V11/><F129/><W56/><G126/><T125/><D125/><U90/><E124/><V21/><F27/><W105/><G102/><N who="1" m="38922" /><E44/><V45/><F51/><W109/><G109/><AGARI ba="1,0" hai="36,37,48,53,59,108,109,110" m="50367,13354" machi="109" ten="30,1000,0" yaku="14,1" doraHai="135" who="0" fromWho="3" sc="258,13,244,0,259,0,239,-13" />
</Scene>
<Scene>
<INIT seed="3,0,0,1,5,38" ten="271,244,259,226" oya="3" hai0="79,126,135,104,10,85,99,113,33,108,2,73,22" hai1="24,12,54,1,52,84,87,32,101,55,107,50,111" hai2="56,37,95,123,89,68,46,121,119,49,45,82,58" hai3="120,59,134,86,43,7,62,16,18,98,40,53,0"/><W90/><G120/><N who="2" m="46153" /><F119/><W97/><G134/><T47/><D33/><U131/><E1/><V34/><F34/><W51/><G7/><N who="0" m="1399" /><D85/><U110/><E131/><V20/><F68/><W30/><G0/><T35/><D22/><U11/><E107/><V27/><F82/><N who="3" m="49495" /><G62/><T70/><D35/><U31/><E101/><V74/><F74/><W5/><G30/><T102/><D70/><U19/><REACH who="1" step="1"/><E50/><REACH who="1" ten="271,234,259,226" step="2"/><V64/><F37/><W63/><G51/><T6/><D102/><U66/><E66/><V23/><F64/><W21/><G5/><T122/><D104/><U103/><E103/><V117/><F49/><W76/><G18/><T115/><D6/><U36/><E36/><V128/><F128/><W130/><G130/><T60/><D115/><U114/><E114/><V61/><F61/><W9/><G9/><T75/><D60/><U42/><E42/><N who="3" m="15914" /><G76/><T133/><D79/><U127/><E127/><V69/><F117/><W106/><G106/><T105/><D126/><U116/><E116/><V39/><F39/><W25/><AGARI ba="0,1" hai="16,21,25,53,59,63,97,98" m="15914,49495" machi="25" ten="30,12000,1" yaku="8,1,52,3,54,1" doraHai="38" who="3" fromWho="3" sc="271,-40,234,-40,259,-40,226,130" />
</Scene>
<Scene>
<INIT seed="3,1,0,1,0,70" ten="231,194,219,356" oya="3" hai0="10,50,14,1,95,80,129,110,92,17,114,84,3" hai1="83,121,113,12,43,72,133,130,29,134,120,13,96" hai2="111,103,119,89,75,44,32,34,82,97,42,135,56" hai3="109,125,26,86,5,116,40,24,69,47,2,90,52"/><W73/><G116/><T36/><D110/><U93/><E43/><V15/><F119/><W20/><G73/><T19/><D129/><U122/><E29/><V64/><F111/><W0/><G125/><T65/><D114/><U9/><E13/><V53/><F135/><N who="1" m="51721" /><E12/><V23/><F64/><W49/><G69/><T104/><D104/><U35/><E9/><V107/><F23/><W18/><G109/><T91/><D65/><U67/><E67/><V68/><F68/><W71/><G71/><T57/><D19/><U77/><E35/><V102/><F102/><W63/><G5/><T46/><D57/><U28/><E28/><V106/><F15/><W38/><G63/><T6/><D36/><U100/><E130/><V59/><F106/><W131/><G26/><T128/><D128/><U61/><E61/><V74/><F59/><W101/><G101/><T8/><REACH who="0" step="1"/><D1/><REACH who="0" ten="221,194,219,356" step="2"/><U7/><E7/><V16/><F16/><W45/><G131/><T85/><D85/><U41/><E113/><V112/><F112/><W58/><G58/><T78/><D78/><U62/><E62/><V98/><F75/><W33/><G33/><T126/><D126/><U39/><E39/><V117/><F74/><W51/><G38/><T88/><D88/><U11/><E11/><V76/><F32/><W81/><AGARI ba="1,1" hai="0,2,18,20,24,40,45,47,49,51,52,81,86,90" machi="81" ten="20,3900,0" yaku="0,1,7,1,54,1" doraHai="70" who="3" fromWho="3" sc="221,-14,194,-14,219,-14,356,52" />
</Scene>
<Scene>
<INIT seed="3,2,0,5,5,107" ten="207,180,205,408" oya="3" hai0="53,55,91,68,34,27,72,54,125,59,124,8,128" hai1="104,19,133,69,73,98,51,111,25,65,70,97,118" hai2="11,57,15,33,40,129,99,23,96,82,39,52,36" hai3="49,86,62,94,79,93,12,28,108,120,0,74,102"/><W13/><G0/><T85/><D68/><U101/><E111/><V115/><F33/><W75/><G120/><T106/><D106/><U134/><E65/><V100/><F115/><W37/><G37/><T135/><D128/><U123/><E123/><V3/><F3/><W47/><G108/><T119/><D119/><U92/><E51/><V103/><F129/><W84/><G28/><N who="0" m="19743" /><D8/><U42/><E42/><V60/><F23/><W46/><G62/><T50/><D72/><U89/><E73/><V90/><F40/><W126/><G126/><N who="0" m="48747" /><D135/><N who="1" m="51723" /><E118/><V44/><F44/><W76/><G49/><T1/><D1/><U45/><E45/><V9/><F9/><W117/><G117/><T38/><D38/><U95/><E104/><V81/><F36/><W4/><G4/><T122/><D122/><U6/><E6/><V61/><F39/><W21/><G21/><AGARI ba="2,0" hai="19,21,25,69,70,89,92,95,97,98,101" m="51723" machi="21" ten="30,1000,0" yaku="20,1" doraHai="107" who="1" fromWho="3" sc="207,0,180,16,205,0,408,-16" />
</Scene>
<Scene>
<INIT seed="4,0,0,1,0,116" ten="207,196,205,392" oya="0" hai0="59,5,112,21,103,107,24,50,25,127,61,92,83" hai1="68,93,117,65,34,69,124,45,43,33,2,12,54" hai2="101,120,53,15,49,1,46,73,90,35,131,7,38" hai3="77,56,78,4,114,97,119,110,135,37,17,134,125"/><T130/><D107/><U28/><E12/><V126/><F120/><W48/><G114/><T36/><D36/><U27/><E93/><V109/><F1/><W86/><G37/><T57/><D112/><U13/><E13/><V96/><F35/><W23/><G119/><T29/><D130/><U6/><E33/><V87/><F109/><W102/><G4/><T20/><D127/><U115/><E54/><V47/><F73/><W26/><G125/><T11/><D83/><U30/><E30/><V118/><F118/><W105/><G110/><T3/><D50/><U32/><E32/><V85/><F131/><W79/><G86/><N who="2" m="32777" /><F101/><W0/><G0/><T132/><D132/><U111/><E111/><V60/><F60/><W81/><G81/><T99/><REACH who="0" step="1"/><D61/><REACH who="0" ten="197,196,205,392" step="2"/><N who="1" m="39983" /><E115/><V98/><F38/><W70/><G135/><T16/><AGARI ba="0,1" hai="3,5,11,16,20,21,24,25,29,57,59,92,99,103" machi="16" ten="20,18000,2" yaku="1,1,0,1,7,1,54,1,53,2" doraHai="116" doraHaiUra="19" who="0" fromWho="0" sc="197,190,196,-60,205,-60,392,-60" />
</Scene>
<Scene>
<INIT seed="4,1,0,5,4,127" ten="387,136,145,332" oya="0" hai0="67,92,62,134,122,76,40,107,108,71,35,63,18" hai1="121,81,5,96,19,46,78,41,77,103,70,8,22" hai2="119,15,59,123,50,133,21,42,101,129,9,44,82" hai3="30,31,1,88,26,72,48,89,54,116,14,115,60"/><T20/><D122/><U28/><E70/><V24/><F123/><W90/><G116/><T104/><D35/><U66/><E66/><V86/><F119/><W106/><G115/><T6/><D134/><U38/><E28/><V47/><F133/><W53/><G72/><T93/><D108/><U65/><E65/><V56/><F101/><W75/><G1/><T135/><D135/><U13/><E121/><V125/><F129/><W99/><G75/><T7/><D40/><U114/><E114/><V68/><F47/><W51/><G14/><T110/><D110/><U132/><E132/><V131/><F131/><W12/><G12/><T58/><D76/><U69/><E69/><V32/><F32/><W112/><G112/><T36/><D36/><U74/><E78/><V85/><F68/><W3/><G3/><T98/><D71/><U87/><E96/><V124/><F86/><W83/><G83/><T113/><D113/><U34/><E34/><V27/><F27/><W61/><G106/><T39/><D39/><U118/><E103/><V29/><F124/><W100/><G100/><T95/><D63/><N who="3" m="24137" /><G26/><T79/><D79/><U80/><E118/><V45/><F45/><N who="3" m="27791" /><G99/><T102/><REACH who="0" step="1"/><D107/><REACH who="0" ten="377,136,145,332" step="2"/><U49/><E38/><V57/><F125/><W91/><N who="3" m="22528" /><DORA hai="4" /><W0/><G0/><T25/><AGARI ba="1,1" hai="6,7,18,20,25,58,62,67,92,93,95,98,102,104" machi="25" ten="30,3000,0" yaku="1,1,0,1,53,0" doraHai="127,4" doraHaiUra="37,130" who="0" fromWho="0" sc="377,43,136,-11,145,-11,332,-11" />
</Scene>
<Scene>
<INIT seed="4,2,0,2,2,69" ten="420,125,134,321" oya="0" hai0="54,100,80,36,29,33,115,15,27,30,86,67,43" hai1="38,128,72,35,45,53,47,11,42,116,79,48,85" hai2="76,17,49,110,24,83,134,56,25,73,120,13,106" hai3="63,125,107,26,135,20,50,92,34,62,78,66,109"/><T60/><D115/><U113/><E35/><V64/><F120/><W130/><G107/><T61/><D100/><U82/><E116/><V75/><F110/><W9/><G109/><T71/><D30/><U131/><E85/><V119/><F119/><W39/><G135/><T1/><D1/><U5/><REACH who="1" step="1"/><E113/><REACH who="1" ten="420,115,134,321" step="2"/><V121/><F121/><W91/><G125/><T103/><D86/><U95/><E95/><V74/><F106/><W41/><G130/><T40/><D33/><U3/><AGARI ba="2,1" hai="3,5,11,38,42,45,47,48,53,72,79,82,128,131" machi="3" ten="30,8000,1" yaku="1,1,0,1,25,2,52,1,53,0" doraHai="69" doraHaiUra="129" who="1" fromWho="1" sc="420,-42,115,96,134,-22,321,-22" />
</Scene>
<Scene>
<INIT seed="5,0,0,1,2,75" ten="378,211,112,299" oya="1" hai0="105,107,23,46,111,34,19,82,130,77,133,93,9" hai1="135,86,84,78,29,110,55,39,4,73,114,15,26" hai2="122,65,95,62,128,49,53,52,81,101,80,25,72" hai3="44,18,74,94,116,32,121,16,37,106,51,90,97"/><U11/><E39/><V6/><F122/><W113/><G121/><T119/><D111/><U118/><E118/><V66/><F128/><W61/><G113/><T129/><D119/><U76/><E114/><V41/><F6/><W112/><G32/><T7/><D34/><U38/><E73/><V92/><F72/><W85/><G112/><T108/><D93/><U104/><E104/><V43/><F49/><W58/><G37/><T60/><D108/><U20/><E38/><V33/><F33/><W3/><G3/><N who="0" m="255" /><D46/><U21/><E135/><V24/><REACH who="2" step="1"/><F62/><REACH who="2" ten="378,211,102,299" step="2"/><W10/><G116/><T14/><D60/><U109/><E110/><V117/><F117/><W96/><G74/><N who="0" m="43319" /><D133/><U35/><E109/><V63/><F63/><W42/><G106/><T56/><D107/><U126/><E35/><V87/><F87/><W83/><G97/><T91/><D105/><U8/><E86/><V54/><F54/><N who="3" m="34007" /><G10/><T28/><D130/><U120/><E55/><V134/><F134/><W30/><G30/><T99/><D28/><U36/><E84/><V27/><F27/><W1/><G1/><T47/><D99/><U13/><E120/><V132/><F132/><W124/><G124/><T59/><D129/><U17/><E126/><V70/><F70/><W45/><G96/><T102/><D23/><N who="1" m="15583" /><E36/><V88/><F88/><W123/><G123/><T131/><D91/><U100/><E100/><AGARI ba="0,1" hai="24,25,41,43,52,53,65,66,80,81,92,95,100,101" machi="100" ten="25,12000,2" yaku="1,1,22,2,8,1,54,1,53,2" doraHai="75" doraHaiUra="22" who="2" fromWho="1" sc="378,0,211,-120,102,130,299,0" />
</Scene>
<Scene>
<INIT seed="6,0,0,2,5,127" ten="378,91,232,299" oya="2" hai0="102,25,96,39,72,104,66,87,43,85,47,53,52" hai1="94,32,27,120,121,90,11,81,95,35,78,37,20" hai2="114,50,116,12,105,30,15,13,41,74,84,23,48" hai3="108,26,16,64,46,128,56,91,36,71,77,18,14"/><V59/><F74/><W19/><G108/><T129/><D129/><U31/><E37/><V3/><F105/><W126/><G126/><T29/><D72/><U88/><E81/><V123/><F123/><W92/><G71/><T112/><D112/><U40/><E78/><V28/><F114/><W122/><G122/><T49/><D66/><U62/><E40/><V2/><F116/><W38/><G77/><T101/><D101/><U135/><E135/><V132/><F132/><W86/><G128/><T44/><D53/><U45/><E45/><V17/><F41/><W124/><G124/><T67/><D67/><U76/><E76/><V100/><F100/><W1/><G1/><T34/><AGARI ba="0,0" hai="25,29,34,39,43,44,47,49,52,85,87,96,102,104" machi="34" ten="20,2700,0" yaku="0,1,7,1,54,1" doraHai="127" who="0" fromWho="0" sc="378,27,91,-7,232,-13,299,-7" />
</Scene>
<Scene>
<INIT seed="7,0,0,0,0,50" ten="405,84,219,292" oya="3" hai0="19,99,80,101,49,14,47,103,0,106,75,98,115" hai1="9,65,52,41,92,21,134,123,87,27,13,23,12" hai2="18,77,69,112,48,16,63,111,33,102,31,124,15" hai3="132,4,96,70,32,131,44,1,129,24,82,36,126"/><W61/><G96/><T29/><D0/><U93/><E123/><V117/><F117/><W76/><G126/><T74/><D115/><U5/><E65/><V7/><F112/><W43/><G132/><T88/><D29/><U26/><E41/><V67/><F111/><W94/><G94/><T25/><D25/><U119/><E134/><V17/><F77/><W130/><G24/><T64/><D64/><U133/><E133/><V100/><F124/><W54/><G32/><T122/><D122/><U73/><E73/><V85/><F31/><W97/><G97/><T46/><D88/><N who="1" m="53279" /><E119/><V78/><F33/><W90/><G90/><T55/><D46/><U107/><E107/><V6/><F78/><W83/><G70/><T38/><D38/><U104/><E104/><V114/><F114/><W66/><G66/><T57/><D80/><U28/><E13/><V11/><F85/><W108/><G108/><T120/><D47/><U81/><E93/><V118/><F118/><W113/><G113/><T121/><D120/><U72/><E72/><V86/><F86/><W91/><G91/><T60/><D121/><U105/><E105/><V34/><F34/><W95/><G95/><T89/><D89/><U37/><E37/><V68/><F68/><W20/><G20/><N who="0" m="11383" /><D99/><U59/><E81/><V35/><F35/><W56/><G76/><T10/><D103/><U51/><E27/><V39/><F39/><W128/><N who="3" m="32768" /><DORA hai="84" /><W58/><G58/><N who="0" m="33135" /><D10/><AGARI ba="0,0" hai="1,4,10,36,43,44,54,56,61,82,83" m="32768" machi="10" ten="70,6800,0" yaku="19,1,52,1" doraHai="50,84" who="3" fromWho="0" sc="405,-68,84,0,219,0,292,68" owari="337,14.0,84,-42.0,219,-18.0,360,46.0" />
</Scene>
</mjloggm>