<mjloggm ver="2.3"><GO type="169" lobby="0"/><UN n0="%61%6B%69%6E%61%72%69%30" n1="%41%53%41%50%49%4E" n2="%62%6C%75%65%2D%67" n3="%E9%9D%9E%E5%8A%B9%E7%8E%87%E6%89%93%E6%B3%95" dan="17,19,16,17" rate="2191.85,2312.03,2023.21,2189.40" sx="F,M,M,M"/><TAIKYOKU oya="0"/>

<Scene>
<INIT seed="0,0,0,2,5,94" ten="250,250,250,250" oya="0" hai0="123,99,19,40,62,76,13,104,74,11,56,6,96" hai1="52,77,28,25,54,22,67,69,42,113,78,106,73" hai2="0,55,48,119,36,30,68,12,45,39,98,63,92" hai3="117,84,97,87,47,18,41,51,115,8,46,16,59"/><T79/><D123/><U7/><E113/><V75/><F0/><W2/><G115/><T107/><D74/><U15/><E106/><V21/><F75/><W44/><G117/><T83/><D40/><U109/><E109/><V80/><F80/><W38/><G2/><T131/><D131/><U10/><E42/><V4/><F119/><W125/><G125/><T135/><D135/><U24/><E67/><V101/><F4/><W118/><G118/><T43/><D43/><U134/><E69/><V95/><F95/><W110/><G110/><T112/><D112/><U100/><E134/><V17/><REACH who="2" step="1"/><F30/><REACH who="2" ten="250,250,240,250" step="2"/><W82/><G38/><T58/><D107/><U26/><E73/><V9/><F9/><W50/><G8/><T35/><D104/><U31/><E31/><V108/><F108/><W103/><G41/><T114/><D114/><U102/><E28/><V65/><AGARI ba="0,1" hai="12,17,21,36,39,45,48,55,63,65,68,92,98,101" machi="65" ten="30,7900,0" yaku="1,1,0,1,52,1,53,1" doraHai="94" doraHaiUra="90" who="2" fromWho="2" sc="250,-39,250,-20,240,89,250,-20" />
</Scene>
<Scene>
<INIT seed="1,0,0,1,4,58" ten="211,230,329,230" oya="1" hai0="47,129,112,26,38,55,45,113,99,25,35,3,107" hai1="4,17,49,71,81,88,57,22,135,131,67,134,53" hai2="82,115,85,96,108,43,69,33,13,121,128,89,19" hai3="2,72,23,73,101,14,56,117,27,118,79,7,103"/><U15/><E131/><V64/><F121/><W1/><G14/><T12/><D129/><U50/><E4/><V42/><F33/><W124/><G124/><T60/><D3/><N who="3" m="1033" /><G7/><T123/><D123/><U106/><E106/><V68/><F108/><W24/><G56/><T74/><D74/><N who="3" m="28777" /><G79/><T75/><D75/><U62/><REACH who="1" step="1"/><E50/><REACH who="1" ten="211,220,329,230" step="2"/><V63/><F128/><W116/><G24/><T77/><D26/><U6/><E6/><V132/><F115/><W78/><G78/><T18/><D77/><U66/><E66/><V34/><F64/><W94/><G94/><T104/><D104/><U80/><E80/><V102/><F82/><W41/><G41/><T114/><D107/><U100/><E100/><V130/><F43/><W91/><G91/><T70/><D112/><U97/><E97/><V120/><F42/><W83/><G83/><T48/><D99/><U44/><E44/><V126/><F102/><W20/><G27/><T9/><D25/><U76/><E76/><V32/><F130/><W65/><G65/><T39/><D113/><U125/><E125/><V127/><F127/><W46/><G46/><T93/><D114/><U51/><E51/><V90/><F90/><W61/><G61/><T8/><D47/><U52/><E52/><V10/><F63/><W84/><G84/><AGARI ba="0,1" hai="15,17,22,49,53,57,62,67,71,81,84,88,134,135" machi="84" ten="40,7700,0" yaku="1,1,52,1,54,1,53,0" doraHai="58" doraHaiUra="105" who="1" fromWho="3" sc="211,0,220,87,329,0,230,-77" />
</Scene>
<Scene>
<INIT seed="1,1,0,5,2,86" ten="211,307,329,153" oya="1" hai0="48,133,89,10,113,111,134,101,14,52,98,128,109" hai1="25,35,69,104,96,49,82,125,5,26,103,64,67" hai2="59,114,71,17,117,129,126,46,8,91,42,34,130" hai3="119,112,95,132,74,32,77,118,97,1,60,23,20"/><U24/><E125/><V29/><F71/><W88/><G112/><T41/><D113/><U47/><E5/><V131/><F117/><N who="3" m="44555" /><G32/><T124/><D128/><U123/><E123/><V44/><F114/><W62/><G1/><T78/><D78/><U58/><E58/><V76/><F126/><W83/><G132/><N who="0" m="50795" /><D41/><U115/><E115/><V107/><F107/><W93/><G95/><N who="0" m="56687" /><D101/><U33/><E82/><V22/><F76/><W16/><G23/><T15/><D124/><U110/><E110/><N who="0" m="41993" /><D10/><U72/><E72/><V56/><F8/><W37/><G37/><T121/><D121/><U61/><REACH who="1" step="1"/><E67/><REACH who="1" ten="211,297,329,153" step="2"/><V39/><F130/><W73/><G73/><T45/><AGARI ba="1,1" hai="14,15,45,48,52" m="41993,56687,50795" machi="45" ten="30,7900,0" yaku="20,1,14,1,52,1,54,1" doraHai="86" who="0" fromWho="0" sc="211,92,297,-40,329,-21,153,-21" />
</Scene>
<Scene>
<INIT seed="2,0,0,4,1,59" ten="303,257,308,132" oya="2" hai0="61,12,71,124,41,90,69,46,42,18,38,76,105" hai1="77,94,119,13,30,19,79,100,60,2,68,35,23" hai2="6,99,74,107,115,84,125,128,118,24,102,95,114" hai3="5,89,4,14,17,11,28,113,82,86,78,58,8"/><V55/><F118/><W44/><G113/><T135/><D105/><U26/><E119/><V131/><F6/><W7/><G28/><T52/><D76/><U106/><E94/><V21/><F74/><W66/><G44/><T39/><D124/><U47/><E2/><V109/><F125/><W127/><G127/><T123/><D123/><U80/><E47/><V63/><F84/><W130/><G130/><N who="2" m="49705" /><F107/><W57/><G11/><T43/><D135/><U20/><E80/><V81/><F81/><W10/><G10/><T25/><D25/><U22/><E77/><V0/><F0/><W117/><G117/><T98/><D98/><N who="1" m="61719" /><E79/><V64/><F55/><W9/><G9/><T27/><D27/><U51/><E51/><V108/><F114/><W67/><REACH who="3" step="1"/><G78/><REACH who="3" ten="303,257,308,122" step="2"/><T101/><D46/><U45/><E45/><V15/><F115/><W73/><G73/><T75/><D75/><U120/><E120/><V70/><F15/><W3/><G3/><T103/><D12/><U112/><E112/><V53/><F53/><W48/><G48/><T111/><D52/><U54/><E54/><V36/><F36/><W72/><G72/><T91/><D39/><U83/><E13/><V85/><F85/><W65/><AGARI ba="0,1" hai="4,5,7,8,14,17,57,58,65,66,67,82,86,89" machi="65" ten="30,4000,0" yaku="1,1,0,1,8,1,53,0" doraHai="59" doraHaiUra="56" who="3" fromWho="3" sc="303,-10,257,-10,308,-20,122,50" />
</Scene>
<Scene>
<INIT seed="3,0,0,3,5,8" ten="293,247,288,172" oya="3" hai0="24,91,28,30,11,44,81,46,75,0,7,55,59" hai1="109,47,23,117,103,39,92,32,132,31,120,56,114" hai2="35,45,113,107,19,122,116,112,41,86,134,119,85" hai3="22,17,48,36,100,10,95,133,51,18,101,72,21"/><W15/><G36/><T131/><D131/><U129/><E32/><V63/><F35/><W105/><G105/><T53/><D53/><U14/><E120/><V12/><F107/><W20/><G72/><T27/><D27/><U104/><E104/><V4/><F4/><W106/><G106/><T2/><D2/><U93/><E114/><V57/><F122/><W16/><G133/><T9/><D9/><U83/><E129/><V3/><F3/><W128/><G128/><T110/><D110/><U60/><E109/><V5/><F5/><N who="3" m="3535" /><G95/><T1/><D1/><U118/><E132/><V70/><F70/><W50/><AGARI ba="0,0" hai="16,17,18,20,21,22,48,50,51,100,101" m="3535" machi="50" ten="40,12000,1" yaku="29,2,8,1,52,1,54,1" doraHai="8" who="3" fromWho="3" sc="293,-40,247,-40,288,-40,172,120" />
</Scene>
<Scene>
<INIT seed="3,1,0,2,2,14" ten="253,207,248,292" oya="3" hai0="53,22,103,7,112,10,12,125,28,64,116,19,94" hai1="134,11,18,63,5,95,110,15,120,23,74,115,0" hai2="79,109,71,61,88,99,43,129,78,132,35,84,31" hai3="73,45,85,106,27,89,70,133,69,16,32,39,111"/><W127/><G73/><T57/><D116/><U107/><E120/><V97/><F109/><W131/><G106/><T9/><D125/><U25/><E115/><V114/><F114/><W56/><G127/><T105/><D105/><U3/><E107/><V80/><F132/><W8/><G133/><T33/><D112/><U100/><E74/><V118/><F118/><W42/><G111/><T83/><D64/><U40/><E134/><V90/><F129/><W51/><G131/><T121/><D121/><U60/><E110/><V37/><F37/><W81/><G32/><T126/><D126/><U87/><E40/><V77/><F43/><W59/><G59/><T67/><D67/><U55/><E55/><V21/><F35/><W58/><G58/><T36/><D36/><U86/><E3/><V92/><F61/><N who="1" m="23625" /><E0/><V47/><F47/><W130/><G130/><T93/><D33/><U62/><E62/><V101/><F71/><W54/><REACH who="3" step="1"/><G8/><REACH who="3" ten="253,207,248,282" step="2"/><T20/><D9/><U29/><E5/><V123/><F123/><W72/><G72/><T13/><D7/><U108/><E108/><V65/><F65/><W49/><G49/><T41/><D10/><U38/><E38/><V113/><F113/><W128/><G128/><T91/><D57/><U46/><E46/><V76/><F99/><AGARI ba="1,1" hai="11,15,18,23,25,29,86,87,95,99,100" m="23625" machi="99" ten="30,2000,0" yaku="8,1,52,1" doraHai="14" who="1" fromWho="2" sc="253,0,207,33,248,-23,282,0" />
</Scene>
<Scene>
<INIT seed="4,0,0,2,1,66" ten="253,240,225,282" oya="0" hai0="101,35,119,109,75,49,59,118,54,100,92,12,51" hai1="42,120,7,46,64,1,40,33,13,111,91,29,102" hai2="78,19,5,32,63,67,44,9,56,121,41,16,11" hai3="73,105,52,38,88,45,21,57,86,30,18,23,98"/><T108/><D75/><U53/><E111/><N who="0" m="42569" /><D35/><U15/><E120/><V84/><F32/><W14/><G73/><T34/><D34/><U76/><E76/><V106/><F106/><W83/><G105/><T26/><D26/><U124/><E124/><V134/><F134/><W10/><G30/><T128/><D128/><U24/><E102/><N who="0" m="39529" /><D92/><U87/><E53/><V20/><F121/><W94/><G45/><T28/><D28/><U96/><E96/><V72/><F72/><W50/><G38/><T70/><D51/><U60/><E1/><V117/><F117/><N who="0" m="44554" /><D12/><U17/><E13/><V80/><F20/><W65/><REACH who="3" step="1"/><G65/><REACH who="3" ten="253,240,225,272" step="2"/><T82/><D82/><U122/><E64/><V126/><F126/><W112/><G112/><T8/><D8/><U135/><E29/><V31/><F31/><W36/><G36/><T74/><D74/><U3/><E122/><V68/><F67/><W89/><AGARI ba="0,1" hai="10,14,18,21,23,50,52,57,83,86,88,89,94,98" machi="89" ten="20,12000,2" yaku="1,1,0,1,7,1,8,1,54,2,53,1" doraHai="66" doraHaiUra="95" who="3" fromWho="3" sc="253,-60,240,-30,225,-30,272,130" />
</Scene>
<Scene>
<INIT seed="5,0,0,3,0,74" ten="193,210,195,402" oya="1" hai0="84,125,62,44,73,83,18,23,48,46,87,76,90" hai1="38,50,49,34,42,100,2,114,81,102,32,98,124" hai2="33,117,30,28,93,105,37,72,121,41,56,68,127" hai3="36,52,5,53,11,99,8,7,130,111,16,101,1"/><U106/><E2/><V58/><F68/><W123/><G123/><T21/><D125/><U6/><E6/><V65/><F105/><W14/><G36/><T9/><D62/><U77/><E124/><V94/><F121/><W43/><G43/><T116/><D116/><U0/><E0/><V15/><F72/><W128/><G111/><T4/><D73/><U118/><E118/><V129/><F127/><W85/><G85/><T19/><D4/><U132/><E114/><V119/><F119/><W92/><REACH who="3" step="1"/><G7/><REACH who="3" ten="193,210,195,392" step="2"/><T24/><D84/><U78/><E42/><V29/><F41/><W12/><G12/><T115/><D115/><U69/><E38/><V113/><F15/><W103/><G103/><T80/><D87/><U135/><E102/><V26/><F37/><W88/><G88/><T82/><D90/><U27/><E27/><V86/><F26/><W13/><G13/><T104/><D24/><U54/><E100/><V63/><F117/><W40/><G40/><T97/><D97/><U67/><E98/><V75/><F75/><W122/><G122/><T57/><D104/><U61/><E106/><V17/><F86/><W64/><G64/><T134/><D134/><N who="1" m="51243" /><E81/><V10/><F113/><W109/><G109/><T133/><D133/><U70/><E54/><AGARI ba="0,1" hai="1,5,8,11,14,16,52,53,54,92,99,101,128,130" machi="54" ten="40,5200,0" yaku="1,1,54,2,53,0" doraHai="74" doraHaiUra="71" who="3" fromWho="1" sc="193,0,210,-52,195,0,392,62" />
</Scene>
<Scene>
<INIT seed="6,0,0,2,0,50" ten="193,158,195,454" oya="2" hai0="38,2,104,20,1,135,102,101,11,51,105,45,31" hai1="133,73,128,95,129,79,110,26,24,8,52,27,34" hai2="22,97,28,21,68,49,124,103,127,12,122,58,109" hai3="63,23,91,78,67,5,72,94,25,130,92,33,106"/><V41/><F68/><W108/><G106/><T90/><D38/><U116/><E110/><V88/><F122/><W16/><G108/><T75/><D75/><U15/><E116/><V70/><F70/><W62/><G130/><N who="1" m="50282" /><E133/><V32/><F109/><W87/><G33/><T118/><D135/><U4/><E95/><N who="2" m="56551" /><F103/><W46/><G5/><T120/><D120/><U17/><E79/><V81/><F81/><N who="3" m="47543" /><G72/><T126/><D118/><U36/><E36/><V47/><F12/><W121/><G121/><T96/><D1/><N who="1" m="15" /><E73/><V19/><F19/><W30/><G92/><T115/><D104/><U35/><E52/><N who="2" m="32015" /><F28/><W42/><G30/><T55/><D31/><N who="1" m="19839" /><E35/><V44/><F32/><W66/><G16/><T85/><D105/><U0/><E0/><V125/><F47/><W107/><G46/><T132/><D2/><U131/><N who="1" m="50290" /><U61/><DORA hai="111" /><E61/><V93/><F93/><W3/><G63/><T77/><D132/><U84/><E84/><V119/><F119/><W37/><G62/><T134/><D134/><U56/><E56/><V7/><F7/><W29/><G107/><T80/><D85/><U6/><E6/><V53/><F53/><W60/><G3/><T10/><D55/><U89/><E89/><V123/><F123/><W86/><G60/><T74/><D90/><U69/><E69/><V71/><F71/><W59/><G59/><T114/><D45/><U18/><E18/><V40/><F40/><W14/><G14/><T112/><D101/><U64/><E64/><N who="3" m="24618" /><G42/><T83/><D74/><U100/><E100/><V57/><F57/><W54/><G54/><RYUUKYOKU ba="0,0" sc="193,-30,158,10,195,10,454,10" hai1="15,17,24,26" hai2="21,22,41,44,124,125,127" hai3="23,25,29,37,86,91,94" />
</Scene>
<Scene>
<INIT seed="6,1,0,2,0,33" ten="163,168,205,464" oya="2" hai0="97,65,73,132,10,38,86,12,30,37,133,123,103" hai1="43,45,135,28,124,117,74,63,64,39,110,14,87" hai2="106,77,125,112,83,59,105,47,24,81,127,72,69" hai3="116,100,34,16,58,25,32,6,20,101,108,93,113"/><V26/><F69/><W0/><G116/><T131/><D123/><U115/><E110/><V61/><F47/><W120/><G120/><T62/><D73/><U76/><E117/><V55/><F83/><W122/><G122/><T85/><D131/><U17/><E74/><V94/><F94/><W1/><G108/><T134/><D30/><U107/><E107/><V95/><F95/><W66/><G113/><T49/><D49/><U121/><E115/><V130/><F112/><W104/><G104/><N who="2" m="40041" /><F130/><W98/><G100/><T23/><D23/><U75/><E75/><V29/><F29/><W129/><G129/><T52/><D52/><U22/><E121/><V92/><F92/><W50/><G6/><N who="0" m="3159" /><D97/><U13/><E28/><V3/><F3/><W109/><G109/><T67/><D103/><U90/><E22/><V126/><AGARI ba="1,0" hai="24,26,55,59,61,72,77,81,125,126,127" m="40041" machi="126" ten="40,2100,0" yaku="18,1" doraHai="33" who="2" fromWho="2" sc="163,-8,168,-8,205,24,464,-8" />
</Scene>
<Scene>
<INIT seed="6,2,0,0,0,105" ten="155,160,229,456" oya="2" hai0="31,118,18,54,61,63,76,84,65,13,106,9,112" hai1="131,99,19,75,33,40,12,113,38,90,46,74,16" hai2="124,103,114,41,24,70,117,97,102,48,135,4,123" hai3="8,30,23,82,6,52,128,121,78,125,42,21,119"/><V27/><F117/><W83/><G119/><T32/><D118/><U68/><E33/><V3/><F70/><W69/><G121/><T50/><D106/><U85/><E68/><V87/><F123/><W132/><G69/><T37/><D37/><U127/><E99/><V77/><F114/><W53/><G42/><T25/><D112/><U133/><E113/><V59/><F124/><W93/><G125/><T95/><D65/><U35/><E127/><V111/><F135/><W17/><G128/><T100/><D76/><U55/><E35/><V129/><F129/><W107/><G107/><T109/><D109/><U115/><E131/><V120/><F120/><W51/><G30/><T47/><REACH who="0" step="1"/><D100/><REACH who="0" ten="145,160,229,456" step="2"/><U45/><E115/><V20/><F103/><W10/><G78/><T98/><D98/><U134/><E133/><V104/><F111/><W122/><G132/><T130/><D130/><U14/><E134/><V89/><F77/><W39/><G39/><T64/><D64/><U29/><E29/><V66/><F66/><W0/><G122/><T1/><D1/><U101/><E101/><V62/><F3/><W44/><G0/><T58/><D58/><U110/><E110/><V67/><F59/><W34/><G44/><T86/><D86/><U11/><E45/><V2/><F87/><W71/><G71/><T57/><D57/><U94/><E55/><V96/><F102/><W72/><G53/><T126/><D126/><U36/><E36/><V56/><F97/><W81/><G52/><T43/><D43/><U15/><E19/><V5/><F41/><W88/><G51/><RYUUKYOKU ba="2,1" sc="145,15,160,15,229,-15,456,-15" hai0="9,13,18,25,31,32,47,50,54,61,63,84,95" hai1="11,12,14,15,16,38,40,46,74,75,85,90,94" />
</Scene>
<Scene>
<INIT seed="7,3,1,4,4,113" ten="160,175,214,441" oya="3" hai0="97,121,73,74,36,22,4,85,65,38,103,55,135" hai1="108,79,90,106,112,15,118,132,34,120,21,124,99" hai2="12,40,110,91,19,16,9,37,2,29,48,45,49" hai3="7,47,60,101,32,31,100,127,42,109,129,10,39"/><W51/><G127/><T116/><D121/><U133/><E112/><V126/><F2/><W61/><G129/><T66/><D116/><U94/><E34/><V18/><F110/><W93/><G109/><T125/><D125/><U43/><E108/><V76/><F29/><W131/><G131/><T72/><D135/><N who="1" m="51787" /><E124/><V81/><F91/><W27/><G39/><T8/><D85/><U84/><E120/><V80/><F126/><W26/><G26/><T6/><D22/><U59/><E118/><V117/><F117/><W122/><G122/><T17/><D17/><N who="1" m="10431" /><E43/><V25/><F25/><W130/><G130/><T24/><D24/><U56/><E79/><V114/><F114/><W92/><G92/><T134/><D134/><U69/><E69/><V20/><F20/><W52/><G42/><T62/><D55/><U63/><E63/><V50/><F80/><W119/><G119/><T33/><D33/><U77/><E77/><V58/><F58/><N who="1" m="22057" /><E106/><V115/><F115/><W71/><G100/><T87/><D87/><AGARI ba="3,1" hai="84,87,90,94,99" m="22057,10431,51787" machi="87" ten="30,1000,0" yaku="20,1" doraHai="113" who="1" fromWho="0" sc="160,-19,175,29,214,0,441,0" owari="141,-36.0,204,-20.0,214,1.0,441,55.0" />
</Scene>
</mjloggm>