<mjloggm ver="2.3"><GO type="169" lobby="0"/><UN n0="%E3%82%82%E3%81%A3%E3%81%97%E3%83%BC" n1="%41%53%41%50%49%4E" n2="%E5%9F%BA%E7%A4%8E%E8%AB%96" n3="%E6%82%A0%E9%9B%85" dan="16,18,17,16" rate="2077.74,2260.61,2147.69,2037.70" sx="M,M,M,M"/><TAIKYOKU oya="0"/>

<Scene>
<INIT seed="0,0,0,2,2,49" ten="250,250,250,250" oya="0" hai0="66,6,45,41,85,115,114,75,34,133,119,29,35" hai1="129,86,61,73,105,7,79,30,71,11,15,126,65" hai2="124,39,103,3,25,12,117,100,48,118,58,130,28" hai3="52,33,77,93,132,116,50,32,56,19,0,37,81"/><T62/><D119/><U120/><E120/><V96/><F3/><W127/><G116/><N who="2" m="44649" /><F39/><W2/><G37/><T59/><D75/><U24/><E129/><V69/><F130/><W31/><G127/><T131/><D131/><U82/><E126/><V97/><F69/><W94/><G132/><T98/><D133/><U80/><E105/><V108/><F12/><W89/><G94/><T92/><D85/><U123/><E123/><V36/><F36/><W46/><G0/><T1/><D35/><U68/><E68/><V74/><F74/><W10/><G31/><T111/><D111/><U125/><E125/><V104/><F108/><W107/><G107/><T5/><D5/><U109/><E109/><V17/><F17/><W18/><G19/><T113/><D6/><U88/><E30/><V64/><F124/><W26/><G46/><T60/><D1/><U102/><E102/><V21/><F64/><W63/><G50/><T90/><D29/><U47/><E47/><V54/><F100/><W91/><G91/><T16/><D34/><U87/><E24/><V95/><F97/><N who="3" m="57519" /><G2/><T22/><D62/><U44/><E44/><V51/><F51/><W134/><G134/><T27/><D115/><U128/><E128/><V101/><F101/><W99/><G99/><T8/><D8/><U122/><E122/><V135/><F135/><W55/><G10/><T84/><D98/><U23/><E73/><V70/><F70/><W57/><G18/><T110/><D110/><U72/><E72/><V43/><F104/><W67/><G32/><T42/><D45/><U4/><E11/><RYUUKYOKU ba="0,0" sc="250,10,250,10,250,10,250,-30" hai0="16,22,27,41,42,59,60,66,84,90,92,113,114" hai1="4,7,15,23,61,65,71,79,80,82,86,87,88" hai2="21,25,28,43,48,54,58,95,96,103" />
</Scene>
<Scene>
<INIT seed="0,1,0,3,1,34" ten="260,260,260,220" oya="0" hai0="95,109,116,44,19,76,39,12,102,51,2,13,75" hai1="104,87,70,27,73,126,133,121,74,58,26,89,118" hai2="94,69,60,8,81,6,114,24,101,57,82,85,134" hai3="103,49,40,32,23,36,59,9,62,64,53,88,135"/><T127/><D116/><U3/><E118/><V130/><F114/><W68/><G32/><T83/><D39/><U108/><E121/><V98/><F130/><W10/><G103/><T29/><D127/><U115/><E70/><V123/><F123/><W90/><G135/><T110/><D29/><U111/><E104/><V113/><F113/><W117/><G117/><T119/><D119/><U55/><E133/><V79/><F134/><W67/><G67/><T92/><D2/><U17/><E115/><V112/><F112/><W25/><G10/><T22/><D12/><U91/><E126/><V100/><F69/><W18/><G9/><T72/><D72/><U61/><E3/><V65/><F24/><N who="1" m="9257" /><E17/><V31/><F31/><W124/><G124/><T125/><D125/><U54/><E54/><V84/><F101/><W0/><G0/><T71/><D71/><U21/><E21/><V52/><F65/><W56/><G56/><T131/><D131/><U43/><E43/><V47/><F47/><AGARI ba="1,0" hai="18,23,25,36,40,47,49,53,59,62,64,68,88,90" machi="47" ten="40,5200,0" yaku="24,2,54,1" doraHai="34" who="3" fromWho="2" sc="260,0,260,0,260,-55,220,55" />
</Scene>
<Scene>
<INIT seed="1,0,0,0,3,13" ten="260,260,205,275" oya="1" hai0="119,55,41,26,73,28,93,34,99,76,56,15,101" hai1="121,135,25,22,18,38,58,35,105,82,70,52,43" hai2="92,114,109,122,68,19,31,113,77,106,115,10,89" hai3="0,16,64,124,67,23,80,61,125,11,132,86,24"/><U88/><E121/><V50/><F122/><W36/><G36/><T81/><D119/><U42/><E105/><V96/><F68/><W21/><G132/><T63/><D15/><U102/><E70/><V3/><F109/><W116/><G116/><T12/><D12/><U127/><E102/><V129/><F129/><W1/><G21/><T84/><REACH who="0" step="1"/><D41/><REACH who="0" ten="250,260,205,275" step="2"/><U27/><E43/><V78/><F113/><W83/><G124/><T51/><D51/><U44/><E127/><V40/><F114/><W95/><G125/><T100/><D100/><U45/><E42/><V118/><F118/><W54/><G1/><T47/><D47/><U66/><E45/><V120/><F115/><W97/><G0/><T123/><D123/><U29/><E44/><V2/><F120/><W4/><G4/><T87/><AGARI ba="0,1" hai="26,28,34,55,56,63,73,76,81,84,87,93,99,101" machi="87" ten="30,2000,0" yaku="1,1,0,1,53,0" doraHai="13" doraHaiUra="108" who="0" fromWho="0" sc="250,30,260,-10,205,-5,275,-5" />
</Scene>
<Scene>
<INIT seed="2,0,0,3,0,16" ten="280,250,200,270" oya="2" hai0="82,89,130,11,104,29,51,124,52,61,123,59,91" hai1="33,56,21,101,86,37,71,38,76,74,69,30,128" hai2="42,109,117,4,133,20,27,75,87,102,62,60,65" hai3="68,93,83,63,119,122,107,13,28,112,12,32,44"/><V17/><F117/><W34/><G107/><T39/><D104/><U72/><E128/><V19/><F75/><W41/><G122/><T94/><D39/><U114/><E114/><V132/><F4/><W7/><G119/><T48/><D123/><U78/><E33/><V96/><F42/><W131/><G112/><T50/><D124/><U23/><E86/><V9/><F87/><W66/><G131/><T53/><D130/><U95/><E95/><V36/><F36/><W100/><G83/><T35/><D11/><U40/><E40/><V26/><F109/><W84/><G34/><T85/><D29/><U92/><E92/><V120/><F120/><W115/><G115/><T47/><REACH who="0" step="1"/><D35/><REACH who="0" ten="270,250,200,270" step="2"/><U99/><E30/><V64/><F9/><W88/><G32/><T80/><D80/><U8/><E8/><V106/><F132/><W46/><G28/><T55/><D55/><U108/><E108/><V54/><F133/><W43/><G7/><T25/><D25/><U24/><E24/><V105/><F54/><W121/><G121/><T73/><D73/><U116/><E116/><V10/><F10/><W49/><G100/><T70/><D70/><U77/><E38/><AGARI ba="0,1" hai="12,13,38,41,43,44,46,49,63,66,68,84,88,93" machi="38" ten="30,2000,0" yaku="7,1,54,1" doraHai="16" who="3" fromWho="1" sc="270,0,250,-20,200,0,270,30" />
</Scene>
<Scene>
<INIT seed="3,0,0,5,1,42" ten="270,230,200,300" oya="3" hai0="25,82,35,29,108,125,84,131,31,76,79,19,123" hai1="24,98,67,3,71,129,96,66,113,126,128,22,85" hai2="40,120,95,11,75,64,21,109,117,60,91,54,6" hai3="119,89,50,122,78,46,9,44,124,58,7,111,5"/><W102/><G122/><T133/><D123/><U2/><E113/><V52/><F120/><W55/><G119/><T59/><D108/><U127/><E85/><V63/><F117/><W130/><G111/><T56/><D133/><U114/><E114/><V80/><F109/><W86/><G130/><N who="1" m="50282" /><E22/><V104/><F104/><W37/><G37/><T62/><D131/><U112/><E24/><V23/><F40/><W115/><G115/><T28/><D125/><N who="1" m="47627" /><E71/><V88/><F75/><W20/><G124/><T53/><D76/><U121/><E121/><V100/><F80/><W17/><G78/><T83/><D83/><U106/><E106/><V39/><F23/><W99/><G99/><N who="1" m="37930" /><E112/><V36/><F21/><W101/><G101/><T47/><D25/><U14/><E14/><V65/><F100/><W81/><G102/><T69/><D69/><U103/><E103/><V48/><F91/><W87/><G87/><T107/><D107/><U118/><E118/><V0/><F88/><W110/><G110/><T132/><D84/><U34/><E34/><V90/><F90/><W4/><G9/><T38/><D35/><U72/><E72/><V116/><F116/><W134/><G134/><T30/><D132/><U32/><E32/><V61/><F11/><W1/><G1/><AGARI ba="0,0" hai="1,2,3,66,67" m="37930,47627,50282" machi="1" ten="40,8000,1" yaku="28,2,19,1,18,1" doraHai="42" who="1" fromWho="3" sc="270,0,230,80,200,0,300,-80" />
</Scene>
<Scene>
<INIT seed="4,0,0,2,0,34" ten="270,310,200,220" oya="0" hai0="98,135,1,27,47,10,39,45,32,35,113,21,112" hai1="26,73,53,70,90,43,17,3,20,59,104,96,85" hai2="22,114,54,105,66,131,38,92,31,121,33,103,127" hai3="14,99,50,115,116,2,51,78,94,106,119,42,107"/><T81/><D135/><U49/><E70/><V95/><F121/><W87/><G115/><N who="0" m="44107" /><D98/><U58/><E73/><V125/><F114/><W15/><G42/><N who="0" m="22751" /><D47/><U57/><E3/><V128/><F38/><W65/><G99/><T74/><D74/><U29/><E43/><V7/><F66/><W25/><G65/><T100/><D100/><U134/><E134/><V89/><F54/><W16/><G87/><T80/><D80/><U83/><E104/><V37/><F37/><W44/><G107/><T24/><D81/><U9/><E96/><V28/><F105/><W120/><G106/><T71/><D71/><U63/><E63/><V132/><F132/><W46/><G120/><T60/><D60/><U117/><E117/><V62/><F62/><W0/><G94/><T93/><D93/><U55/><E55/><V19/><F103/><W23/><G78/><T76/><D76/><U13/><AGARI ba="0,0" hai="9,13,17,20,26,29,49,53,57,58,59,83,85,90" machi="13" ten="30,2000,0" yaku="0,1,8,1" doraHai="34" who="1" fromWho="1" sc="270,-10,310,20,200,-5,220,-5" />
</Scene>
<Scene>
<INIT seed="5,0,0,3,0,119" ten="260,330,195,215" oya="1" hai0="71,87,118,12,73,85,50,37,54,62,102,24,76" hai1="19,69,49,0,127,129,98,67,64,90,14,8,72" hai2="111,113,30,2,130,44,126,125,32,39,108,99,9" hai3="82,51,128,36,31,13,101,56,132,104,28,27,84"/><U93/><E72/><V23/><F99/><W81/><G36/><T91/><D37/><U80/><E129/><V135/><F39/><W103/><G128/><T89/><D118/><U3/><E127/><N who="2" m="48651" /><F44/><W100/><G104/><T46/><D102/><U21/><E80/><V97/><F97/><W77/><G132/><T16/><D73/><U70/><E49/><V121/><F130/><W74/><G13/><T43/><D24/><U22/><E0/><V15/><F135/><W57/><G51/><N who="0" m="27103" /><D62/><U63/><REACH who="1" step="1"/><E3/><REACH who="1" ten="260,320,195,215" step="2"/><V58/><F2/><W96/><G82/><T88/><D50/><U123/><E123/><V61/><F121/><W109/><G74/><T134/><D134/><U106/><E106/><V86/><F111/><W40/><G109/><T95/><D76/><U65/><E65/><V41/><F108/><W53/><G100/><T29/><D91/><U26/><E26/><V120/><F41/><W47/><G101/><T94/><D89/><U33/><E33/><V68/><F32/><W7/><G27/><T107/><D88/><U59/><E59/><V5/><F120/><W45/><G57/><T75/><D107/><U34/><E34/><V133/><F133/><W131/><G131/><T18/><D75/><U78/><E78/><V55/><F58/><W60/><G103/><T10/><D95/><U48/><E48/><V38/><F38/><W83/><G77/><T17/><D94/><U66/><E66/><V42/><F42/><W116/><G83/><T114/><D87/><U115/><E115/><V105/><F113/><W20/><G84/><T25/><D85/><RYUUKYOKU ba="0,1" sc="260,-10,320,30,195,-10,215,-10" hai1="8,14,19,21,22,63,64,67,69,70,90,93,98" />
</Scene>
<Scene>
<INIT seed="5,1,1,0,3,42" ten="250,350,185,205" oya="1" hai0="98,0,90,104,62,15,56,49,127,114,9,125,33" hai1="93,122,112,101,131,92,89,118,77,43,133,2,78" hai2="50,100,40,99,53,46,23,36,17,81,65,45,87" hai3="47,108,107,130,29,128,31,85,57,44,18,8,3"/><U88/><E2/><V79/><F65/><W95/><G107/><T83/><D33/><U110/><E43/><V16/><REACH who="2" step="1"/><F23/><REACH who="2" ten="250,350,175,205" step="2"/><W14/><G108/><T35/><D127/><U38/><E110/><V21/><F21/><W76/><G130/><T28/><D125/><U39/><E131/><V96/><F96/><W7/><G128/><T80/><D98/><U58/><E118/><V20/><F20/><W22/><G31/><T86/><D28/><U32/><E32/><V55/><F55/><W105/><G29/><T5/><D35/><U84/><E122/><V94/><AGARI ba="1,2" hai="16,17,36,40,45,46,50,53,79,81,87,94,99,100" machi="94" ten="20,12000,2" yaku="1,1,0,1,7,1,52,2,54,1,53,0" doraHai="42" doraHaiUra="132" who="2" fromWho="2" sc="250,-31,350,-61,175,143,205,-31" />
</Scene>
<Scene>
<INIT seed="6,0,0,3,0,124" ten="219,289,318,174" oya="2" hai0="66,17,94,135,30,44,41,116,76,95,112,123,9" hai1="35,105,11,120,108,91,81,20,58,4,67,27,126" hai2="96,50,54,75,8,72,80,86,118,93,129,101,88" hai3="15,56,97,28,40,84,36,61,29,25,42,62,48"/><V115/><F118/><W114/><G36/><T21/><D123/><U131/><E126/><V10/><F115/><W125/><G125/><T134/><D112/><U110/><E120/><V133/><F133/><W74/><G74/><T132/><D116/><U57/><E35/><V19/><F129/><W55/><G114/><T104/><D104/><U77/><E131/><V24/><F8/><W39/><G39/><N who="0" m="21567" /><D76/><U69/><E105/><V49/><F49/><W82/><G29/><T99/><D99/><U59/><E91/><V60/><F60/><W37/><G97/><T64/><D30/><U102/><E102/><V16/><F19/><W100/><G100/><T70/><D9/><U3/><E69/><V52/><F54/><W128/><G128/><T107/><D107/><U1/><E67/><N who="0" m="25641" /><D70/><U23/><E1/><V63/><F24/><AGARI ba="0,0" hai="17,21,24,94,95,132,134,135" m="25641,21567" machi="24" ten="30,1000,0" yaku="20,1" doraHai="124" who="0" fromWho="2" sc="219,10,289,0,318,-10,174,0" />
</Scene>
<Scene>
<INIT seed="7,0,0,0,1,133" ten="229,289,308,174" oya="3" hai0="96,13,106,2,88,116,95,121,5,19,114,98,12" hai1="74,36,127,4,10,50,80,130,29,99,72,25,109" hai2="54,46,47,134,85,84,31,18,112,100,45,44,87" hai3="40,55,115,28,126,3,23,124,82,108,102,110,107"/><W41/><G3/><T69/><D116/><U16/><E109/><N who="3" m="42090" /><G115/><T34/><D121/><U11/><E127/><N who="3" m="48682" /><G82/><T113/><D69/><U49/><E36/><V7/><F134/><W57/><G102/><N who="0" m="62807" /><D34/><U42/><E130/><V21/><F112/><N who="0" m="43114" /><D19/><U6/><E16/><V73/><F18/><W101/><G101/><T52/><D52/><U63/><E6/><V27/><F100/><W51/><G107/><T81/><D81/><U24/><E80/><V70/><F7/><W0/><G0/><T132/><D132/><U61/><E4/><V93/><F70/><W83/><G83/><T125/><D125/><U65/><E72/><V77/><F73/><W39/><G39/><T120/><D120/><U76/><E74/><V9/><F77/><W78/><G78/><T86/><D96/><U1/><E99/><V91/><F9/><AGARI ba="0,0" hai="2,5,9,12,13,86,88,95" m="43114,62807" machi="9" ten="30,3900,0" yaku="15,1,11,1,54,1" doraHai="133" who="0" fromWho="2" sc="229,39,289,0,308,-39,174,0" />
</Scene>
<Scene>
<INIT seed="8,0,0,5,3,36" ten="268,289,269,174" oya="0" hai0="35,54,13,50,27,4,75,134,15,74,92,116,99" hai1="60,30,49,96,61,64,29,132,66,31,111,100,10" hai2="41,89,53,58,113,12,83,106,59,125,51,108,39" hai3="123,21,73,118,69,1,71,98,133,127,124,62,95"/><T121/><D116/><U56/><E111/><V9/><F106/><W44/><G118/><T7/><D121/><U65/><E132/><V2/><F108/><W109/><G109/><T67/><D134/><U104/><E10/><V19/><F113/><W23/><G133/><T38/><D38/><U3/><E3/><V48/><F125/><N who="3" m="48203" /><G73/><T117/><D117/><U122/><E122/><V90/><F2/><W110/><G123/><T105/><D105/><U26/><E49/><V97/><F97/><W78/><G110/><T37/><D37/><U16/><E16/><N who="2" m="8207" /><F39/><W11/><G78/><T84/><D84/><U87/><E87/><N who="2" m="50431" /><F90/><N who="3" m="55671" /><G44/><T112/><D112/><U103/><E103/><V14/><F14/><W20/><G62/><T34/><D99/><U76/><E76/><V81/><F81/><W102/><G102/><T57/><D92/><U115/><E115/><V45/><F19/><W6/><AGARI ba="0,0" hai="1,6,11,20,21,23,69,71" m="55671,48203" machi="6" ten="40,1500,0" yaku="18,1" doraHai="36" who="3" fromWho="3" sc="268,-7,289,-4,269,-4,174,15" />
</Scene>
<Scene>
<INIT seed="9,0,0,2,3,13" ten="261,285,265,189" oya="1" hai0="21,77,83,25,60,16,100,106,37,34,103,72,20" hai1="35,9,88,123,66,71,28,102,107,73,126,36,32" hai2="82,75,134,45,87,69,17,30,23,50,81,96,99" hai3="63,127,68,5,118,8,19,108,90,112,121,113,122"/><U120/><E88/><N who="2" m="51319" /><F75/><W128/><G68/><T11/><D34/><N who="1" m="12843" /><E28/><V59/><F69/><W53/><G63/><T27/><D37/><U114/><E9/><V91/><F134/><W31/><G53/><T14/><D106/><U65/><E65/><V46/><F59/><W52/><G90/><T85/><D72/><U98/><E126/><V125/><F125/><W86/><G86/><T109/><D109/><U115/><E36/><V111/><F111/><W130/><G127/><T132/><D132/><U18/><E18/><V44/><F30/><W129/><G52/><T22/><D60/><N who="1" m="40391" /><E73/><V40/><F40/><W42/><G42/><T10/><D10/><U39/><E39/><V48/><F81/><W1/><G108/><T64/><D64/><U89/><E89/><V43/><F43/><W131/><N who="3" m="32768" /><DORA hai="70" /><W4/><G31/><N who="0" m="17831" /><D22/><U12/><E12/><N who="2" m="9639" /><F91/><W29/><G29/><AGARI ba="0,0" hai="11,14,16,21,27,29,77,83,85,100,103" m="17831" machi="29" ten="30,3900,0" yaku="8,1,52,1,54,1" doraHai="13,70" who="0" fromWho="3" sc="261,39,285,0,265,0,189,-39" owari="300,39.0,285,9.0,265,-13.0,150,-35.0" />
</Scene>
</mjloggm>