<mjloggm ver="2.3"><GO type="169"/><UN n0="%E3%82%B9%E3%83%91%E3%83%BC%E3%82%AF%E3%82%B9" n1="%6E%6F%72%69%73%69%6F" n2="%E3%81%8A%E3%81%8B%E3%82%82%E3%81%A8" n3="%41%53%41%50%49%4E" dan="17,16,16,19" rate="2153,2088,2155,2251" sx="F,M,M,M"/><TAIKYOKU oya="0"/>

<Scene>
<INIT seed="0,0,0,5,4,11" ten="250,250,250,250" oya="0" hai0="60,95,3,76,77,8,31,97,86,79,49,126,24" hai1="106,41,121,111,85,104,80,62,36,20,54,2,107" hai2="55,16,116,72,83,34,22,58,134,48,15,129,114" hai3="125,113,117,7,6,52,21,82,30,130,115,0,43"/><T112/><D112/><U10/><E111/><V96/><F34/><W47/><G117/><T18/><D126/><U66/><E121/><V46/><F114/><W128/><G125/><T81/><D60/><U131/><E131/><N who="3" m="50218" /><G7/><T12/><D3/><U59/><E20/><V14/><F116/><W91/><G6/><T120/><D49/><U32/><E32/><V26/><F129/><W51/><G0/><T118/><D120/><U13/><E2/><V63/><F134/><W33/><G33/><T19/><D118/><U100/><E36/><V105/><F105/><W17/><G30/><T133/><D133/><U122/><E41/><V108/><F108/><W78/><G91/><N who="0" m="55551" /><D31/><U38/><E38/><V39/><F39/><W92/><G92/><T40/><D40/><U75/><E75/><V1/><F1/><W50/><G50/><T65/><D65/><U68/><E122/><V99/><F72/><N who="3" m="43335" /><G43/><T90/><D90/><U74/><E74/><V102/><F83/><W67/><G67/><T119/><D119/><U4/><E66/><N who="2" m="39287" /><F102/><W35/><G35/><T69/><D69/><U124/><E68/><V56/><F46/><W25/><AGARI ba="0,0" hai="17,21,25,47,51,52,113,115" m="43335,50218" machi="25" ten="30,2000,0" yaku="19,1,54,1" doraHai="11" who="3" fromWho="3" sc="250,-10,250,-5,250,-5,250,20" />
</Scene>
<Scene>
<INIT seed="1,0,0,5,5,6" ten="240,245,245,270" oya="1" hai0="89,79,35,23,81,66,98,61,49,110,131,115,46" hai1="34,109,48,31,99,125,84,55,71,91,69,36,76" hai2="47,124,130,100,108,121,5,38,104,52,59,96,10" hai3="74,25,92,20,2,105,127,135,95,18,33,114,62"/><U44/><E125/><V19/><F121/><W72/><G114/><T50/><D35/><U4/><E76/><V87/><F124/><W88/><G105/><T45/><D115/><U117/><E117/><V112/><F112/><W43/><G2/><T75/><D110/><U26/><E99/><V57/><F108/><W129/><G127/><T120/><D120/><U133/><E109/><V42/><F130/><W68/><G129/><T122/><D122/><U78/><E78/><V17/><F87/><W60/><G135/><T134/><D134/><U8/><E36/><V102/><F102/><W30/><G95/><T27/><D131/><U29/><E31/><V40/><F40/><W11/><G43/><T64/><D89/><U132/><E132/><V118/><F57/><W9/><G72/><T73/><D98/><U13/><REACH who="1" step="1"/><E133/><REACH who="1" ten="240,235,245,270" step="2"/><V93/><F118/><W83/><G30/><T128/><D128/><U22/><E22/><V14/><REACH who="2" step="1"/><F104/><REACH who="2" ten="240,235,235,270" step="2"/><W103/><G74/><T53/><D73/><U32/><E32/><V65/><F65/><W58/><G33/><T111/><D111/><U106/><E106/><V70/><F70/><W116/><G68/><T126/><D126/><U56/><E56/><V101/><F101/><W37/><G103/><T1/><D66/><U3/><E3/><V41/><F41/><W39/><G58/><N who="0" m="35023" /><D64/><U80/><AGARI ba="0,2" hai="4,8,13,26,29,34,44,48,55,69,71,80,84,91" machi="80" ten="20,12000,1" yaku="1,1,0,1,7,1,52,1,53,1" doraHai="6" doraHaiUra="86" who="1" fromWho="1" sc="240,-40,235,140,235,-40,270,-40" />
</Scene>
<Scene>
<INIT seed="1,1,0,2,4,120" ten="200,375,195,230" oya="1" hai0="34,86,48,106,53,65,108,21,111,71,89,16,92" hai1="57,117,79,20,85,32,43,102,82,29,83,134,19" hai2="130,127,17,75,122,73,78,11,100,87,8,59,135" hai3="28,26,104,33,116,129,35,14,132,23,41,60,9"/><U36/><E117/><V45/><F122/><W84/><G104/><T94/><D106/><U2/><E2/><V118/><F118/><W97/><G116/><T31/><D34/><U27/><E134/><V74/><F135/><W99/><G132/><T44/><D31/><U70/><E70/><V110/><F130/><W113/><G113/><T115/><D115/><U76/><E102/><V119/><F119/><W6/><G129/><T77/><D77/><U15/><E57/><V103/><F127/><W61/><G41/><T107/><D107/><U81/><REACH who="1" step="1"/><E85/><REACH who="1" ten="200,365,195,230" step="2"/><V62/><F103/><W128/><G84/><T91/><D71/><U126/><E126/><V50/><F100/><W101/><G101/><T67/><D67/><U68/><E68/><V114/><F87/><W47/><G128/><T63/><D65/><U24/><E24/><V55/><F114/><W109/><G26/><T133/><D133/><U131/><E131/><V30/><F75/><W66/><G66/><T25/><REACH who="0" step="1"/><D63/><REACH who="0" ten="190,365,195,230" step="2"/><U69/><E69/><V18/><F62/><W64/><G61/><T40/><D40/><U4/><E4/><V3/><F74/><W88/><G60/><T37/><D37/><U121/><E121/><V7/><F73/><W90/><G64/><T93/><D93/><U96/><E96/><AGARI ba="1,2" hai="16,21,25,44,48,53,86,89,91,92,94,96,108,111" machi="96" ten="40,8000,1" yaku="1,1,52,2,54,1,53,1" doraHai="120" doraHaiUra="49" who="0" fromWho="1" sc="190,103,365,-83,195,0,230,0" />
</Scene>
<Scene>
<INIT seed="2,0,0,4,0,89" ten="293,282,195,230" oya="2" hai0="34,113,117,60,14,65,40,39,5,99,76,119,135" hai1="105,78,20,11,0,109,36,127,84,4,133,116,94" hai2="62,112,71,77,18,122,134,30,8,15,27,43,25" hai3="79,50,35,67,131,69,128,120,2,23,111,103,106"/><V41/><F122/><W64/><G120/><T17/><D34/><U1/><E105/><V125/><F112/><W6/><G35/><T16/><D113/><U53/><E36/><V58/><F71/><W47/><G111/><T75/><D135/><U51/><E109/><V21/><F134/><W74/><G79/><T63/><D63/><U72/><E72/><V13/><F125/><W26/><G74/><T55/><D55/><U92/><E116/><N who="0" m="44617" /><D99/><U24/><E133/><V46/><F77/><W88/><G69/><N who="0" m="42151" /><D40/><U83/><E0/><V12/><F46/><W7/><G103/><T91/><D91/><U3/><E3/><V29/><F8/><W90/><G106/><T10/><D39/><U45/><REACH who="1" step="1"/><E127/><REACH who="1" ten="293,272,195,230" step="2"/><V52/><REACH who="2" step="1"/><F18/><AGARI ba="0,1" hai="1,4,11,18,20,24,45,51,53,78,83,84,92,94" machi="18" ten="30,8000,1" yaku="1,1,2,1,7,1,52,2,53,0" doraHai="89" doraHaiUra="115" who="1" fromWho="2" sc="293,0,272,90,195,-80,230,0" />
</Scene>
<Scene>
<INIT seed="3,0,0,1,5,121" ten="293,362,115,230" oya="3" hai0="81,78,115,69,127,93,79,75,107,87,83,72,61" hai1="39,64,113,90,62,85,52,48,88,129,97,1,45" hai2="132,70,95,91,71,10,122,82,86,57,128,18,123" hai3="38,15,118,65,29,80,5,135,89,116,110,19,22"/><W134/><G38/><T76/><D69/><U6/><E113/><V27/><F128/><W2/><G65/><T50/><D61/><U37/><E129/><V126/><F126/><W98/><G98/><T25/><D25/><U63/><E63/><V68/><F132/><N who="3" m="50731" /><G89/><N who="0" m="53439" /><D50/><U42/><E97/><V53/><F10/><N who="3" m="2359" /><G80/><N who="0" m="30795" /><D127/><U30/><E37/><V33/><F82/><W44/><G44/><T8/><D8/><U54/><E39/><V9/><F9/><W56/><G56/><T31/><D115/><U34/><E42/><V133/><F133/><W13/><G13/><T119/><D119/><N who="3" m="45609" /><G29/><T14/><D31/><U102/><E30/><V104/><F104/><W67/><G67/><T60/><D14/><U106/><E64/><V84/><F84/><W35/><G35/><T20/><D60/><U112/><E62/><V114/><F33/><W47/><G47/><T11/><D107/><U101/><E106/><V7/><F114/><W12/><G12/><T120/><D75/><U59/><E34/><V66/><F7/><W24/><G24/><T0/><D72/><U131/><E112/><V3/><F3/><W125/><G125/><T41/><D76/><U21/><E6/><V77/><F66/><W28/><G28/><T109/><D78/><U58/><E1/><V100/><F77/><W73/><G73/><T17/><D0/><U108/><E45/><V26/><F100/><W74/><G74/><T96/><D79/><U43/><E102/><V46/><F46/><W124/><G124/><T36/><D96/><U103/><E101/><V130/><F130/><W49/><G49/><RYUUKYOKU ba="0,0" sc="293,-10,362,-10,115,-10,230,30" hai3="15,19,22,110" />
</Scene>
<Scene>
<INIT seed="3,1,0,1,3,6" ten="283,352,105,260" oya="3" hai0="8,16,25,11,96,17,68,9,46,44,51,77,63" hai1="129,32,133,95,37,72,92,105,4,57,110,10,35" hai2="3,90,56,113,84,118,98,38,45,29,78,86,19" hai3="5,124,58,48,59,93,125,131,42,62,82,114,123"/><W66/><G123/><T101/><D77/><U14/><E110/><V61/><F3/><W34/><G34/><T1/><D1/><U39/><E105/><V103/><F118/><W79/><G114/><T70/><D44/><U55/><E72/><V91/><F113/><W81/><G131/><T109/><D109/><U107/><E107/><V18/><F78/><W49/><G5/><T120/><D120/><U130/><E133/><V128/><F128/><N who="1" m="49257" /><E95/><V127/><F127/><N who="3" m="48715" /><G42/><T97/><D68/><U30/><E92/><V33/><F33/><N who="1" m="12873" /><E30/><V36/><F29/><W83/><G79/><T54/><D25/><U76/><E76/><V7/><F7/><W104/><G104/><T85/><D85/><U43/><E43/><V64/><F86/><W89/><G59/><N who="0" m="35319" /><D70/><U75/><E75/><V69/><F69/><W122/><G122/><T100/><D100/><U80/><E80/><N who="3" m="20482" /><W52/><DORA hai="2" /><G66/><T22/><D22/><U115/><E115/><V88/><F84/><AGARI ba="1,0" hai="48,49,52,58,62,84,89,93" m="20482,48715" machi="84" ten="40,3900,0" yaku="18,1,54,1" doraHai="6,2" who="3" fromWho="2" sc="283,0,352,0,105,-42,260,42" />
</Scene>
<Scene>
<INIT seed="3,2,0,4,3,129" ten="283,352,63,302" oya="3" hai0="55,31,101,32,71,17,69,95,56,59,78,41,134" hai1="94,80,0,8,98,132,82,30,130,14,11,91,34" hai2="57,61,22,28,16,117,1,121,39,113,36,99,27" hai3="104,131,107,68,111,65,26,51,112,45,125,9,10"/><W3/><G112/><T127/><D32/><U119/><E130/><V15/><F1/><W62/><G131/><T108/><D31/><U96/><E119/><V100/><F113/><W73/><G73/><T38/><D78/><U114/><E114/><V70/><F121/><W37/><G125/><T24/><D24/><U106/><E0/><V102/><F117/><W122/><G122/><T40/><D17/><U67/><E67/><V120/><F120/><W33/><G111/><T85/><D85/><U92/><E106/><V20/><F70/><N who="0" m="26634" /><D95/><U79/><E79/><V49/><F49/><W74/><G74/><T86/><D86/><U66/><E66/><V75/><F75/><W76/><G76/><T63/><D101/><U5/><E8/><V47/><F47/><W44/><G10/><T43/><D127/><U7/><E7/><V105/><REACH who="2" step="1"/><F102/><REACH who="2" ten="283,352,53,302" step="2"/><W64/><G45/><N who="0" m="23703" /><D108/><U116/><E116/><V81/><F81/><W77/><G3/><T97/><D56/><U35/><E82/><V18/><F18/><W128/><G128/><T54/><D59/><U19/><E80/><V23/><F23/><W60/><G44/><T110/><D110/><U124/><E19/><V6/><F6/><W12/><G68/><T118/><D118/><U42/><E5/><V52/><AGARI ba="2,1" hai="15,16,20,22,27,28,36,39,52,57,61,99,100,105" machi="52" ten="20,8000,1" yaku="1,1,0,1,7,1,54,2,53,0" doraHai="129" doraHaiUra="115" who="2" fromWho="2" sc="283,-22,352,-22,53,96,302,-42" />
</Scene>
<Scene>
<INIT seed="4,0,0,5,3,109" ten="261,330,149,260" oya="0" hai0="38,89,57,62,10,39,73,63,95,98,23,59,75" hai1="125,15,96,6,70,26,131,44,35,99,55,117,84" hai2="50,83,93,80,34,40,106,13,132,88,116,27,81" hai3="19,69,107,128,0,108,1,104,133,65,20,103,66"/><T51/><D51/><U7/><E70/><V120/><F106/><W18/><G108/><T134/><D134/><U85/><E117/><V52/><F120/><W68/><G20/><T123/><D123/><U4/><E125/><V111/><F111/><W2/><G2/><T77/><D10/><U90/><E131/><V115/><F132/><W61/><G133/><T45/><D23/><U8/><E84/><V122/><F122/><W101/><REACH who="3" step="1"/><G61/><REACH who="3" ten="261,330,149,250" step="2"/><T129/><D62/><U94/><E35/><V21/><F116/><W130/><AGARI ba="0,1" hai="0,1,18,19,65,66,68,69,101,103,104,107,128,130" machi="130" ten="25,12000,2" yaku="1,1,2,1,0,1,22,2,53,2" doraHai="109" doraHaiUra="127" who="3" fromWho="3" sc="261,-60,330,-30,149,-30,250,130" />
</Scene>
<Scene>
<INIT seed="5,0,0,3,1,88" ten="201,300,119,380" oya="1" hai0="47,87,89,29,125,50,18,44,77,127,108,62,85" hai1="48,56,135,23,66,2,28,78,54,16,34,122,118" hai2="114,57,65,133,40,1,15,38,67,49,37,46,134" hai3="129,70,73,63,58,81,32,36,106,41,128,3,9"/><U25/><E122/><V60/><F1/><W126/><G106/><T26/><D108/><U119/><E135/><N who="2" m="51723" /><F15/><W21/><G32/><T102/><D102/><U10/><E78/><V101/><F101/><W131/><G70/><T82/><D18/><U110/><E110/><V39/><F114/><W112/><G112/><T19/><D19/><U90/><E90/><V74/><F74/><W0/><G126/><N who="0" m="48139" /><D62/><U5/><REACH who="1" step="1"/><E66/><AGARI ba="0,0" hai="37,38,39,40,46,49,57,60,65,66,67" m="51723" machi="66" ten="40,5200,0" yaku="20,1,34,2" doraHai="88" who="2" fromWho="1" sc="201,0,300,-52,119,52,380,0" />
</Scene>
<Scene>
<INIT seed="6,0,0,0,1,50" ten="201,248,171,380" oya="2" hai0="15,44,10,118,94,98,76,72,3,90,52,77,89" hai1="74,57,115,32,36,4,93,134,46,20,13,120,85" hai2="55,88,126,58,119,103,97,35,121,1,61,92,22" hai3="127,71,17,14,30,95,114,75,70,105,67,99,18"/><V40/><F35/><W37/><G75/><T128/><D3/><U124/><E74/><V43/><F1/><W117/><G117/><T135/><D118/><U2/><E2/><V66/><F119/><W64/><G37/><T83/><D128/><U31/><E32/><V34/><F34/><W42/><G42/><T5/><D135/><U87/><E115/><V91/><F121/><W111/><G105/><T41/><D77/><U122/><E31/><V62/><F126/><W45/><G45/><T69/><D69/><U112/><E46/><V54/><F91/><W51/><G51/><T33/><D33/><U19/><E20/><V80/><F22/><W73/><G73/><T79/><D79/><U132/><E4/><V8/><F8/><W107/><G107/><T131/><D131/><U116/><E112/><V110/><F110/><W26/><G127/><T96/><D89/><U125/><E36/><V23/><F23/><W102/><G111/><T130/><D130/><U56/><E116/><V60/><F62/><W27/><G70/><T49/><REACH who="0" step="1"/><D41/><REACH who="0" ten="191,248,171,380" step="2"/><N who="2" m="15946" /><F61/><W7/><G114/><T6/><D6/><U68/><E125/><V129/><F129/><W39/><G7/><T106/><D106/><U63/><E124/><V123/><F123/><W0/><G0/><T84/><AGARI ba="0,1" hai="5,10,15,44,49,52,72,76,83,84,90,94,96,98" machi="84" ten="20,8000,1" yaku="1,1,0,1,7,1,52,1,54,1,53,0" doraHai="50" doraHaiUra="101" who="0" fromWho="0" sc="191,90,248,-20,171,-40,380,-20" />
</Scene>
<Scene>
<INIT seed="7,0,0,5,4,35" ten="281,228,131,360" oya="3" hai0="109,94,99,77,2,42,45,76,91,89,44,34,17" hai1="64,122,6,36,12,103,105,25,107,38,101,84,48" hai2="72,88,126,113,120,49,41,50,22,43,74,30,18" hai3="81,0,61,97,87,24,33,130,108,19,4,40,53"/><W58/><G130/><T121/><D109/><U52/><E64/><V93/><F120/><W23/><G108/><T63/><D34/><U62/><E62/><V117/><F117/><W133/><G133/><T57/><D121/><U69/><E69/><V127/><F30/><W118/><G118/><T9/><D89/><U56/><E122/><V131/><F131/><W14/><G0/><T78/><D42/><U83/><E25/><V5/><F5/><W13/><G33/><T85/><D2/><U31/><E31/><V98/><F113/><W47/><G4/><T66/><D99/><U37/><E12/><AGARI ba="0,0" hai="9,12,17,44,45,57,63,66,76,77,78,85,91,94" machi="12" ten="40,1300,0" yaku="8,1" doraHai="35" who="0" fromWho="1" sc="281,13,228,-13,131,0,360,0" owari="294,9.0,215,-18.0,131,-37.0,360,46.0" />
</Scene>
</mjloggm>