<mjloggm ver="2.3"><GO type="169"/><UN n0="%41%53%41%50%49%4E" n1="%E3%83%97%E3%83%AD%E3%82%B8%E3%83%A3%E3%83%B3%E6%B0%8F" n2="%E7%8C%AA%E6%9C%A8%E5%A4%A7%E5%AB%8C%E3%81%84%EF%BC%81" n3="%E6%AD%A6%E5%A3%AB%E6%B2%A2%E7%A7%80%E8%A1%8C" dan="18,17,17,16" rate="2233,2220,2110,2175" sx="M,M,F,M"/><TAIKYOKU oya="0"/>

<Scene>
<INIT seed="0,0,0,1,1,28" ten="250,250,250,250" oya="0" hai0="132,60,80,49,54,32,45,85,16,101,19,73,122" hai1="79,89,133,56,33,91,30,11,116,119,24,35,90" hai2="92,93,4,110,31,26,65,17,10,5,34,75,111" hai3="43,67,108,39,8,42,3,120,63,2,130,106,117"/><T13/><D122/><U48/><E79/><V105/><F105/><W29/><G117/><T58/><D73/><U44/><E133/><V99/><F75/><W71/><G120/><T53/><D132/><U51/><E56/><V134/><F134/><W96/><G130/><T103/><D32/><U61/><E61/><V0/><F65/><W38/><G108/><N who="2" m="41513" /><F5/><W121/><G121/><T74/><D74/><U125/><E125/><V21/><F99/><W59/><G59/><T23/><REACH who="0" step="1"/><D19/><REACH who="0" ten="240,250,250,250" step="2"/><U50/><E35/><V86/><F86/><W127/><G127/><T70/><D70/><U77/><E119/><V95/><F34/><W55/><G29/><AGARI ba="0,1" hai="0,4,10,17,21,26,29,31,92,93,95" m="41513" machi="29" ten="30,1000,0" yaku="14,1" doraHai="28" who="2" fromWho="3" sc="240,0,250,0,250,20,250,-10" />
</Scene>
<Scene>
<INIT seed="1,0,0,3,4,25" ten="240,250,270,240" oya="1" hai0="134,98,79,52,130,36,38,44,81,30,120,133,23" hai1="68,17,84,53,82,10,58,65,63,97,20,74,32" hai2="21,102,80,107,94,112,55,88,45,86,37,60,28" hai3="6,56,113,122,87,31,117,83,116,100,40,24,132"/><U16/><E74/><V69/><F107/><W115/><G122/><T4/><D130/><U27/><E32/><V43/><F112/><W105/><G132/><N who="0" m="50795" /><D120/><U61/><E97/><V67/><F55/><W127/><G127/><T73/><D4/><U72/><E72/><V76/><F102/><W71/><G71/><T19/><D98/><U90/><REACH who="1" step="1"/><E10/><REACH who="1" ten="240,240,270,240" step="2"/><V111/><F111/><W135/><G115/><T59/><D44/><U92/><E92/><V128/><F128/><W110/><G113/><T124/><D124/><U118/><E118/><V7/><F7/><W48/><G6/><T114/><D114/><U42/><E42/><V18/><F94/><W78/><G135/><T109/><D109/><U91/><E91/><V1/><F76/><W66/><G110/><T41/><D41/><U121/><E121/><V62/><F88/><W95/><G105/><T29/><D38/><U47/><E47/><V99/><F99/><W51/><G40/><T119/><D36/><U12/><E12/><V3/><F45/><W106/><G106/><T34/><D34/><U70/><E70/><V89/><F43/><W33/><G100/><T14/><D119/><N who="3" m="45641" /><G95/><T11/><D11/><U5/><E5/><V126/><F37/><W125/><G125/><T35/><D35/><U22/><E22/><V101/><F126/><W0/><G0/><T13/><D13/><U26/><E26/><V93/><F93/><W8/><G8/><T46/><D46/><U15/><E15/><V85/><F101/><W50/><G56/><T2/><D2/><N who="2" m="522" /><F69/><W108/><G108/><T96/><D96/><RYUUKYOKU ba="0,1" sc="240,10,240,10,270,-30,240,10" hai0="14,19,23,29,30,52,59,73,79,81" hai1="16,17,20,27,53,58,61,63,65,68,82,84,90" hai3="24,31,33,48,50,51,66,78,83,87" />
</Scene>
<Scene>
<INIT seed="1,1,1,5,5,97" ten="250,250,240,250" oya="1" hai0="125,72,12,61,27,84,38,80,11,22,81,36,88" hai1="109,41,77,6,19,98,21,20,103,18,32,3,49" hai2="99,75,108,70,54,106,58,56,29,78,113,37,73" hai3="130,110,10,105,101,5,39,66,104,90,45,126,111"/><U69/><E69/><V28/><F70/><W119/><G119/><T42/><D125/><U13/><E32/><V112/><F37/><W30/><G126/><T31/><D42/><U23/><E77/><V53/><F99/><N who="3" m="61503" /><G105/><T76/><REACH who="0" step="1"/><D61/><REACH who="0" ten="240,250,240,250" step="2"/><U102/><E109/><V2/><F108/><W82/><G111/><T124/><D124/><U59/><E41/><V85/><F113/><W65/><G110/><T83/><D83/><U95/><E3/><V63/><F112/><W24/><G82/><T114/><D114/><U14/><E6/><AGARI ba="1,2" hai="6,11,12,22,27,31,36,38,72,76,80,81,84,88" machi="6" ten="30,3900,0" yaku="1,1,7,1,54,1,53,0" doraHai="97" doraHaiUra="44" who="0" fromWho="1" sc="240,62,250,-42,240,0,250,0" />
</Scene>
<Scene>
<INIT seed="2,0,0,5,0,67" ten="302,208,240,250" oya="2" hai0="35,110,59,16,17,108,135,81,119,50,46,38,61" hai1="49,6,19,86,82,88,114,106,28,13,126,133,42" hai2="32,51,58,43,30,130,24,8,25,87,39,63,3" hai3="96,97,104,113,73,90,103,9,45,1,47,40,5"/><V64/><F130/><W127/><G127/><T11/><D35/><U68/><E106/><V78/><F25/><W89/><G113/><T134/><D38/><U56/><E114/><V34/><F34/><W23/><G47/><T125/><D81/><U7/><E126/><V12/><F3/><W91/><G23/><T55/><D125/><U131/><E131/><V77/><F39/><W105/><G73/><T117/><D11/><U128/><E128/><V132/><F132/><N who="0" m="50730" /><D17/><U118/><E118/><N who="0" m="45065" /><D16/><U122/><E122/><V27/><F32/><W95/><REACH who="3" step="1"/><G105/><REACH who="3" ten="302,208,240,240" step="2"/><T121/><D121/><U0/><E133/><V83/><F30/><W41/><G41/><AGARI ba="0,1" hai="41,46,50,55,59,61,108,110" m="45065,50730" machi="41" ten="30,7700,0" yaku="20,1,12,1,34,2" doraHai="67" who="0" fromWho="3" sc="302,87,208,0,240,0,240,-77" />
</Scene>
<Scene>
<INIT seed="3,0,0,3,4,54" ten="389,208,240,163" oya="3" hai0="16,17,42,0,108,39,105,86,9,99,95,59,46" hai1="6,107,71,36,104,91,73,93,4,12,13,32,102" hai2="47,132,83,27,43,85,51,56,114,79,62,84,63" hai3="133,134,81,33,101,120,28,67,124,70,5,31,103"/><W127/><G70/><T57/><D108/><U61/><E36/><V131/><F131/><W69/><G69/><T2/><D105/><U89/><E32/><V26/><F132/><N who="3" m="50795" /><G67/><T135/><D135/><U110/><E110/><V21/><F114/><W35/><G81/><T30/><D86/><U14/><E73/><V106/><F106/><W72/><G72/><T126/><D126/><N who="3" m="48169" /><G5/><T3/><D30/><N who="3" m="11305" /><G120/><T119/><D119/><U52/><E71/><V74/><F74/><W58/><G58/><T90/><D57/><N who="1" m="34983" /><E107/><V78/><F56/><W77/><G77/><T87/><D59/><U97/><E104/><V23/><F47/><W60/><G60/><T29/><D46/><U34/><E34/><AGARI ba="0,0" hai="33,34,35,101,103" m="11305,48169,50795" machi="34" ten="40,12000,1" yaku="28,2,20,1,18,1" doraHai="54" who="3" fromWho="1" sc="389,0,208,-120,240,0,163,120" />
</Scene>
<Scene>
<INIT seed="3,1,0,3,1,106" ten="389,88,240,283" oya="3" hai0="80,77,61,52,93,66,53,8,111,37,43,89,101" hai1="68,2,109,103,20,26,18,131,54,78,28,90,9" hai2="45,0,71,56,82,75,122,119,34,74,76,73,7" hai3="99,6,48,5,81,39,96,132,12,104,129,49,113"/><W23/><G39/><T4/><D111/><U36/><E36/><V44/><F119/><W33/><G33/><T40/><D101/><U102/><E109/><V118/><F118/><W98/><G113/><T130/><D130/><U135/><E131/><V120/><F71/><W79/><G129/><T92/><D40/><U116/><E135/><V126/><F34/><W105/><G132/><T1/><D92/><U86/><E116/><V35/><F35/><W100/><G23/><T10/><D10/><U123/><E123/><N who="2" m="47147" /><F126/><W11/><G6/><T14/><D14/><U134/><E134/><V50/><F56/><W67/><G67/><T32/><D32/><U63/><E78/><V124/><F124/><W127/><G127/><T58/><D89/><U30/><E68/><V108/><F108/><W13/><G13/><T91/><D91/><U3/><E3/><V38/><F38/><W15/><G15/><T85/><D93/><U27/><E2/><V69/><F69/><W87/><G99/><T117/><D117/><U112/><E112/><V97/><F97/><W115/><G115/><T133/><D133/><U24/><E9/><N who="2" m="2279" /><F50/><W110/><G110/><T107/><D107/><U55/><E63/><V19/><F19/><W72/><G87/><AGARI ba="1,0" hai="44,45,73,74,75,76,82,87" m="2279,47147" machi="87" ten="40,8000,1" yaku="13,1,52,3" doraHai="106" who="2" fromWho="3" sc="389,0,88,0,240,83,283,-83" />
</Scene>
<Scene>
<INIT seed="4,0,0,2,0,61" ten="389,88,323,200" oya="0" hai0="40,122,70,69,94,43,75,39,4,106,52,81,109" hai1="51,8,71,110,76,22,107,21,37,78,105,111,80" hai2="77,2,18,44,5,98,112,33,28,12,72,108,73" hai3="55,6,20,60,116,1,118,48,97,92,54,31,50"/><T30/><D122/><U102/><E37/><V91/><F108/><W120/><G120/><T124/><D106/><U129/><E71/><V84/><F112/><W9/><G118/><T79/><D109/><U95/><E95/><V10/><F44/><W68/><G116/><T47/><D124/><U67/><E67/><V49/><F49/><W0/><G0/><T42/><D30/><U90/><E90/><V133/><F133/><W7/><G7/><T3/><D94/><U128/><E51/><V23/><F98/><W89/><G55/><T134/><D134/><U96/><E8/><V82/><REACH who="2" step="1"/><F91/><REACH who="2" ten="389,88,313,200" step="2"/><W130/><G89/><T32/><D39/><U125/><E96/><V17/><F17/><W34/><G97/><T100/><D47/><U65/><E125/><V93/><F93/><W58/><G92/><T13/><D42/><U127/><E127/><V99/><F99/><W16/><G50/><T117/><D40/><U74/><E111/><V115/><F115/><W14/><G48/><T46/><D43/><U11/><E110/><V26/><AGARI ba="0,1" hai="2,5,10,12,18,23,26,28,33,72,73,77,82,84" machi="26" ten="30,7900,0" yaku="1,1,0,1,24,2,53,0" doraHai="61" doraHaiUra="88" who="2" fromWho="2" sc="389,-39,88,-20,313,89,200,-20" />
</Scene>
<Scene>
<INIT seed="5,0,0,4,5,23" ten="350,68,402,180" oya="1" hai0="102,47,16,132,55,56,5,65,7,60,1,120,108" hai1="50,17,85,83,13,118,51,116,123,128,79,8,100" hai2="57,95,84,61,29,31,35,96,42,107,62,110,2" hai3="117,12,38,89,111,45,53,113,27,70,4,71,94"/><U75/><E123/><V78/><F110/><W104/><G104/><T49/><D108/><U91/><E128/><V77/><F2/><W46/><G111/><T58/><D120/><U133/><E133/><V106/><F42/><W87/><G117/><T112/><D132/><U69/><E69/><V92/><F57/><W59/><G113/><T52/><D112/><U126/><E126/><V41/><F41/><W30/><G38/><T127/><D127/><U26/><E100/><V36/><F96/><W24/><G71/><T81/><D102/><U18/><E118/><V66/><F35/><W44/><G70/><T32/><D32/><U124/><E124/><V39/><F66/><W131/><G131/><T19/><D81/><U9/><E116/><V82/><F82/><W25/><G30/><T103/><D103/><U11/><E11/><V22/><F22/><W73/><G73/><T72/><D72/><U37/><E37/><V86/><AGARI ba="0,0" hai="29,31,36,39,61,62,77,78,84,86,92,95,106,107" machi="86" ten="25,3200,0" yaku="0,1,22,2" doraHai="23" who="2" fromWho="2" sc="350,-8,68,-16,402,32,180,-8" />
</Scene>
<Scene>
<INIT seed="6,0,0,4,2,76" ten="342,52,434,172" oya="2" hai0="67,23,119,64,127,85,8,18,130,84,101,69,32" hai1="5,44,128,52,83,16,87,81,22,123,99,124,13" hai2="56,6,117,17,90,15,1,100,34,104,36,12,51" hai3="53,57,70,103,37,132,93,120,11,122,50,20,46"/><V105/><F117/><W98/><G132/><T68/><D32/><U111/><E123/><V129/><F36/><W33/><G33/><T60/><D119/><U29/><E111/><V45/><F34/><W38/><G70/><T113/><D113/><U0/><E124/><V133/><F56/><W75/><G75/><T77/><D127/><U40/><E128/><V102/><F1/><W126/><G126/><T91/><D130/><U88/><E29/><V114/><F129/><W47/><G38/><T73/><D101/><U9/><E99/><V110/><F110/><W109/><G109/><T59/><D8/><U89/><E40/><V63/><F63/><W54/><G11/><T121/><D121/><U42/><E42/><V21/><F114/><W61/><G20/><T41/><D41/><U14/><E0/><V116/><F133/><W55/><G37/><T74/><D84/><N who="1" m="50335" /><E44/><V106/><F116/><W134/><G134/><T112/><D112/><U107/><E107/><V43/><F43/><W30/><G30/><T25/><D74/><U7/><E7/><V35/><F35/><W96/><G96/><T108/><D108/><U135/><E135/><V94/><F45/><W95/><G95/><N who="0" m="54767" /><D73/><U62/><E62/><V58/><F104/><W80/><G80/><T92/><D92/><U72/><E72/><V71/><F106/><W24/><G47/><T28/><D77/><U86/><E86/><N who="2" m="52567" /><F105/><W10/><G120/><T19/><D69/><U39/><E39/><V118/><F118/><W27/><G122/><T66/><D68/><U82/><E81/><V115/><F115/><RYUUKYOKU ba="0,0" sc="342,15,52,15,434,-15,172,-15" hai0="18,19,23,25,28,59,60,64,66,67" hai1="5,9,13,14,16,22,52,82,87,88" />
</Scene>
<Scene>
<INIT seed="7,1,0,3,5,63" ten="357,67,419,157" oya="3" hai0="79,54,95,56,38,121,86,29,92,10,37,71,48" hai1="89,112,88,36,117,39,3,78,24,114,33,96,123" hai2="120,1,35,122,60,22,2,11,43,82,42,51,17" hai3="75,50,41,115,84,106,65,32,73,59,90,77,0"/><W119/><G119/><T7/><D121/><N who="2" m="46698" /><F35/><W8/><G106/><T6/><D71/><U108/><E123/><V21/><F60/><W52/><G32/><T116/><D116/><U74/><E117/><V99/><F99/><W12/><G115/><T58/><D38/><N who="1" m="14379" /><E3/><N who="2" m="1035" /><F82/><W103/><G0/><T64/><D37/><U132/><E108/><V87/><F87/><W118/><G118/><T97/><D29/><U27/><E33/><V135/><F135/><W67/><G77/><T109/><D109/><U126/><E96/><V9/><F51/><W72/><G103/><T127/><D127/><U68/><E68/><V18/><F22/><W15/><G41/><N who="2" m="15369" /><F18/><W80/><REACH who="3" step="1"/><G15/><AGARI ba="1,0" hai="9,11,15,17,21" m="15369,1035,46698" machi="15" ten="30,1000,0" yaku="13,1" doraHai="63" who="2" fromWho="3" sc="357,0,67,0,419,13,157,-13" owari="357,16.0,67,-43.0,432,53.0,144,-26.0" />
</Scene>
</mjloggm>