<mjloggm ver="2.3"><GO type="169" lobby="0"/><UN n0="%E9%81%8A%E8%B5%B0" n1="%E3%83%AD%E3%83%AA%E3%83%BC%E3%82%BF%E3%81%AA%E7%84%BC%E8%82%89" n2="%41%53%41%50%49%4E" n3="%E9%96%A2%E7%99%BD%E5%A4%B1%E8%84%9A" dan="17,18,19,17" rate="2155.26,2159.57,2276.74,2143.94" sx="F,F,M,M"/><TAIKYOKU oya="0"/>

<Scene>
<INIT seed="0,0,0,5,0,98" ten="250,250,250,250" oya="0" hai0="86,105,79,128,21,2,75,42,43,77,123,130,46" hai1="96,80,44,67,49,116,108,40,87,65,48,82,8" hai2="31,27,83,70,118,7,107,10,45,16,28,76,122" hai3="39,15,33,81,55,9,24,29,19,73,56,63,101"/><T113/><D2/><U100/><E116/><V6/><F122/><W66/><G39/><T62/><D123/><U135/><E135/><V131/><F70/><W14/><G73/><T20/><D75/><U38/><E108/><V129/><F118/><W36/><G36/><T112/><D62/><U124/><E124/><V91/><F91/><W61/><G81/><T53/><D53/><U110/><E110/><V125/><F125/><W90/><G90/><T111/><D111/><U1/><E1/><V35/><F107/><W97/><G15/><T11/><D86/><U74/><E74/><V17/><F45/><W57/><REACH who="3" step="1"/><G97/><REACH who="3" ten="250,250,250,240" step="2"/><T114/><D11/><U115/><E38/><V103/><F10/><W132/><G132/><T64/><D113/><U13/><E115/><V127/><F127/><W50/><G50/><T71/><D79/><N who="1" m="46495" /><E48/><V5/><F76/><W94/><G94/><T104/><D77/><U68/><E82/><V120/><F83/><W84/><G84/><T134/><D134/><U99/><E99/><V126/><F126/><W34/><G34/><T47/><REACH who="0" step="1"/><D71/><REACH who="0" ten="240,250,250,240" step="2"/><U0/><E68/><V85/><F85/><W59/><G59/><T25/><D25/><U51/><E0/><V37/><F27/><W52/><G52/><T102/><D102/><AGARI ba="0,2" hai="9,14,19,24,29,33,55,56,57,61,63,66,101,102" machi="102" ten="40,5200,0" yaku="1,1,52,2,53,0" doraHai="98" doraHaiUra="95" who="3" fromWho="0" sc="240,-52,250,0,250,0,240,72" />
</Scene>
<Scene>
<INIT seed="1,0,0,2,2,45" ten="188,250,250,312" oya="1" hai0="109,24,117,40,67,68,54,77,4,8,108,88,107" hai1="20,2,3,116,21,5,59,32,129,62,84,6,78" hai2="63,16,69,113,101,9,70,104,75,34,125,135,13" hai3="72,28,74,10,48,29,105,58,46,98,57,133,73"/><U119/><E78/><V7/><F75/><W44/><G133/><T127/><D117/><U82/><E82/><V85/><F135/><W60/><G10/><T55/><D107/><U123/><E84/><V0/><F34/><W35/><G35/><T111/><D77/><U93/><E93/><V120/><F120/><W118/><G118/><T103/><D103/><U112/><E59/><V134/><F134/><W30/><G60/><N who="0" m="40039" /><D24/><U131/><E62/><V64/><F125/><W128/><G128/><T53/><D127/><U94/><E94/><V61/><F113/><W14/><G14/><N who="0" m="5383" /><D40/><U50/><E50/><V27/><F27/><W43/><REACH who="3" step="1"/><G46/><REACH who="3" ten="188,250,250,302" step="2"/><T121/><D121/><U33/><E112/><V89/><F63/><W87/><G87/><T26/><D26/><U80/><E80/><V124/><F124/><W37/><G37/><T96/><D96/><U115/><E115/><V92/><F61/><W102/><AGARI ba="0,1" hai="28,29,30,43,44,48,57,58,72,73,74,98,102,105" machi="102" ten="40,8000,1" yaku="1,1,0,1,52,1,53,1" doraHai="45" doraHaiUra="100" who="3" fromWho="3" sc="188,-20,250,-40,250,-20,302,90" />
</Scene>
<Scene>
<INIT seed="2,0,0,4,5,57" ten="168,210,230,392" oya="2" hai0="69,112,35,93,72,8,7,115,73,18,49,41,79" hai1="106,61,64,13,135,1,121,3,110,25,12,120,77" hai2="119,5,34,81,88,75,9,58,46,15,39,84,29" hai3="96,101,40,126,133,67,134,30,80,24,32,21,62"/><V19/><F119/><W85/><G40/><T60/><D35/><U132/><E77/><V78/><F34/><W102/><G126/><T0/><D18/><U11/><E106/><V56/><F29/><W48/><G48/><T17/><D17/><U2/><E110/><V118/><F118/><W97/><G97/><T42/><D93/><U127/><E127/><V104/><F104/><W66/><G66/><T103/><D103/><U108/><E108/><V82/><F39/><W47/><G47/><T37/><D49/><U45/><E45/><V95/><F46/><W113/><G113/><T28/><D28/><U53/><E53/><V76/><REACH who="2" step="1"/><F19/><REACH who="2" ten="168,210,220,392" step="2"/><W83/><G32/><T74/><D41/><U63/><E25/><V98/><AGARI ba="0,1" hai="5,9,15,56,58,75,76,78,81,82,84,88,95,98" machi="98" ten="20,12000,1" yaku="1,1,2,1,0,1,7,1,54,1,53,0" doraHai="57" doraHaiUra="33" who="2" fromWho="2" sc="168,-40,210,-40,220,130,392,-40" />
</Scene>
<Scene>
<INIT seed="2,1,0,2,0,98" ten="128,170,350,352" oya="2" hai0="32,38,4,125,28,12,16,117,102,9,25,69,40" hai1="70,45,7,104,124,101,17,114,57,107,10,14,127" hai2="132,123,134,96,59,122,44,109,43,23,99,37,8" hai3="39,97,135,87,15,29,81,116,3,62,54,119,11"/><V26/><F109/><W22/><G3/><T82/><D69/><U83/><E70/><V126/><F126/><N who="1" m="48169" /><E114/><V85/><F8/><W92/><G39/><T66/><D125/><U111/><E111/><V95/><F85/><W34/><G34/><T24/><D117/><U76/><E45/><V133/><F59/><W65/><G135/><T93/><D66/><U60/><E7/><V128/><F99/><W55/><G119/><T103/><D93/><U30/><E30/><V106/><F106/><W68/><G116/><T131/><D131/><U88/><E101/><N who="2" m="60575" /><F128/><W115/><G115/><T46/><REACH who="0" step="1"/><D82/><REACH who="0" ten="118,170,350,352" step="2"/><U67/><E104/><V33/><F33/><W61/><G65/><T18/><D18/><AGARI ba="1,1" hai="18,23,26,37,43,44,122,123,132,133,134" m="60575" machi="18" ten="30,2900,0" yaku="20,1,52,1" doraHai="98" who="2" fromWho="0" sc="118,-32,170,0,350,42,352,0" />
</Scene>
<Scene>
<INIT seed="2,2,0,1,5,6" ten="86,170,392,352" oya="2" hai0="123,16,94,127,98,134,100,48,87,124,82,101,33" hai1="9,57,121,110,69,47,68,36,23,83,108,1,106" hai2="107,31,5,81,39,52,118,35,4,74,21,13,24" hai3="22,96,51,129,112,72,130,73,19,66,34,56,91"/><V95/><F118/><W122/><G122/><T115/><D33/><U38/><E57/><V93/><F107/><W59/><G34/><T75/><D48/><U133/><E23/><V2/><F39/><N who="1" m="14889" /><E47/><V14/><F5/><W63/><G112/><T70/><D70/><N who="1" m="27243" /><E83/><V86/><F74/><W43/><G43/><T125/><D115/><U40/><E40/><V119/><F119/><W113/><G113/><T78/><D123/><U131/><E106/><V27/><F52/><W76/><G76/><T84/><D134/><U29/><E29/><V114/><F114/><W58/><G51/><T116/><D116/><U77/><E77/><V11/><F14/><W3/><G3/><T25/><REACH who="0" step="1"/><D100/><REACH who="0" ten="76,170,392,352" step="2"/><U15/><E121/><V64/><F35/><W62/><G63/><T10/><D10/><U8/><E133/><V71/><F11/><N who="1" m="4169" /><E1/><V79/><F2/><W55/><G62/><T26/><D26/><U61/><E61/><V50/><F27/><W44/><G44/><T60/><D60/><U18/><E131/><V41/><F24/><W12/><G66/><T88/><D88/><U104/><E15/><V65/><F13/><W67/><G67/><T111/><D111/><N who="1" m="42539" /><E18/><V0/><F0/><W128/><G55/><T120/><D120/><U28/><E28/><V99/><F31/><W45/><G45/><T90/><D90/><U92/><E104/><V105/><F105/><W53/><G53/><T109/><D109/><U85/><E92/><AGARI ba="2,1" hai="12,19,22,56,58,59,72,73,91,92,96,128,129,130" machi="92" ten="50,1600,0" yaku="19,1" doraHai="6" who="3" fromWho="1" sc="76,0,170,-22,392,0,352,32" />
</Scene>
<Scene>
<INIT seed="3,0,0,3,2,56" ten="76,148,392,384" oya="3" hai0="21,47,34,49,100,13,32,22,87,76,51,55,37" hai1="85,94,121,119,66,18,17,133,73,24,102,35,7" hai2="72,111,84,64,14,31,78,12,75,88,2,20,98" hai3="11,61,25,124,122,114,9,8,54,101,68,50,1"/><W86/><G114/><T26/><D37/><U116/><E73/><V48/><F2/><W132/><G122/><T52/><D100/><U127/><E121/><V135/><F111/><W15/><G1/><T53/><D13/><U43/><E43/><V10/><F135/><W41/><G41/><T0/><D0/><U80/><E133/><V104/><F78/><W29/><G132/><T120/><D120/><U131/><E131/><V89/><F48/><W103/><G124/><T107/><D107/><U62/><E7/><V128/><F128/><W105/><G105/><T81/><D22/><U109/><E109/><V112/><F112/><W23/><G15/><T115/><D115/><U58/><E127/><V65/><F75/><W38/><G38/><T83/><D83/><U69/><E69/><V44/><F44/><W59/><REACH who="3" step="1"/><G86/><REACH who="3" ten="76,148,392,374" step="2"/><T6/><D6/><U110/><E85/><V27/><F72/><W74/><G74/><T93/><D93/><U3/><E94/><N who="2" m="56655" /><F14/><W99/><G99/><T30/><REACH who="0" step="1"/><D49/><REACH who="0" ten="66,148,392,374" step="2"/><U71/><E3/><V5/><F104/><W95/><G95/><AGARI ba="0,2" hai="5,10,12,20,27,31,64,65,84,88,95" m="56655" machi="95" ten="30,2000,0" yaku="8,1,54,1" doraHai="56" who="2" fromWho="3" sc="66,0,148,0,392,40,374,-20" />
</Scene>
<Scene>
<INIT seed="4,0,0,0,0,40" ten="66,148,432,354" oya="0" hai0="44,55,117,24,68,85,106,128,113,9,57,109,107" hai1="135,96,52,42,121,77,105,32,73,7,87,67,46" hai2="123,74,126,81,16,100,61,22,21,133,10,50,89" hai3="19,103,134,76,39,101,51,125,92,15,93,84,56"/><T79/><D117/><U97/><E121/><V114/><F123/><W127/><G39/><T20/><D113/><U5/><E135/><V75/><F114/><W28/><G28/><T54/><D68/><U53/><E32/><V131/><F133/><W78/><G134/><T118/><D118/><U82/><E67/><V6/><F131/><W130/><G130/><T72/><D128/><U43/><E73/><V119/><F119/><W88/><G56/><T120/><D72/><U80/><E80/><V13/><F126/><N who="3" m="48139" /><G51/><T1/><D109/><U99/><E105/><V2/><F100/><N who="3" m="38475" /><G93/><T124/><D120/><U12/><E43/><V0/><F0/><W30/><G30/><T90/><D124/><U4/><REACH who="1" step="1"/><E12/><REACH who="1" ten="66,138,432,354" step="2"/><V91/><F13/><W116/><G116/><T62/><D107/><U37/><AGARI ba="0,1" hai="4,5,7,37,42,46,52,53,77,82,87,96,97,99" machi="37" ten="30,8000,1" yaku="1,1,2,1,0,1,52,1,54,1,53,0" doraHai="40" doraHaiUra="8" who="1" fromWho="1" sc="66,-40,138,90,432,-20,354,-20" /><BYE who="0" />
</Scene>
<Scene>
<INIT seed="5,0,0,4,3,109" ten="26,228,412,334" oya="1" hai0="112,83,131,82,17,87,62,59,132,39,22,49,69" hai1="66,125,56,130,5,7,111,81,80,107,30,98,11" hai2="2,29,47,46,77,6,85,42,73,45,43,41,96" hai3="79,89,44,103,134,91,20,105,23,106,70,25,1"/><U71/><E71/><V121/><F121/><W32/><G1/><T135/><D135/><U52/><E111/><V55/><F73/><W36/><G79/><T129/><D129/><U48/><E130/><V21/><F2/><W37/><G134/><T4/><D4/><U13/><E125/><V94/><F6/><W126/><G126/><T3/><D3/><U100/><E5/><V53/><F85/><W27/><G70/><T15/><D15/><U108/><E108/><V95/><F77/><W54/><G32/><T93/><D93/><N who="2" m="35338" /><F96/><W38/><G54/><N who="2" m="20489" /><F21/><W97/><G44/><T115/><D115/><U65/><REACH who="1" step="1"/><E30/><AGARI ba="0,0" hai="29,30,41,42,43,45,46,47" m="20489,35338" machi="30" ten="40,5200,0" yaku="28,2,8,1" doraHai="109" who="2" fromWho="1" sc="26,0,228,-52,412,52,334,0" />
</Scene>
<Scene>
<INIT seed="6,0,0,3,1,104" ten="26,176,464,334" oya="2" hai0="43,3,75,67,17,121,81,134,5,102,116,122,97" hai1="19,91,120,40,54,28,32,68,94,125,6,39,62" hai2="115,11,100,0,59,84,98,22,27,14,123,106,44" hai3="89,56,70,26,110,7,82,93,29,12,74,16,47"/><V21/><F123/><W41/><G70/><T92/><D92/><U95/><E95/><V109/><F0/><W50/><G7/><T124/><D124/><U58/><E6/><V2/><F2/><W108/><G56/><T24/><D24/><U78/><E125/><V61/><F115/><W76/><G93/><T128/><D128/><U83/><E120/><V113/><F113/><W37/><G37/><T112/><D112/><U99/><E68/><V96/><F96/><W13/><G13/><T87/><D87/><U31/><E32/><V48/><F109/><W114/><G89/><T72/><D72/><U103/><E103/><V46/><F84/><W1/><G1/><T130/><D130/><U64/><E64/><V79/><F79/><W33/><REACH who="3" step="1"/><G114/><REACH who="3" ten="26,176,464,324" step="2"/><T131/><D131/><U53/><E39/><V117/><F14/><W90/><G90/><T65/><D65/><U80/><E91/><V126/><F126/><W118/><G118/><T88/><D88/><U101/><E94/><V111/><F117/><W51/><G51/><T129/><D129/><U63/><E58/><V127/><F48/><W38/><G38/><T45/><D45/><N who="2" m="17514" /><F127/><W60/><G60/><T132/><D132/><U86/><E62/><V85/><F111/><W57/><G57/><T42/><D42/><U9/><E63/><V77/><F59/><W133/><G133/><T20/><D20/><N who="2" m="7786" /><F61/><W119/><G119/><T18/><D18/><U71/><E19/><V23/><F23/><W55/><G55/><T30/><D30/><N who="1" m="11307" /><E54/><V69/><F69/><UN n0="%E9%81%8A%E8%B5%B0" /><W34/><G34/><T49/><D17/><RYUUKYOKU ba="0,1" sc="26,-10,176,-10,464,-10,324,30" hai3="12,16,26,29,33,41,47,50,74,76,82,108,110" />
</Scene>
<Scene>
<INIT seed="7,1,1,3,5,135" ten="16,166,454,354" oya="3" hai0="81,99,130,93,57,110,20,100,25,19,13,49,83" hai1="59,125,111,103,29,79,129,72,89,0,95,56,32" hai2="14,22,38,104,64,34,41,123,127,36,50,90,16" hai3="10,107,62,37,106,9,61,51,118,26,63,54,8"/><W6/><G37/><T134/><D130/><U68/><E0/><V48/><F127/><W76/><G76/><T98/><D134/><U5/><E125/><V18/><F34/><W1/><G118/><T77/><D110/><U45/><E68/><V28/><F28/><W30/><G1/><T116/><D116/><U108/><E103/><V60/><F104/><W117/><G6/><T94/><D77/><U78/><E45/><V4/><F123/><W131/><G131/><T11/><D57/><U132/><E5/><V84/><F4/><W101/><G117/><T70/><D70/><U73/><E29/><V53/><F41/><W102/><G107/><T2/><D2/><U128/><E89/><V65/><F60/><W97/><G102/><T58/><D49/><N who="2" m="19050" /><F53/><W31/><REACH who="3" step="1"/><G26/><REACH who="3" ten="16,166,454,344" step="2"/><T75/><D75/><U23/><E73/><V47/><F38/><W46/><AGARI ba="1,2" hai="8,9,10,30,31,46,51,54,61,62,63,97,101,106" machi="46" ten="30,11700,0" yaku="1,1,2,1,0,1,53,1" doraHai="135" doraHaiUra="43" who="3" fromWho="3" sc="16,-40,166,-40,454,-40,344,140" owari="-24,-52.0,126,-27.0,414,21.0,484,58.0" />
</Scene>
</mjloggm>