<mjloggm ver="2.3"><GO type="169" lobby="0"/><UN n0="%41%53%41%50%49%4E" n1="%6B%65%72%6F%62%6F%75" n2="%E3%83%90%E3%83%AB%E3%81%B0%E3%82%8B" n3="%E6%AD%A6%E5%A3%AB%E6%B2%A2%E7%A7%80%E8%A1%8C" dan="19,16,16,16" rate="2244.58,2150.45,2013.73,2124.44" sx="M,M,M,M"/><TAIKYOKU oya="0"/>

<Scene>
<INIT seed="0,0,0,1,5,35" ten="250,250,250,250" oya="0" hai0="66,101,116,77,20,126,48,59,90,21,44,2,42" hai1="121,92,95,23,38,17,58,117,113,31,100,60,86" hai2="76,50,79,71,14,55,84,115,125,18,10,105,26" hai3="82,75,61,36,129,5,120,103,49,110,33,27,6"/><T22/><D116/><U15/><E121/><V57/><F105/><W83/><G36/><T112/><D112/><U34/><E117/><V85/><F125/><W73/><G120/><T134/><D126/><U133/><E38/><V46/><F71/><W4/><G129/><T96/><D134/><U81/><E133/><V89/><F115/><W67/><G110/><T68/><D68/><U69/><E69/><V63/><F26/><W130/><G130/><T109/><D109/><U32/><E113/><V0/><F0/><W72/><G103/><T124/><D124/><U28/><E34/><V128/><F128/><W87/><G49/><T30/><D77/><U43/><E32/><V45/><F45/><W1/><G1/><T65/><D2/><U107/><E43/><V52/><REACH who="2" step="1"/><F84/><REACH who="2" ten="250,250,240,250" step="2"/><W114/><G114/><T78/><D44/><U29/><E107/><V108/><F108/><W131/><G131/><T12/><D12/><U25/><E25/><V51/><F51/><W13/><G13/><T91/><D48/><U56/><E60/><V118/><F118/><W24/><G33/><T97/><D59/><U98/><REACH who="1" step="1"/><E95/><AGARI ba="0,1" hai="10,14,18,46,50,52,55,57,63,76,79,85,89,95" machi="95" ten="30,7700,0" yaku="1,1,7,1,8,1,54,1,53,0" doraHai="35" doraHaiUra="16" who="2" fromWho="1" sc="250,0,250,-77,240,87,250,0" />
</Scene>
<Scene>
<INIT seed="1,0,0,5,0,64" ten="250,173,327,250" oya="1" hai0="35,101,104,17,105,46,26,115,30,47,80,69,90" hai1="65,70,8,86,128,38,76,54,77,40,41,95,27" hai2="34,73,88,72,93,36,78,124,51,132,130,112,2" hai3="13,84,58,66,99,107,110,50,31,134,100,74,14"/><U79/><E128/><V3/><F36/><W91/><G74/><T82/><D115/><U60/><E27/><V22/><F34/><W20/><G134/><T25/><D90/><U4/><E54/><V44/><F124/><W129/><G129/><T123/><D123/><U28/><E28/><V10/><F132/><W71/><G110/><T52/><D17/><U96/><E86/><V45/><F45/><W103/><G103/><T106/><D101/><U127/><E38/><V102/><F102/><W85/><G71/><T39/><D69/><U55/><E55/><V121/><F121/><W48/><G48/><T111/><D111/><U53/><E53/><V59/><F59/><W57/><G57/><T113/><D113/><U83/><E83/><V21/><F2/><W97/><G97/><T61/><D26/><U37/><E37/><V9/><F3/><W63/><G50/><T49/><REACH who="0" step="1"/><D61/><REACH who="0" ten="240,173,327,250" step="2"/><U89/><REACH who="1" step="1"/><E127/><REACH who="1" ten="240,163,327,250" step="2"/><V68/><F130/><W0/><G91/><T7/><D7/><U98/><E98/><V24/><F112/><W32/><G63/><T1/><D1/><AGARI ba="0,2" hai="1,4,8,40,41,60,65,70,76,77,79,89,95,96" machi="1" ten="40,3900,0" yaku="1,1,52,1,53,0" doraHai="64" doraHaiUra="109" who="1" fromWho="0" sc="240,-39,163,59,327,0,250,0" />
</Scene>
<Scene>
<INIT seed="1,1,0,0,2,23" ten="201,222,327,250" oya="1" hai0="12,135,20,35,14,81,76,10,41,107,80,87,42" hai1="99,28,18,6,101,102,94,45,92,134,21,4,5" hai2="71,34,46,130,17,65,67,0,132,8,11,69,96" hai3="129,119,44,125,78,16,121,115,27,123,120,61,131"/><U73/><E73/><V60/><F34/><W24/><G115/><T63/><D107/><U19/><E134/><V32/><F130/><N who="3" m="49675" /><G119/><T36/><D35/><U108/><E108/><V53/><F32/><W110/><G110/><T113/><D113/><U22/><E45/><V91/><F0/><W43/><G125/><T98/><D135/><U89/><E28/><V126/><F126/><W90/><G78/><T39/><D98/><U68/><E68/><V47/><F132/><W74/><G74/><T15/><D10/><U64/><E64/><V70/><F91/><W54/><G90/><T82/><D63/><U59/><E59/><V29/><F96/><W127/><G127/><T103/><D76/><U124/><E124/><V40/><F29/><W116/><G116/><T9/><D9/><U30/><E30/><V106/><F11/><W57/><G16/><N who="1" m="6186" /><E102/><V38/><F106/><W49/><AGARI ba="1,0" hai="24,27,43,44,49,54,57,61,120,121,123" m="49675" machi="49" ten="40,5200,0" yaku="19,1,52,2" doraHai="23" who="3" fromWho="3" sc="201,-14,222,-27,327,-14,250,55" />
</Scene>
<Scene>
<INIT seed="2,0,0,5,2,120" ten="187,195,313,305" oya="2" hai0="131,98,110,24,101,26,117,61,89,84,33,4,40" hai1="76,74,43,73,78,47,130,10,111,96,69,20,5" hai2="65,37,112,57,16,17,91,44,3,128,82,94,14" hai3="104,93,103,75,48,13,29,36,86,8,27,30,56"/><V55/><F128/><W50/><G36/><T2/><D131/><U109/><E130/><V34/><F3/><W39/><G39/><T52/><D117/><U87/><E69/><V116/><F34/><W70/><G70/><T108/><D40/><U60/><E60/><V42/><F112/><W81/><G75/><N who="1" m="28682" /><E20/><V85/><F116/><W41/><G104/><T99/><D4/><U32/><E32/><V83/><F65/><W38/><G38/><T106/><D2/><N who="1" m="311" /><E96/><V45/><F45/><W118/><G118/><T125/><D125/><U123/><E87/><V107/><F107/><W105/><G105/><T11/><D11/><U63/><E63/><V62/><REACH who="2" step="1"/><F17/><REACH who="2" ten="187,195,303,305" step="2"/><W35/><G30/><T68/><D33/><U15/><E123/><V58/><F58/><W114/><G56/><N who="0" m="34951" /><D68/><U53/><E47/><V7/><F7/><W119/><G119/><T124/><D124/><U132/><E111/><N who="0" m="42537" /><D99/><U95/><E109/><V129/><F129/><W133/><G41/><T135/><D135/><U46/><E132/><V97/><F97/><N who="3" m="59823" /><G133/><T18/><D18/><U23/><E43/><V102/><F102/><W122/><G122/><T67/><D67/><U28/><E28/><V127/><F127/><W22/><G35/><T25/><D25/><U115/><E115/><V31/><F31/><W21/><G114/><T1/><D1/><U51/><E46/><V80/><F80/><AGARI ba="0,1" hai="24,26,80,84,89,98,101,106" m="42537,34951" machi="80" ten="30,8000,1" yaku="14,1,52,3,54,1" doraHai="120" who="0" fromWho="2" sc="187,90,195,0,303,-80,305,0" />
</Scene>
<Scene>
<INIT seed="3,0,0,4,3,128" ten="277,195,223,305" oya="3" hai0="50,37,112,93,104,94,77,23,90,110,51,3,26" hai1="95,130,100,85,9,44,48,88,45,68,80,20,103" hai2="13,7,47,73,4,109,119,101,53,72,30,126,49" hai3="40,43,38,21,115,61,98,76,36,52,10,16,15"/><W135/><G135/><T0/><D104/><U127/><E130/><V86/><F119/><W54/><G115/><T63/><D37/><U62/><E9/><V19/><F126/><W124/><G124/><T39/><D39/><U58/><E127/><V29/><F109/><W106/><G38/><T87/><D112/><U105/><E105/><V17/><F73/><W69/><G36/><T116/><D110/><U12/><E68/><V24/><F72/><W22/><G69/><T11/><D116/><U74/><E74/><V121/><F101/><W34/><G34/><T114/><D114/><U107/><E107/><V81/><F121/><W78/><G106/><T35/><D35/><U75/><E75/><V111/><F111/><W60/><G98/><T133/><D77/><N who="3" m="29801" /><G60/><T42/><D133/><U108/><E108/><V84/><F84/><W46/><G46/><N who="1" m="18026" /><E48/><V67/><F67/><W91/><G91/><T118/><D50/><U28/><E80/><V14/><F81/><W132/><G132/><T134/><D134/><U102/><E102/><V8/><F86/><W131/><G131/><T125/><D125/><U66/><E28/><V6/><F30/><W59/><G54/><T123/><D118/><U55/><E66/><V64/><F64/><W122/><G122/><T25/><D123/><U120/><E120/><V56/><F29/><W92/><G92/><T65/><D93/><U79/><E79/><V32/><F32/><W97/><G97/><T27/><D65/><U5/><E5/><V70/><F70/><W71/><G71/><T117/><D117/><U33/><E33/><RYUUKYOKU ba="0,0" sc="277,-15,195,15,223,-15,305,15" hai1="12,20,55,58,62,85,88,95,100,103" hai3="10,15,16,21,22,40,43,52,59,61" />
</Scene>
<Scene>
<INIT seed="3,1,0,3,2,70" ten="262,210,208,320" oya="3" hai0="15,117,80,120,6,104,33,68,52,114,86,42,84" hai1="76,22,24,11,87,105,2,1,71,50,37,61,85" hai2="59,47,125,41,60,25,96,108,115,119,128,18,95" hai3="127,63,111,89,93,100,64,103,94,35,134,14,65"/><W113/><G35/><T82/><D117/><U74/><E105/><V28/><F108/><W10/><G113/><T91/><D33/><U36/><E50/><V20/><F128/><W58/><G127/><T132/><D114/><U126/><E74/><V99/><F125/><W92/><G111/><T55/><D120/><U0/><E126/><V40/><F115/><W26/><G134/><T121/><D121/><U77/><E11/><V48/><F40/><W72/><G72/><T131/><D104/><U4/><E4/><V90/><F119/><W57/><G26/><T129/><D68/><U49/><E49/><V17/><REACH who="2" step="1"/><F99/><REACH who="2" ten="262,210,198,320" step="2"/><W23/><G23/><T38/><D42/><U27/><E22/><V81/><F81/><W88/><G103/><T67/><D82/><U101/><E101/><V66/><AGARI ba="1,1" hai="17,18,20,25,28,41,47,48,59,60,66,90,95,96" machi="66" ten="20,5200,0" yaku="1,1,0,1,7,1,8,1,53,0" doraHai="70" doraHaiUra="79" who="2" fromWho="2" sc="262,-14,210,-14,198,65,320,-27" />
</Scene>
<Scene>
<INIT seed="4,0,0,1,1,59" ten="248,196,263,293" oya="0" hai0="58,29,22,0,26,61,87,110,42,81,13,46,38" hai1="54,85,99,27,75,39,5,71,4,2,30,16,36" hai2="24,89,33,35,78,52,91,21,134,83,57,45,97" hai3="82,1,55,47,32,95,120,124,67,129,88,105,126"/><T48/><D110/><U103/><E75/><V108/><F134/><W109/><G120/><T69/><D0/><U86/><E36/><V107/><F45/><W70/><G109/><T20/><D69/><U44/><E71/><V84/><F91/><W66/><G105/><T3/><D3/><U115/><E115/><V113/><F113/><W43/><G1/><T79/><D13/><U130/><E130/><V128/><F128/><W23/><G129/><T37/><REACH who="0" step="1"/><D22/><REACH who="0" ten="238,196,263,293" step="2"/><U76/><E2/><V101/><F108/><W118/><G118/><T40/><D40/><U111/><E111/><V68/><F68/><W56/><G70/><T74/><D74/><U65/><E27/><V96/><F21/><W19/><G32/><T7/><D7/><U132/><E4/><V34/><F24/><N who="3" m="14463" /><G126/><T15/><D15/><U8/><E5/><V135/><F135/><W10/><G124/><T123/><D123/><U98/><E132/><V125/><F125/><W28/><G10/><T12/><D12/><U6/><E8/><V62/><REACH who="2" step="1"/><F97/><REACH who="2" ten="238,196,253,293" step="2"/><N who="3" m="57575" /><G43/><T131/><D131/><U14/><E99/><V25/><F25/><W119/><G119/><T51/><D51/><U102/><E98/><V116/><F116/><W11/><G11/><T50/><D50/><U104/><E39/><V100/><F100/><W53/><G28/><T106/><D106/><U9/><E104/><V80/><F80/><W73/><G82/><T31/><D31/><U64/><E30/><V121/><F121/><W41/><G73/><T133/><D133/><U90/><E103/><V92/><F92/><W72/><G72/><RYUUKYOKU ba="0,2" sc="238,15,196,-15,253,15,293,-15" hai0="20,26,29,37,38,42,46,48,58,61,79,81,87" hai2="33,34,35,52,57,62,78,83,84,89,96,101,107" />
</Scene>
<Scene>
<INIT seed="4,1,2,3,2,3" ten="253,181,268,278" oya="0" hai0="107,46,48,44,129,80,117,74,128,57,97,118,93" hai1="133,60,115,76,16,24,47,100,82,43,10,55,122" hai2="116,106,56,101,124,7,108,132,81,104,79,8,39" hai3="98,127,61,86,113,75,130,2,42,58,40,33,27"/><T1/><D107/><U72/><E122/><V49/><F39/><W119/><G75/><T91/><D1/><U73/><E133/><V134/><F108/><W63/><G119/><T14/><D57/><U77/><E100/><V51/><F124/><W112/><G127/><T105/><D44/><U103/><E103/><V131/><F131/><N who="0" m="50250" /><D105/><U90/><E115/><N who="3" m="44106" /><G2/><T6/><D80/><U54/><E90/><V34/><F34/><W135/><G135/><N who="2" m="51753" /><F116/><W12/><G130/><T13/><D13/><U22/><E10/><V126/><F126/><W94/><G86/><T89/><D89/><U68/><E77/><V96/><F56/><W111/><G12/><T67/><D67/><U29/><E72/><N who="2" m="43239" /><F106/><W28/><G111/><T35/><D35/><U9/><E9/><V38/><F38/><W17/><G17/><T110/><D74/><U64/><REACH who="1" step="1"/><E29/><REACH who="1" ten="253,171,268,278" step="2"/><V123/><F123/><W85/><G28/><T50/><D110/><U37/><AGARI ba="1,3" hai="16,22,24,37,43,47,54,55,60,64,68,73,76,82" machi="37" ten="20,12000,2" yaku="1,1,2,1,0,1,7,1,54,1,53,1" doraHai="3" doraHaiUra="62" who="1" fromWho="1" sc="253,-61,171,153,268,-31,278,-31" />
</Scene>
<Scene>
<INIT seed="5,0,0,0,1,9" ten="192,324,237,247" oya="1" hai0="107,124,112,65,116,93,96,125,1,83,26,87,0" hai1="59,39,78,76,6,70,41,50,77,74,28,4,71" hai2="129,3,106,128,45,105,33,18,22,94,38,133,42" hai3="81,60,121,58,119,23,104,72,73,95,64,84,89"/><U7/><E39/><V108/><F33/><W79/><G121/><T55/><D116/><U47/><E74/><V30/><F30/><W99/><G119/><T52/><D107/><U67/><REACH who="1" step="1"/><E28/><REACH who="1" ten="192,314,237,247" step="2"/><V123/><F38/><W66/><G72/><T19/><D125/><U40/><E40/><V29/><F29/><W14/><G73/><T117/><D124/><U8/><E8/><V56/><F42/><W114/><G114/><T92/><D117/><U100/><E100/><V110/><F123/><W86/><G104/><T113/><D112/><U90/><E90/><V97/><F106/><W101/><G101/><T132/><D113/><U68/><E68/><V17/><F105/><W44/><G89/><T122/><D122/><U57/><E57/><V27/><F56/><W2/><G58/><T16/><D132/><U111/><E111/><V135/><F135/><W13/><G79/><T12/><D0/><U131/><E131/><V134/><F3/><W36/><G2/><T24/><D1/><U98/><E98/><V103/><F133/><W126/><G36/><T109/><D109/><U11/><E11/><V34/><F110/><W53/><G126/><T15/><D96/><U5/><N who="1" m="1024" /><DORA hai="20" /><U115/><E115/><V118/><F108/><W32/><G99/><T130/><D130/><U48/><E48/><V31/><F134/><W80/><G86/><T37/><D37/><U35/><E35/><V51/><F118/><W25/><G84/><T91/><D87/><U120/><E120/><V46/><F51/><W85/><G32/><T43/><D91/><U21/><E21/><RYUUKYOKU ba="0,1" sc="192,-10,314,30,237,-10,247,-10" hai1="41,47,50,59,67,70,71,76,77,78" />
</Scene>
<Scene>
<INIT seed="5,1,1,1,3,88" ten="182,344,227,237" oya="1" hai0="111,50,4,12,130,84,40,76,118,99,75,56,126" hai1="94,80,49,123,110,15,39,120,68,67,65,33,31" hai2="23,92,102,81,124,133,19,43,0,72,105,51,36" hai3="66,116,25,42,26,101,108,98,74,122,6,91,54"/><U96/><E39/><V17/><F124/><W128/><G122/><T22/><D111/><U90/><E120/><V45/><F133/><W35/><G108/><T113/><D118/><U82/><E123/><V30/><F0/><W64/><G116/><T47/><D75/><U53/><E110/><V44/><F105/><W8/><G74/><T52/><D126/><U115/><E115/><V87/><F72/><W1/><G128/><T106/><D113/><U58/><E68/><V83/><F30/><W104/><G42/><T85/><D130/><U28/><E33/><V134/><F134/><W117/><G117/><T9/><D76/><U13/><E80/><V61/><F61/><W14/><G14/><N who="1" m="5130" /><E82/><V100/><F81/><W129/><G129/><T41/><D41/><U7/><E7/><V73/><F73/><W69/><G69/><T3/><D3/><U34/><E34/><V119/><F119/><W18/><G26/><T132/><D132/><U48/><E48/><V38/><F38/><W59/><G18/><T78/><D78/><U103/><E103/><V29/><F19/><W121/><G91/><T2/><D2/><U46/><E46/><V112/><F112/><W77/><G77/><T89/><D22/><U135/><E135/><V107/><F107/><W109/><G109/><T24/><D24/><U20/><E20/><V71/><F23/><W60/><REACH who="3" step="1"/><G121/><REACH who="3" ten="182,344,227,227" step="2"/><T127/><D127/><U93/><E31/><AGARI ba="1,2" hai="1,6,8,25,31,35,54,59,60,64,66,98,101,104" machi="31" ten="40,5200,0" yaku="1,1,2,1,53,1" doraHai="88" doraHaiUra="57" who="3" fromWho="1" sc="182,0,344,-55,227,0,227,75" />
</Scene>
<Scene>
<INIT seed="6,0,0,4,1,70" ten="182,289,227,302" oya="2" hai0="135,30,35,104,31,114,112,6,65,12,91,97,43" hai1="130,94,15,22,47,75,105,103,69,18,107,100,128" hai2="19,83,131,42,40,62,123,11,102,45,59,117,64" hai3="38,90,44,73,122,110,80,25,60,17,132,5,121"/><V125/><F123/><W9/><G132/><T51/><D135/><U48/><E75/><V72/><F117/><W33/><G110/><T67/><D6/><U56/><E69/><V93/><F131/><N who="1" m="50217" /><E56/><V53/><F125/><W133/><G133/><T113/><D12/><U71/><E71/><V120/><F83/><W124/><G124/><T2/><D2/><U82/><E82/><V109/><F72/><W10/><G60/><T88/><D104/><N who="1" m="40011" /><E94/><V1/><F120/><W36/><G90/><N who="0" m="34347" /><D97/><U32/><E32/><V14/><F1/><N who="3" m="175" /><G10/><T16/><D16/><U3/><E3/><V46/><F109/><W4/><G17/><T115/><N who="0" m="28672" /><DORA hai="27" /><T24/><D31/><U54/><AGARI ba="0,0" hai="15,18,22,47,48,54,100,103" m="40011,50217" machi="54" ten="30,1100,0" yaku="19,1" doraHai="70,27" who="1" fromWho="1" sc="182,-3,289,11,227,-5,302,-3" />
</Scene>
<Scene>
<INIT seed="7,0,0,3,4,70" ten="179,300,222,299" oya="3" hai0="105,121,104,13,94,76,40,5,124,11,95,66,128" hai1="93,135,49,43,37,45,9,4,20,85,38,86,16" hai2="52,71,132,57,19,41,79,134,109,78,58,84,91" hai3="51,81,98,133,44,68,12,118,73,110,47,64,111"/><W17/><G133/><N who="2" m="51305" /><F71/><W2/><G118/><T122/><D128/><U125/><E135/><V63/><F41/><W113/><G2/><T119/><D119/><U96/><E125/><V30/><F30/><W101/><G113/><T34/><D124/><U123/><E123/><V31/><F31/><W24/><G24/><T14/><D34/><U130/><E130/><V60/><F19/><W61/><G81/><T72/><D66/><U29/><E29/><V32/><F32/><W26/><G26/><T115/><D115/><U27/><E37/><V106/><F106/><N who="3" m="63799" /><G73/><T0/><D40/><U83/><E38/><V56/><F109/><N who="3" m="41483" /><G51/><T23/><D104/><U87/><E4/><V42/><F42/><W108/><G108/><T18/><D105/><U35/><E9/><AGARI ba="0,0" hai="9,12,17,44,47,61,64,68" m="41483,63799" machi="9" ten="30,1500,0" yaku="10,1" doraHai="70" who="3" fromWho="1" sc="179,0,300,-15,222,0,299,15" owari="179,-32.0,285,9.0,222,-18.0,314,41.0" />
</Scene>
</mjloggm>