<mjloggm ver="2.3"><GO type="169" lobby="0"/><UN n0="%E5%A4%A9%E5%9F%8E%E5%B0%8F%E6%AC%A1%E9%83%8E" n1="%41%53%41%50%49%4E" n2="%E6%AF%94%E5%98%89%E7%A7%80%E4%BB%81" n3="%E8%B6%85%E3%83%92%E3%83%A2%E3%83%AA%E3%83%AD" dan="16,19,17,16" rate="2056,2217,2165,2076" sx="M,M,M,F"/><TAIKYOKU oya="0"/>

<Scene>
<INIT seed="0,0,0,3,0,111" ten="250,250,250,250" oya="0" hai0="92,55,88,66,115,102,133,86,119,73,29,121,26" hai1="13,79,108,100,91,94,32,16,131,6,44,114,23" hai2="36,46,103,123,0,125,53,129,87,110,14,70,71" hai3="10,45,57,109,85,7,59,21,8,118,22,49,25"/><T61/><D119/><U67/><E32/><V122/><F110/><W135/><G109/><T98/><D121/><U99/><E108/><V39/><F0/><W50/><G135/><T35/><D133/><U101/><E131/><V11/><F129/><W77/><G22/><T5/><D73/><U54/><E67/><V95/><F125/><W72/><G72/><T51/><D5/><U83/><E114/><V20/><F20/><W81/><G50/><T132/><D132/><U33/><E33/><V30/><F30/><W12/><G10/><T40/><D40/><U64/><E64/><V130/><F130/><W1/><G1/><T2/><D2/><U62/><E6/><V96/><F87/><W37/><G37/><T43/><D43/><U4/><E4/><V126/><F126/><W38/><G38/><T82/><D115/><U27/><E13/><V78/><F78/><W113/><G118/><T63/><REACH who="0" step="1"/><D66/><REACH who="0" ten="240,250,250,250" step="2"/><U52/><E54/><V84/><F123/><W69/><G113/><T42/><D42/><U93/><E93/><V48/><F122/><W74/><G74/><T56/><AGARI ba="0,1" hai="26,29,35,51,55,56,61,63,82,86,88,92,98,102" machi="56" ten="20,12000,1" yaku="1,1,0,1,7,1,54,1,53,1" doraHai="111" doraHaiUra="80" who="0" fromWho="0" sc="240,130,250,-40,250,-40,250,-40" />
</Scene>
<Scene>
<INIT seed="0,1,0,0,4,24" ten="370,210,210,210" oya="0" hai0="101,114,98,72,107,33,118,32,78,12,124,43,104" hai1="1,16,35,48,110,133,76,27,119,52,63,11,17" hai2="112,94,129,61,9,60,18,115,95,90,111,134,73" hai3="89,25,108,102,132,82,85,22,77,81,97,36,128"/><T41/><D114/><U80/><E119/><V62/><F111/><W50/><G36/><T7/><D118/><U74/><E110/><V15/><F73/><W91/><G108/><T120/><D120/><U39/><E39/><V109/><F109/><W51/><G128/><T29/><D107/><U113/><E113/><V64/><F129/><W37/><G37/><T30/><D124/><U116/><E116/><V2/><F134/><W106/><G132/><T127/><D127/><U57/><E133/><V53/><F64/><W45/><G45/><T28/><D78/><U122/><E122/><V6/><F53/><W105/><G105/><T34/><REACH who="0" step="1"/><D72/><REACH who="0" ten="360,210,210,210" step="2"/><U44/><E74/><V54/><F115/><W99/><G77/><T40/><D40/><U100/><E76/><V96/><F112/><W135/><G135/><T68/><D68/><U92/><E80/><V67/><F95/><W23/><G81/><T88/><D88/><U46/><E92/><V79/><F79/><W19/><G91/><T83/><D83/><U131/><E131/><V93/><F93/><W69/><G69/><T13/><D13/><U130/><E130/><V70/><F54/><W56/><G97/><T49/><D49/><U125/><E48/><V0/><F0/><W10/><G51/><T123/><D123/><U21/><E125/><V5/><F2/><W20/><G50/><T42/><D42/><U65/><E1/><V71/><F71/><W31/><G56/><T26/><D26/><U66/><E57/><V59/><F70/><W55/><G55/><T4/><D4/><AGARI ba="1,1" hai="4,5,6,9,15,18,59,60,61,62,67,90,94,96" machi="4" ten="40,1300,0" yaku="8,1" doraHai="24" who="2" fromWho="0" sc="360,-16,210,0,210,26,210,0" />
</Scene>
<Scene>
<INIT seed="1,0,0,1,0,97" ten="344,210,236,210" oya="1" hai0="71,61,77,12,107,32,53,112,14,90,27,43,95" hai1="72,124,41,105,132,129,26,59,133,30,48,52,64" hai2="34,57,130,10,134,29,65,1,70,93,115,99,86" hai3="75,116,45,18,28,40,63,114,92,104,51,54,8"/><U2/><E72/><V0/><F70/><W110/><G104/><T62/><D112/><U31/><E2/><V102/><F115/><W9/><G75/><T46/><D107/><U94/><E105/><V131/><F134/><N who="1" m="51817" /><E129/><N who="2" m="49163" /><F10/><W117/><G114/><T89/><D77/><U17/><E124/><V16/><F86/><W38/><G28/><T13/><D71/><U106/><E106/><V3/><F29/><W103/><G63/><T120/><D120/><U98/><E64/><V68/><F34/><W23/><G116/><T69/><D32/><U81/><E81/><V11/><F68/><W121/><G117/><T91/><D69/><U66/><E66/><V80/><F80/><W87/><G121/><T101/><D95/><U33/><E41/><V22/><F11/><W79/><G9/><T126/><D43/><U82/><E82/><V42/><F42/><W128/><G8/><T125/><D126/><U127/><E127/><V67/><F57/><W76/><G128/><T83/><D125/><U6/><E6/><V20/><F20/><W36/><G40/><T78/><D83/><U47/><E59/><V19/><F19/><W58/><G79/><T84/><D78/><U21/><E33/><V111/><F111/><W119/><G110/><T123/><D123/><U50/><E50/><V5/><F5/><W15/><G119/><T4/><D4/><U44/><E44/><V85/><F85/><W35/><G35/><T100/><D84/><U55/><E55/><V118/><F118/><W108/><G108/><T24/><D46/><U88/><AGARI ba="0,0" hai="17,21,26,30,31,47,48,52,88,94,98" m="51817" machi="88" ten="30,6000,0" yaku="20,1,54,2" doraHai="97" who="1" fromWho="1" sc="344,-20,210,60,236,-20,210,-20" />
</Scene>
<Scene>
<INIT seed="1,1,0,2,0,34" ten="324,270,216,190" oya="1" hai0="108,64,121,86,101,98,100,32,22,36,91,73,2" hai1="54,19,18,106,47,71,127,42,57,94,78,89,81" hai2="69,80,38,126,39,41,35,44,74,63,5,131,4" hai3="48,134,37,61,117,95,87,84,72,82,28,30,25"/><U110/><E71/><V9/><F131/><W123/><G37/><T10/><D32/><U15/><E106/><V114/><F114/><W53/><G123/><T124/><D73/><U128/><E128/><V67/><F126/><W55/><G134/><T68/><D36/><U125/><E110/><V29/><F39/><W12/><G117/><T130/><D130/><U52/><E47/><V8/><BYE who="0" /><F29/><UN n0="%E5%A4%A9%E5%9F%8E%E5%B0%8F%E6%AC%A1%E9%83%8E" /><W65/><G72/><T11/><D68/><U102/><E42/><V120/><F120/><W70/><G12/><T113/><D64/><U46/><E102/><V45/><F45/><W132/><G132/><T50/><D98/><U133/><E46/><V49/><F49/><W76/><G30/><T97/><D97/><N who="1" m="57551" /><E133/><V83/><F35/><W112/><G112/><T109/><D101/><U93/><E93/><V31/><F31/><W75/><G95/><T33/><D100/><U0/><E0/><V1/><F74/><W85/><REACH who="3" step="1"/><G48/><REACH who="3" ten="324,270,216,180" step="2"/><T79/><D50/><N who="1" m="30871" /><E15/><AGARI ba="1,1" hai="1,4,5,8,9,15,38,41,44,63,67,69,80,83" machi="15" ten="30,2000,0" yaku="7,1,52,1" doraHai="34" who="2" fromWho="1" sc="324,0,270,-23,216,33,180,0" />
</Scene>
<Scene>
<INIT seed="2,0,0,3,0,50" ten="324,247,249,180" oya="2" hai0="111,130,68,103,40,57,109,128,18,16,77,122,97" hai1="106,63,9,51,39,116,124,12,88,95,115,133,60" hai2="66,132,89,113,99,23,37,112,94,33,100,67,98" hai3="44,126,29,102,71,72,118,49,75,73,107,123,61"/><V4/><F33/><W127/><G118/><T96/><D122/><U10/><E116/><V56/><F37/><W120/><G29/><T38/><D77/><U19/><E39/><V81/><F132/><W76/><G76/><T82/><D68/><U64/><E106/><V26/><F4/><W7/><G7/><T36/><D82/><U17/><E133/><V104/><F81/><W114/><G114/><T121/><D121/><U129/><E115/><V25/><F25/><W47/><G107/><N who="0" m="63975" /><D97/><U101/><E101/><V20/><F20/><W125/><G102/><T13/><D57/><N who="1" m="36879" /><E129/><N who="0" m="49769" /><D18/><N who="1" m="8463" /><E124/><V86/><F113/><W131/><G131/><T8/><D40/><U46/><E63/><V90/><F112/><W84/><G84/><T59/><D59/><U62/><E62/><V3/><F56/><W117/><G117/><T83/><D83/><U27/><E27/><V78/><F78/><W105/><G105/><T45/><D45/><U34/><E34/><V48/><F99/><W53/><REACH who="3" step="1"/><G47/><REACH who="3" ten="324,247,249,170" step="2"/><T54/><D109/><U32/><E19/><V41/><F104/><W11/><G11/><T110/><D111/><U92/><E17/><V87/><F100/><W6/><G6/><T1/><D110/><U70/><E10/><V42/><F98/><W108/><G108/><T24/><D16/><U80/><E46/><V93/><F87/><W30/><G30/><T65/><D8/><U55/><E32/><V135/><F86/><W91/><G91/><T134/><D134/><U5/><E5/><V15/><F90/><W21/><G21/><T85/><D85/><N who="1" m="50215" /><E70/><V119/><F89/><RYUUKYOKU ba="0,1" sc="324,-15,247,15,249,-15,170,15" hai1="51,55,92,95" hai3="44,49,53,61,71,72,73,75,120,123,125,126,127" />
</Scene>
<Scene>
<INIT seed="3,1,1,0,0,34" ten="309,262,234,185" oya="3" hai0="41,75,16,120,108,128,130,93,127,57,54,14,31" hai1="7,103,102,43,83,4,22,30,24,52,106,125,88" hai2="10,21,96,27,60,36,90,131,115,47,85,9,78" hai3="28,68,104,38,50,87,124,0,64,15,46,116,81"/><W107/><G116/><T12/><D75/><U79/><E125/><V13/><F115/><W48/><G0/><T42/><D120/><U92/><E43/><N who="0" m="16393" /><D127/><U101/><E106/><V25/><F36/><W66/><G38/><T126/><D126/><U1/><E1/><V55/><F131/><N who="0" m="50218" /><D108/><U3/><E3/><V58/><F47/><W45/><G124/><T8/><D31/><U135/><E135/><V61/><F61/><W105/><G28/><T49/><D14/><U20/><E20/><V29/><F13/><W119/><G119/><T133/><D93/><U82/><E52/><V84/><F27/><W94/><G94/><T97/><D97/><U26/><E24/><V39/><F39/><W98/><G98/><T76/><D76/><U17/><E30/><V69/><F69/><W6/><G6/><N who="1" m="2090" /><E79/><V63/><F63/><W71/><G15/><T67/><D67/><N who="3" m="25641" /><G81/><T118/><D118/><U37/><E37/><V91/><F96/><AGARI ba="1,1" hai="17,22,26,82,83,88,92,96,101,102,103" m="2090" machi="96" ten="30,2000,0" yaku="8,1,54,1" doraHai="34" who="1" fromWho="2" sc="309,0,262,33,234,-23,185,0" />
</Scene>
<Scene>
<INIT seed="4,0,0,5,5,82" ten="309,295,211,185" oya="0" hai0="39,103,131,40,47,15,125,110,109,58,121,74,102" hai1="17,62,34,26,94,28,76,115,112,91,107,84,37" hai2="69,87,86,21,71,118,122,56,20,104,30,38,66" hai3="68,51,117,116,106,108,48,8,93,61,9,14,46"/><T53/><D121/><U105/><E37/><V83/><F104/><W89/><G106/><T49/><D74/><U72/><E17/><V134/><F38/><W13/><G108/><N who="0" m="41579" /><D131/><U99/><E62/><V18/><F122/><W75/><G75/><T23/><D125/><U114/><E72/><V36/><F36/><W31/><G31/><T41/><D41/><U113/><E113/><V78/><F118/><W27/><G27/><T42/><D42/><U63/><E63/><N who="2" m="38247" /><F69/><W55/><G61/><T19/><AGARI ba="0,0" hai="15,19,23,39,40,47,49,53,58,102,103" m="41579" machi="19" ten="30,1500,0" yaku="10,1" doraHai="82" who="0" fromWho="0" sc="309,15,295,-5,211,-5,185,-5" />
</Scene>
<Scene>
<INIT seed="4,1,0,3,1,123" ten="324,290,206,180" oya="0" hai0="119,85,83,53,134,99,118,57,12,82,61,14,87" hai1="29,37,104,102,106,16,34,108,0,50,95,66,80" hai2="7,44,43,40,120,21,41,132,62,96,60,133,122" hai3="19,89,35,111,13,88,115,130,52,25,72,127,11"/><T114/><D114/><U59/><E37/><V135/><F96/><W73/><G115/><T121/><D121/><N who="2" m="46698" /><F21/><W105/><G105/><T107/><D134/><U74/><E0/><V20/><F20/><W63/><G111/><T124/><D124/><U33/><E108/><V5/><F44/><W10/><G127/><T93/><D107/><U56/><E104/><V116/><F116/><W46/><G46/><T112/><D112/><U86/><E106/><V31/><F31/><W117/><G117/><T110/><D110/><U103/><E74/><V2/><F2/><W67/><G25/><T129/><D118/><U79/><E29/><V55/><F55/><W6/><G13/><T71/><D53/><N who="1" m="31799" /><E34/><V26/><F26/><W91/><G52/><T78/><D119/><U15/><E95/><V65/><F65/><W68/><G35/><T54/><D93/><U70/><E70/><V84/><F84/><W45/><G45/><T126/><D85/><U8/><E33/><V24/><F24/><W125/><G125/><T4/><D126/><U81/><E81/><V51/><F51/><W1/><G68/><T17/><D83/><U22/><E22/><V101/><F101/><W3/><G72/><T23/><D71/><U42/><E42/><V90/><F90/><W47/><G73/><T39/><D39/><U36/><E36/><V30/><F30/><W18/><G47/><T94/><D94/><U75/><E75/><V9/><F9/><W128/><G11/><N who="0" m="4199" /><D99/><U109/><E109/><V58/><F58/><N who="3" m="37367" /><G1/><T100/><D100/><U48/><E66/><V28/><F28/><RYUUKYOKU ba="1,0" sc="324,0,290,0,206,0,180,0" hai0="14,17,23,54,57,61,78,82,87,129" hai1="8,15,16,48,59,79,80,86,102,103" hai2="5,7,40,41,43,60,62,132,133,135" hai3="3,6,10,18,19,88,89,91,128,130" />
</Scene>
<Scene>
<INIT seed="4,2,0,1,3,104" ten="324,290,206,180" oya="0" hai0="56,120,47,0,115,52,84,101,70,1,4,53,114" hai1="9,10,54,129,119,25,100,38,28,19,68,99,88" hai2="91,111,40,117,33,110,126,102,134,51,75,11,22" hai3="29,73,89,79,7,97,44,15,128,61,17,122,67"/><T55/><D120/><U118/><E38/><V65/><F33/><W107/><G122/><T6/><D70/><U30/><E68/><V5/><F102/><W98/><G128/><T26/><D56/><U87/><E129/><V66/><F134/><W72/><G7/><N who="0" m="2603" /><D101/><U132/><E132/><V85/><F126/><W123/><G123/><T21/><D84/><U45/><E28/><V48/><F75/><W18/><G79/><T13/><D13/><U20/><E54/><V46/><F22/><W83/><G44/><T31/><D47/><U50/><E50/><V78/><F78/><W62/><G15/><T74/><D74/><U37/><E37/><V93/><F51/><W35/><G89/><T24/><D24/><U112/><E45/><V58/><F117/><W94/><G67/><T12/><D12/><U3/><E3/><V36/><F66/><W135/><G135/><T90/><D90/><U92/><E30/><V57/><F57/><W23/><G29/><T116/><D116/><U82/><E119/><V41/><F41/><W39/><G39/><T109/><D109/><U96/><E118/><V95/><F65/><W71/><G71/><T32/><D32/><U121/><E121/><V80/><F110/><W2/><G35/><T131/><D131/><U76/><REACH who="1" step="1"/><E112/><AGARI ba="2,0" hai="0,1,21,26,31,52,53,55,112,114,115" m="2603" machi="112" ten="30,2900,0" yaku="15,1,54,1" doraHai="104" who="0" fromWho="1" sc="324,35,290,-35,206,0,180,0" />
</Scene>
<Scene>
<INIT seed="4,3,0,4,0,89" ten="359,255,206,180" oya="0" hai0="94,2,53,85,132,68,12,112,31,32,122,80,128" hai1="35,108,65,67,121,118,42,51,134,100,77,20,124" hai2="41,119,125,78,82,69,116,90,54,8,129,105,48" hai3="99,74,109,73,56,15,45,104,114,49,50,127,97"/><T88/><D122/><U60/><E121/><V64/><F105/><W92/><G109/><T93/><D2/><U0/><E0/><V19/><F41/><W135/><G114/><T63/><D112/><U43/><E108/><V133/><F133/><W58/><G135/><T10/><D132/><U61/><E35/><V38/><F38/><W102/><G127/><T44/><D128/><U59/><E134/><V17/><F129/><W22/><G74/><T120/><D120/><U75/><E124/><V79/><F90/><W55/><G73/><T4/><D68/><U39/><E39/><V126/><F64/><W91/><G22/><T113/><D113/><U110/><E118/><V131/><F69/><W115/><G115/><T9/><D9/><U3/><E3/><V72/><F79/><W106/><G15/><T37/><D37/><U23/><E110/><V24/><F131/><W47/><REACH who="3" step="1"/><G106/><REACH who="3" ten="359,255,206,170" step="2"/><T18/><D12/><U33/><E23/><N who="2" m="13439" /><F125/><W83/><G83/><T117/><D80/><U95/><E20/><V130/><F126/><W123/><G123/><T84/><D117/><U14/><E14/><N who="2" m="7367" /><F130/><W7/><G7/><T13/><D4/><U62/><E75/><V11/><F11/><W1/><G1/><T29/><D32/><U103/><E33/><V40/><F119/><W98/><G98/><T66/><D10/><U46/><E67/><V6/><F6/><W26/><G26/><T28/><D66/><U30/><E65/><V107/><F107/><W52/><AGARI ba="3,1" hai="45,47,49,50,52,55,56,58,91,92,97,99,102,104" machi="52" ten="20,12000,2" yaku="1,1,0,1,7,1,9,1,52,1,54,1,53,0" doraHai="89" doraHaiUra="25" who="3" fromWho="3" sc="359,-63,255,-33,206,-33,170,139" />
</Scene>
<Scene>
<INIT seed="5,0,0,1,5,1" ten="296,222,173,309" oya="1" hai0="22,26,16,68,85,57,111,35,19,59,58,72,124" hai1="123,77,37,7,126,82,117,74,47,3,128,107,28" hai2="114,20,44,75,129,13,76,17,93,89,29,4,104" hai3="78,50,113,33,122,8,30,51,100,52,87,125,90"/><U40/><E128/><V105/><F129/><W38/><G38/><T6/><D72/><U135/><E135/><V131/><F131/><W112/><G122/><T15/><D68/><U83/><E126/><V42/><F114/><N who="3" m="44139" /><G78/><T43/><D111/><U55/><E55/><V11/><F29/><W119/><G100/><T32/><D124/><U99/><E83/><V62/><F76/><W103/><G103/><T10/><D43/><U53/><E53/><V54/><F75/><W23/><G51/><T132/><D132/><U97/><E123/><V34/><F34/><W46/><G125/><T96/><D96/><U106/><E28/><V14/><F54/><W120/><G120/><T88/><REACH who="0" step="1"/><D19/><REACH who="0" ten="286,222,173,309" step="2"/><U118/><E97/><V69/><F69/><W9/><G119/><N who="1" m="45578" /><E99/><V64/><F42/><W12/><G33/><T66/><D66/><U60/><E60/><V5/><F64/><W80/><G30/><T95/><AGARI ba="0,1" hai="6,10,15,16,22,26,32,35,57,58,59,85,88,95" machi="95" ten="30,8000,1" yaku="1,1,0,1,52,1,54,2,53,0" doraHai="1" doraHaiUra="73" who="0" fromWho="0" sc="286,90,222,-40,173,-20,309,-20" />
</Scene>
<Scene>
<INIT seed="6,0,0,1,3,95" ten="376,182,153,289" oya="2" hai0="135,49,17,48,53,38,7,32,123,102,0,14,113" hai1="3,56,76,51,116,22,129,55,66,41,72,101,25" hai2="121,36,23,114,26,35,80,37,5,96,134,75,31" hai3="60,120,54,97,6,128,70,82,64,71,83,118,92"/><V58/><F121/><W111/><G118/><T11/><D123/><U108/><E116/><V130/><F130/><W40/><G71/><T33/><D38/><U93/><E108/><V105/><F114/><W87/><G120/><T77/><D113/><U81/><E129/><V18/><F134/><W44/><G111/><T104/><D135/><U107/><E3/><V94/><F105/><W100/><G128/><T1/><D77/><U47/><E107/><V34/><F5/><W61/><G6/><T28/><D0/><U133/><E133/><V68/><F68/><W109/><G109/><T46/><D28/><U110/><E110/><V30/><F58/><W50/><G61/><T42/><D102/><U91/><E101/><V89/><F31/><W84/><G84/><T132/><D104/><U59/><E66/><V117/><F117/><W112/><G112/><T24/><D24/><U15/><E15/><V21/><F35/><W10/><G10/><T19/><D19/><U43/><E56/><V45/><F45/><W78/><REACH who="3" step="1"/><G83/><REACH who="3" ten="376,182,153,279" step="2"/><T63/><D63/><U98/><REACH who="1" step="1"/><E47/><REACH who="1" ten="376,172,153,279" step="2"/><V13/><REACH who="2" step="1"/><F34/><REACH who="2" ten="376,172,143,279" step="2"/><W16/><G16/><AGARI ba="0,3" hai="16,22,25,41,43,51,55,59,72,76,81,91,93,98" machi="16" ten="30,8000,1" yaku="1,1,2,1,7,1,52,1,54,1,53,0" doraHai="95" doraHaiUra="57" who="1" fromWho="3" sc="376,0,172,110,143,0,279,-80" />
</Scene>
<Scene>
<INIT seed="7,0,0,3,1,45" ten="376,282,143,199" oya="3" hai0="21,60,53,31,85,98,61,59,75,34,54,3,74" hai1="6,118,38,95,117,36,77,69,88,113,23,26,17" hai2="22,1,67,101,19,62,5,76,52,65,86,58,68" hai3="64,55,24,108,27,109,111,43,132,106,2,103,80"/><W120/><G120/><T127/><D3/><U99/><E69/><V16/><F101/><W121/><G121/><T119/><D119/><N who="1" m="45579" /><E113/><V42/><F42/><W91/><G132/><T63/><D127/><U72/><E6/><V51/><F67/><W122/><G122/><T44/><D34/><U48/><E48/><V93/><F76/><W104/><G2/><T9/><D75/><U30/><E77/><V100/><F100/><W41/><G64/><T96/><D74/><U134/><E72/><V15/><F19/><W57/><G43/><T123/><D123/><U29/><E134/><V25/><F1/><W73/><G41/><T37/><D9/><U40/><E40/><V116/><F116/><W126/><G126/><T49/><D37/><AGARI ba="0,0" hai="17,23,26,29,30,36,37,38,88,95,99" m="45579" machi="37" ten="30,2000,0" yaku="12,1,54,1" doraHai="45" who="1" fromWho="0" sc="376,-20,282,20,143,0,199,0" owari="356,46.0,302,10.0,143,-36.0,199,-20.0" />
</Scene>
</mjloggm>