<mjloggm ver="2.3"><GO type="169"/><UN n0="%E6%9C%88%E9%95%B7%E7%9F%B3" n1="%E3%82%AF%E3%83%A9" n2="%41%53%41%50%49%4E" n3="%E3%82%AA%E3%82%BA%E3%82%B0%E3%83%AB%E3%83%BC%E3%83%97" dan="16,17,18,16" rate="2122,2140,2177,2109" sx="M,M,M,M"/><TAIKYOKU oya="0"/>

<Scene>
<INIT seed="0,0,0,1,0,115" ten="250,250,250,250" oya="0" hai0="25,34,35,77,89,132,38,42,48,47,112,121,83" hai1="99,116,49,67,18,92,68,45,102,128,126,43,5" hai2="12,118,51,26,119,100,33,85,19,15,8,72,57" hai3="32,71,7,107,122,14,76,2,10,4,69,28,58"/><T75/><D112/><U79/><E128/><V81/><F72/><W36/><G122/><T130/><D121/><U0/><E126/><V59/><F100/><W134/><G107/><T30/><D130/><U13/><E79/><V65/><F65/><W29/><G76/><T133/><D35/><U16/><E68/><V135/><F135/><N who="0" m="51786" /><D89/><U94/><E67/><V63/><F63/><W31/><G36/><AGARI ba="0,0" hai="25,30,34,36,38,42,47,48,75,77,83" m="51786" machi="36" ten="30,1500,0" yaku="20,1" doraHai="115" who="0" fromWho="3" sc="250,15,250,0,250,0,250,-15" />
</Scene>
<Scene>
<INIT seed="0,1,0,0,3,66" ten="265,250,250,235" oya="0" hai0="63,15,118,16,106,25,105,55,32,37,51,114,13" hai1="107,27,21,10,130,133,121,100,72,29,125,81,93" hai2="97,17,134,76,123,124,62,52,113,88,77,35,108" hai3="19,41,2,69,61,109,131,22,1,28,89,7,6"/><T74/><D118/><U36/><E121/><V53/><F123/><W42/><G131/><T67/><D37/><U23/><E36/><V43/><F113/><W126/><G28/><T14/><D74/><U39/><E39/><V26/><F108/><W79/><G109/><T73/><D73/><U58/><E130/><V129/><F43/><W98/><G79/><N who="2" m="30281" /><F129/><W54/><G126/><T44/><D114/><U82/><E72/><V85/><F35/><W90/><G98/><T64/><D64/><U110/><E107/><V33/><F33/><W83/><G83/><T3/><D3/><U116/><E116/><V30/><F30/><W31/><G31/><T75/><D75/><U60/><E133/><V119/><F134/><W8/><G54/><T128/><D32/><U4/><E23/><N who="2" m="13679" /><F124/><W20/><G61/><T112/><D112/><U101/><E125/><V96/><F119/><W87/><G87/><T86/><D86/><U59/><E110/><V122/><F122/><W94/><G94/><T120/><D120/><U49/><E93/><N who="2" m="54415" /><F53/><W57/><G8/><T18/><D128/><U111/><E10/><V103/><F103/><N who="1" m="39497" /><E4/><V104/><F104/><W12/><G12/><T40/><D40/><U38/><E38/><V11/><F11/><W80/><G19/><N who="0" m="7211" /><D25/><U117/><E117/><V70/><F70/><W5/><G80/><T46/><D46/><U78/><E111/><V9/><F9/><W24/><G1/><T48/><D48/><U56/><E49/><V68/><F68/><W102/><G2/><T91/><D91/><U99/><E81/><V65/><F65/><RYUUKYOKU ba="1,0" sc="265,15,250,-15,250,15,235,-15" hai0="13,14,15,44,51,55,63,67,105,106" hai2="52,62,96,97" />
</Scene>
<Scene>
<INIT seed="0,2,0,1,1,113" ten="280,235,265,220" oya="0" hai0="83,110,122,74,55,63,130,42,94,89,117,132,33" hai1="99,85,114,64,104,118,40,67,16,98,62,72,101" hai2="91,3,126,109,127,97,107,44,116,18,22,17,111" hai3="56,84,93,75,29,128,59,51,23,105,12,121,73"/><T79/><D122/><U49/><E114/><V13/><F3/><W37/><G105/><T102/><D33/><U66/><E72/><V52/><F116/><W112/><G37/><T31/><D31/><U103/><E118/><V39/><F39/><W87/><G112/><T15/><D117/><U7/><E7/><V78/><F78/><W86/><G121/><T24/><D130/><U36/><E36/><V90/><F18/><W135/><G128/><T0/><D24/><U131/><E131/><V47/><F107/><W46/><G135/><T28/><D0/><U10/><E85/><V6/><F6/><W106/><G106/><T133/><D28/><U26/><E62/><V61/><F47/><W8/><G93/><T77/><D77/><U124/><E124/><N who="2" m="47659" /><F97/><N who="1" m="36873" /><E104/><V82/><F82/><W115/><G115/><T38/><D102/><U60/><E60/><V69/><F69/><W11/><G75/><T19/><D110/><N who="2" m="41994" /><F44/><W2/><G2/><T50/><D38/><U100/><E40/><V25/><F25/><N who="3" m="16575" /><G73/><T125/><D42/><U54/><E26/><V123/><F123/><W53/><G8/><T45/><D125/><U27/><E27/><V14/><F14/><W134/><G134/><T65/><D15/><N who="1" m="7287" /><E103/><V108/><N who="2" m="42002" /><V120/><DORA hai="80" /><F120/><W21/><G21/><T96/><REACH who="0" step="1"/><D19/><AGARI ba="2,0" hai="11,12,19,46,51,53,56,59,84,86,87" m="16575" machi="19" ten="30,7700,0" yaku="8,1,52,3" doraHai="113,80" who="3" fromWho="0" sc="280,-83,235,0,265,0,220,83" />
</Scene>
<Scene>
<INIT seed="1,0,0,3,0,80" ten="197,235,265,303" oya="1" hai0="8,21,36,109,34,29,102,24,77,20,18,86,133" hai1="14,118,25,90,3,37,62,40,126,127,33,74,19" hai2="46,107,78,104,5,112,116,44,31,71,58,7,122" hai3="0,11,96,75,98,10,4,108,66,72,16,113,6"/><U130/><E3/><V79/><F116/><W67/><G113/><T87/><D36/><U131/><E118/><V88/><F71/><W50/><G108/><T105/><D133/><U97/><E74/><V53/><F122/><W95/><G50/><T128/><D109/><U101/><E37/><V41/><F31/><W89/><G98/><T69/><D69/><U55/><E40/><V38/><F112/><W123/><G123/><T65/><D65/><U57/><E33/><V13/><F46/><W92/><G92/><T115/><D115/><U81/><E25/><V114/><F114/><W35/><G35/><T68/><D68/><U83/><E83/><V99/><F107/><W61/><G16/><T117/><D117/><U9/><E90/><V84/><F99/><W91/><G91/><T48/><D128/><N who="1" m="49195" /><E81/><V124/><F104/><AGARI ba="0,0" hai="9,14,19,55,57,62,97,101,104,126,127" m="49195" machi="104" ten="30,1500,0" yaku="19,1" doraHai="80" who="1" fromWho="2" sc="197,0,235,15,265,-15,303,0" />
</Scene>
<Scene>
<INIT seed="1,1,0,1,4,2" ten="197,250,250,303" oya="1" hai0="37,17,23,25,64,19,39,3,38,27,52,91,26" hai1="11,79,32,14,93,4,89,92,121,77,1,74,87" hai2="36,122,68,73,13,107,50,105,43,12,78,31,75" hai3="133,125,110,65,108,67,46,114,119,40,28,72,49"/><U33/><E121/><V63/><F122/><W81/><G28/><T55/><D64/><U104/><E104/><V88/><F36/><W66/><G72/><T127/><D3/><U15/><E1/><V111/><F111/><N who="3" m="42539" /><G81/><T109/><D127/><U18/><E92/><V60/><F31/><W57/><G114/><T101/><D109/><U61/><E61/><V131/><F50/><N who="3" m="26951" /><G125/><T96/><D91/><U71/><E71/><V45/><F45/><W113/><G113/><T7/><D7/><U116/><E116/><V102/><F43/><W85/><G85/><T117/><D117/><U47/><E47/><V82/><F68/><W100/><G100/><T53/><REACH who="0" step="1"/><D23/><REACH who="0" ten="187,250,250,303" step="2"/><U6/><E6/><V76/><F88/><W135/><G119/><T129/><D129/><U41/><E33/><V16/><F102/><W59/><G49/><T126/><D126/><U103/><E32/><V90/><F90/><W98/><G98/><T30/><D30/><U62/><E103/><V0/><F131/><W48/><G48/><T134/><D134/><AGARI ba="1,1" hai="57,59,65,66,67,133,134,135" m="26951,42539" machi="134" ten="40,8000,1" yaku="20,1,14,1,34,2" doraHai="2" who="3" fromWho="0" sc="187,-83,250,0,250,0,303,93" />
</Scene>
<Scene>
<INIT seed="2,0,0,3,5,19" ten="104,250,250,396" oya="2" hai0="115,63,76,86,6,42,94,38,89,110,77,128,14" hai1="58,129,120,41,102,107,28,54,125,8,18,9,114" hai2="44,66,83,99,92,31,101,24,5,85,52,72,112" hai3="43,55,84,11,135,17,79,29,118,57,49,134,25"/><V39/><F112/><W45/><G118/><T27/><D115/><U7/><E114/><V100/><F72/><W15/><G79/><T103/><D128/><U81/><E129/><V21/><F5/><W32/><REACH who="3" step="1"/><G84/><REACH who="3" ten="104,250,250,386" step="2"/><T50/><D110/><U56/><E120/><V30/><F39/><AGARI ba="0,1" hai="11,15,17,25,29,32,39,43,45,49,55,57,134,135" machi="39" ten="40,2600,0" yaku="1,1,2,1,53,0" doraHai="19" doraHaiUra="59" who="3" fromWho="2" sc="104,0,250,0,250,-26,386,36" />
</Scene>
<Scene>
<INIT seed="3,0,0,0,1,79" ten="104,250,224,422" oya="3" hai0="89,123,64,18,10,68,5,101,120,92,106,86,36" hai1="87,60,24,54,76,35,17,66,115,116,6,67,33" hai2="23,93,37,73,20,128,32,98,22,1,126,81,102" hai3="11,130,41,132,119,71,129,70,133,85,52,74,3"/><W46/><G74/><T63/><D36/><U84/><E115/><V95/><F1/><W90/><G119/><T97/><REACH who="0" step="1"/><D18/><REACH who="0" ten="94,250,224,422" step="2"/><U88/><E17/><V134/><F37/><N who="3" m="21807" /><G3/><AGARI ba="0,1" hai="3,5,10,63,64,68,86,89,92,97,101,106,120,123" machi="3" ten="30,3900,0" yaku="1,1,7,1,53,1" doraHai="79" doraHaiUra="57" who="0" fromWho="3" sc="94,49,250,0,224,0,422,-39" />
</Scene>
<Scene>
<INIT seed="4,0,0,4,2,119" ten="143,250,224,383" oya="0" hai0="17,131,98,73,124,46,13,107,109,101,90,31,39" hai1="110,26,84,15,85,24,30,93,80,97,19,77,14" hai2="51,72,129,37,108,92,133,20,8,33,35,48,0" hai3="115,60,106,22,40,54,128,3,41,9,100,34,71"/><T23/><D124/><U116/><E110/><V102/><F108/><W63/><G115/><T42/><D109/><U134/><E116/><V117/><F117/><W61/><G34/><T104/><D73/><U75/><E134/><V68/><F68/><W67/><G22/><T11/><D131/><U82/><E75/><V16/><F37/><W45/><G100/><T94/><D31/><U36/><E36/><V132/><F72/><W10/><G106/><T78/><D78/><U64/><E64/><V55/><F129/><W87/><G87/><T76/><D76/><U123/><E123/><V127/><F127/><W103/><G103/><T121/><D121/><U57/><E57/><V1/><F92/><W58/><G3/><T130/><D130/><U50/><E50/><V118/><F102/><W111/><G10/><T114/><D114/><U122/><E122/><V88/><F88/><W56/><G9/><T86/><REACH who="0" step="1"/><D11/><REACH who="0" ten="133,250,224,383" step="2"/><U53/><E77/><V74/><F74/><W65/><G128/><T44/><D44/><U5/><E30/><V125/><F125/><W113/><G113/><T47/><D47/><U7/><E19/><V6/><F118/><W135/><G111/><T32/><D32/><U38/><E93/><AGARI ba="0,1" hai="13,17,23,39,42,46,86,90,93,94,98,101,104,107" machi="93" ten="30,2900,0" yaku="1,1,7,1,53,0" doraHai="119" doraHaiUra="52" who="0" fromWho="1" sc="133,39,250,-29,224,0,383,0" />
</Scene>
<Scene>
<INIT seed="4,1,0,3,1,24" ten="172,221,224,383" oya="0" hai0="26,30,8,39,43,119,86,64,94,123,68,51,5" hai1="82,127,107,7,29,56,114,80,132,122,35,78,126" hai2="34,92,32,21,72,75,47,115,97,81,0,54,131" hai3="111,70,108,105,99,84,120,90,95,4,110,89,128"/><T79/><D119/><U23/><E122/><V37/><F0/><W3/><G70/><T130/><D123/><U16/><E107/><V62/><F115/><W71/><G71/><T15/><D130/><U66/><E114/><V103/><F131/><W96/><G4/><T112/><D112/><U61/><E7/><V125/><F125/><N who="1" m="47625" /><E132/><V60/><F21/><W116/><G3/><T52/><D43/><U124/><E124/><V49/><F37/><W28/><G120/><T12/><D39/><U41/><E41/><V73/><REACH who="2" step="1"/><F81/><REACH who="2" ten="172,221,214,383" step="2"/><W40/><G116/><T53/><D12/><N who="1" m="9607" /><E78/><V101/><F101/><W11/><G128/><T104/><D104/><U85/><E85/><V135/><F135/><W46/><G105/><T118/><D118/><U117/><E117/><V57/><F57/><W65/><G111/><T134/><D134/><U2/><E2/><V106/><F106/><W1/><G1/><T20/><D79/><U83/><E35/><AGARI ba="1,1" hai="32,34,35,47,49,54,60,62,72,73,75,92,97,103" machi="35" ten="50,3200,0" yaku="1,1,53,1" doraHai="24" doraHaiUra="45" who="2" fromWho="1" sc="172,0,221,-35,214,45,383,0" />
</Scene>
<Scene>
<INIT seed="5,0,0,4,1,12" ten="172,186,259,383" oya="1" hai0="86,123,33,126,13,99,77,42,100,55,102,17,47" hai1="90,61,83,20,16,82,48,115,64,38,85,69,75" hai2="104,108,0,94,132,88,112,72,32,43,109,28,130" hai3="36,81,135,30,67,57,121,93,44,34,29,114,73"/><U110/><E38/><V51/><F104/><W97/><G121/><T52/><D126/><U8/><E110/><V6/><F72/><W35/><G114/><T23/><D33/><U15/><E115/><V37/><F112/><W54/><G135/><T5/><D5/><U19/><E48/><V113/><F113/><W89/><G67/><T78/><D123/><U4/><REACH who="1" step="1"/><E20/><REACH who="1" ten="172,176,259,383" step="2"/><V56/><F51/><W127/><G36/><T14/><D14/><U46/><E46/><V74/><F37/><W134/><G44/><T122/><D122/><U129/><E129/><V25/><F130/><W65/><G134/><T53/><D86/><U66/><E66/><V117/><F132/><W91/><G65/><T79/><REACH who="0" step="1"/><D99/><REACH who="0" ten="162,176,259,383" step="2"/><U87/><E87/><V22/><F109/><W18/><G97/><T118/><D118/><U111/><E111/><V124/><F117/><W128/><G128/><T1/><D1/><U3/><E3/><V49/><F0/><W106/><G73/><T70/><D70/><U9/><E9/><V50/><F74/><W80/><G35/><T24/><D24/><U41/><E41/><V58/><F43/><W27/><G34/><T119/><D119/><U60/><E60/><V63/><F63/><W95/><G27/><T62/><D62/><U76/><AGARI ba="0,2" hai="4,8,15,16,19,61,64,69,75,76,82,83,85,90" machi="76" ten="30,18000,2" yaku="1,1,0,1,52,2,54,1,53,1" doraHai="12" doraHaiUra="107" who="1" fromWho="1" sc="162,-60,176,200,259,-60,383,-60" />
</Scene>
<Scene>
<INIT seed="5,1,0,0,2,5" ten="102,376,199,323" oya="1" hai0="38,108,81,102,120,52,44,103,68,10,66,2,82" hai1="111,19,98,13,121,126,30,27,29,123,125,1,62" hai2="92,86,58,12,28,87,43,119,128,34,97,115,94" hai3="57,90,129,21,122,56,8,83,85,127,131,0,114"/><U100/><E1/><V54/><F119/><W95/><G122/><T107/><D120/><N who="1" m="46155" /><E62/><V35/><F128/><N who="3" m="49227" /><G114/><T105/><D108/><U99/><E111/><V65/><F115/><W77/><G127/><N who="1" m="48650" /><E27/><V117/><F117/><W72/><G21/><T31/><D31/><N who="1" m="11787" /><E100/><V4/><F28/><W39/><G39/><T76/><D38/><U14/><E14/><V84/><F12/><W135/><G135/><T109/><D109/><U67/><E67/><V93/><F65/><W112/><G112/><T113/><D113/><U51/><E51/><V60/><F35/><W37/><G37/><T104/><D66/><U73/><E73/><V7/><F34/><W132/><G132/><T25/><D25/><U88/><E88/><V9/><F87/><W45/><G45/><T48/><D68/><U89/><E89/><V26/><F86/><W134/><G134/><T118/><D118/><U22/><AGARI ba="1,0" hai="13,19,22,98,99" m="11787,48650,46155" machi="22" ten="40,2100,0" yaku="18,1" doraHai="5" who="1" fromWho="1" sc="102,-8,376,24,199,-8,323,-8" />
</Scene>
<Scene>
<INIT seed="5,2,0,0,4,101" ten="94,400,191,315" oya="1" hai0="76,33,111,109,30,53,62,100,8,107,25,55,12" hai1="88,86,115,131,87,63,11,50,130,29,129,1,10" hai2="52,72,114,56,45,83,3,6,123,95,103,120,69" hai3="90,132,125,124,73,58,74,2,13,27,65,134,47"/><U82/><E115/><V51/><F69/><W71/><G2/><T97/><D76/><U127/><E127/><N who="3" m="48714" /><G71/><T49/><D62/><U24/><E1/><V28/><F114/><W112/><G112/><T79/><D79/><U42/><E63/><V67/><F83/><W70/><G70/><T128/><D128/><U102/><E102/><V64/><F72/><N who="3" m="27755" /><G65/><T81/><D81/><U21/><E86/><V122/><F28/><W40/><G58/><T121/><D121/><U110/><E110/><V59/><F6/><W18/><G27/><T60/><D60/><U35/><E35/><V92/><F3/><W36/><G90/><T16/><REACH who="0" step="1"/><D55/><REACH who="0" ten="84,400,191,315" step="2"/><U93/><E82/><V108/><F52/><W78/><G78/><T68/><D68/><U9/><E42/><V31/><F123/><W116/><G116/><T26/><D26/><U32/><E32/><V99/><F122/><W98/><G98/><T80/><D80/><U44/><E131/><V57/><F120/><W22/><AGARI ba="2,1" hai="13,18,22,36,40,47,132,134" m="27755,48714" machi="22" ten="40,1500,0" yaku="18,1" doraHai="101" who="3" fromWho="3" sc="84,-6,400,-9,191,-6,315,31" />
</Scene>
<Scene>
<INIT seed="6,0,0,3,2,122" ten="78,391,185,346" oya="2" hai0="27,87,45,118,59,20,35,114,98,38,42,56,70" hai1="66,71,11,103,7,104,64,134,93,80,101,131,125" hai2="1,65,105,126,41,102,50,73,47,81,2,21,37" hai3="119,76,54,113,129,31,74,90,68,79,12,61,109"/><V108/><F126/><W133/><G119/><T25/><D118/><U49/><E104/><V17/><F65/><W62/><G74/><T10/><D114/><U110/><E110/><V60/><F60/><W19/><G61/><T58/><D70/><U106/><E106/><V39/><F108/><W83/><G109/><T34/><D25/><U67/><E134/><V24/><F102/><W15/><G133/><T43/><D43/><U9/><E131/><V5/><F105/><W95/><G129/><T8/><D98/><U107/><E107/><V3/><REACH who="2" step="1"/><F5/><REACH who="2" ten="78,391,175,346" step="2"/><W97/><G62/><T115/><D115/><U116/><E125/><V78/><AGARI ba="0,1" hai="1,2,3,17,21,24,37,39,41,47,50,73,78,81" machi="78" ten="40,12000,1" yaku="1,1,2,1,0,1,53,1" doraHai="122" doraHaiUra="72" who="2" fromWho="2" sc="78,-40,391,-40,175,130,346,-40" />
</Scene>
<Scene>
<INIT seed="6,1,0,0,1,62" ten="38,351,305,306" oya="2" hai0="132,36,113,107,119,111,120,23,89,121,60,105,44" hai1="92,131,103,61,99,116,13,41,68,79,101,15,2" hai2="82,91,65,67,47,98,19,117,52,81,56,26,9" hai3="96,118,110,49,24,90,127,27,100,33,45,3,20"/><V134/><F117/><W128/><G118/><T106/><D89/><U35/><E116/><V104/><F134/><W6/><G110/><T133/><D60/><U80/><E2/><V73/><F47/><W17/><G128/><T16/><D44/><U88/><E35/><V53/><F53/><W66/><G127/><T123/><D23/><U5/><E131/><V18/><F73/><W59/><G90/><T21/><D21/><U39/><E39/><V69/><F69/><W115/><G115/><T34/><D16/><N who="2" m="6186" /><F104/><W94/><G3/><T76/><D76/><U32/><E32/><V109/><F109/><W51/><G6/><T22/><D22/><U71/><E41/><V28/><F9/><W55/><G33/><T114/><D34/><U102/><E71/><V95/><F26/><W30/><G27/><T64/><D64/><N who="2" m="24650" /><F28/><W77/><G66/><T1/><D1/><U130/><E68/><V83/><F83/><W97/><G30/><T54/><D36/><U29/><E29/><V31/><F31/><W129/><G129/><T135/><D54/><U25/><E130/><V58/><F58/><W57/><G57/><T43/><D43/><U11/><E25/><V72/><F72/><W124/><G45/><T0/><D0/><U14/><E80/><V125/><F125/><W86/><G124/><T70/><D119/><U108/><E108/><V40/><F40/><W42/><G42/><T122/><N who="0" m="30720" /><DORA hai="93" /><T126/><D70/><U48/><E11/><V75/><F75/><W12/><G59/><T37/><D37/><U4/><E15/><V50/><AGARI ba="1,0" hai="50,52,56,81,82,91,95,98" m="24650,6186" machi="50" ten="30,24000,3" yaku="5,1,8,1,52,4,54,2" doraHai="62,93" who="2" fromWho="2" sc="38,-81,351,-81,305,243,306,-81" owari="-43,-54.0,270,7.0,548,64.0,225,-17.0" />
</Scene>
</mjloggm>