<mjloggm ver="2.3"><GO type="169"/><UN n0="%41%53%41%50%49%4E" n1="%49%47%41" n2="%E3%82%AF%E3%83%A9" n3="%EF%BC%BC%28%EF%BC%BE%6F%EF%BC%BE%29%EF%BC%8F%E2%98%85" dan="18,16,17,18" rate="2196,2091,2136,2198" sx="M,M,M,M"/><TAIKYOKU oya="0"/>

<Scene>
<INIT seed="0,0,0,4,5,67" ten="250,250,250,250" oya="0" hai0="103,47,6,45,33,44,16,88,90,37,115,55,19" hai1="48,99,20,3,84,92,70,38,89,21,61,119,116" hai2="51,93,42,17,24,91,121,40,73,104,125,130,58" hai3="52,109,117,95,134,78,11,36,15,79,46,50,108"/><T31/><D115/><U101/><E38/><V100/><F121/><W30/><G117/><T131/><D37/><U120/><E3/><V111/><F73/><W127/><G134/><T129/><D103/><U80/><E120/><V126/><F111/><N who="3" m="42571" /><G127/><N who="2" m="48649" /><F130/><N who="0" m="49674" /><D6/><U133/><E133/><V8/><F104/><W66/><G36/><T97/><D55/><U18/><E48/><V102/><F58/><W60/><G30/><T1/><D1/><U28/><E28/><V41/><F51/><W68/><G95/><N who="0" m="56551" /><D90/><U29/><E29/><V123/><F123/><W43/><G43/><T23/><D33/><U132/><E132/><V114/><F114/><W106/><G106/><T94/><D94/><U65/><REACH who="1" step="1"/><E21/><REACH who="1" ten="250,240,250,250" step="2"/><N who="2" m="13359" /><F8/><W53/><G53/><T105/><D105/><U27/><AGARI ba="0,1" hai="18,20,27,61,65,70,80,84,89,92,99,101,116,119" machi="27" ten="20,5200,0" yaku="1,1,0,1,7,1,52,1,53,0" doraHai="67" doraHaiUra="118" who="1" fromWho="1" sc="250,-26,240,62,250,-13,250,-13" />
</Scene>
<Scene>
<INIT seed="1,0,0,0,3,57" ten="224,302,237,237" oya="1" hai0="20,93,131,107,50,3,47,132,83,55,36,124,9" hai1="86,88,25,73,134,120,41,42,123,2,14,101,82" hai2="109,112,113,19,75,58,77,72,21,59,76,46,97" hai3="84,133,29,70,85,80,111,51,125,49,128,37,33"/><U78/><E2/><V52/><F109/><W89/><G37/><T11/><D107/><U6/><E134/><V119/><F119/><W122/><G122/><T63/><D132/><U74/><E101/><V8/><F8/><W45/><G133/><T5/><D131/><U129/><E129/><V18/><F46/><W62/><G128/><T60/><D124/><U24/><E6/><V114/><F97/><W17/><G125/><T102/><D36/><U56/><E14/><V79/><F59/><W64/><G111/><T87/><D11/><U4/><E4/><V98/><F98/><W30/><G33/><T126/><D126/><U53/><E123/><V35/><F35/><W121/><G121/><T99/><REACH who="0" step="1"/><D20/><REACH who="0" ten="214,302,237,237" step="2"/><U110/><E120/><V1/><F1/><W40/><G51/><T130/><D130/><U32/><E110/><V108/><F108/><W12/><G85/><T23/><D23/><AGARI ba="0,1" hai="12,17,23,29,30,40,45,49,62,64,70,80,84,89" machi="23" ten="30,2000,0" yaku="7,1,52,1" doraHai="57" who="3" fromWho="0" sc="214,-20,302,0,237,0,237,30" />
</Scene>
<Scene>
<INIT seed="2,0,0,1,2,133" ten="194,302,237,267" oya="2" hai0="82,58,125,128,126,1,97,22,6,26,95,75,119" hai1="107,122,35,124,45,84,52,57,51,91,24,121,63" hai2="109,66,89,118,131,47,81,135,40,44,0,132,30" hai3="25,64,28,3,106,70,72,17,12,73,62,20,68"/><V53/><F118/><W92/><G106/><T10/><D119/><U11/><E107/><V98/><F0/><W74/><G3/><T56/><D128/><U61/><E11/><V102/><F131/><W48/><G92/><T110/><D110/><U71/><E71/><V59/><F66/><W114/><G114/><T16/><D82/><U37/><E37/><V100/><F30/><W39/><G39/><T86/><D86/><U116/><E116/><V103/><F109/><W93/><G93/><T18/><D18/><U77/><E77/><V94/><F81/><W79/><G48/><T2/><D75/><U104/><E104/><V43/><F47/><W7/><G7/><T46/><D46/><U87/><E24/><V96/><F98/><W108/><G108/><T19/><D19/><U54/><E35/><V101/><N who="2" m="25600" /><DORA hai="5" /><V76/><F76/><W67/><G79/><T123/><D123/><U60/><E84/><V32/><F32/><W80/><G80/><T33/><D33/><U41/><E41/><V127/><F127/><N who="0" m="48650" /><D2/><U42/><E124/><V29/><F29/><W83/><G83/><T15/><D15/><U113/><E113/><V21/><F44/><W36/><G36/><T105/><D105/><U85/><E85/><V27/><F135/><W115/><G115/><T8/><D8/><U112/><E112/><V65/><F132/><W111/><G111/><T90/><AGARI ba="0,0" hai="1,6,10,16,22,26,56,58,90,95,97" m="48650" machi="90" ten="30,12000,2" yaku="18,1,52,4,54,1" doraHai="133,5" who="0" fromWho="0" sc="194,120,302,-30,237,-60,267,-30" />
</Scene>
<Scene>
<INIT seed="3,0,0,2,5,91" ten="314,272,177,237" oya="3" hai0="39,112,9,54,110,132,82,106,101,13,78,31,19" hai1="68,5,135,48,88,4,76,119,27,2,53,113,11" hai2="25,73,107,62,34,96,59,15,55,17,1,129,37" hai3="56,45,121,103,104,33,77,44,63,134,69,127,114"/><W86/><G114/><T133/><D39/><U30/><E113/><V85/><F73/><W3/><G121/><T89/><D112/><U67/><E76/><V57/><F1/><W52/><G3/><T105/><D110/><U22/><E135/><N who="0" m="51785" /><D101/><U58/><E119/><V20/><F37/><W49/><G33/><T46/><D31/><U64/><E68/><V23/><F129/><W124/><G134/><T61/><D89/><U93/><REACH who="1" step="1"/><E5/><REACH who="1" ten="314,262,177,237" step="2"/><V66/><F34/><W122/><G69/><T130/><D130/><U90/><E90/><V131/><F131/><W42/><G122/><T98/><D78/><U94/><E94/><V28/><F107/><W8/><G104/><T12/><D106/><U24/><E24/><V21/><F96/><AGARI ba="0,1" hai="2,4,11,22,27,30,48,53,58,64,67,88,93,96" machi="96" ten="30,7700,0" yaku="1,1,7,1,52,1,54,1,53,0" doraHai="91" doraHaiUra="41" who="1" fromWho="2" sc="314,0,262,87,177,-77,237,0" />
</Scene>
<Scene>
<INIT seed="4,0,0,1,1,5" ten="314,349,100,237" oya="0" hai0="125,45,95,135,44,43,106,86,75,68,105,47,74" hai1="89,126,107,120,13,30,69,39,110,56,123,128,104" hai2="46,61,94,102,118,78,96,50,6,54,91,52,1" hai3="19,65,4,59,71,129,90,70,116,0,109,27,117"/><T49/><D68/><U34/><E69/><V29/><F118/><W20/><G109/><T11/><D135/><U64/><E110/><V87/><F29/><W132/><G132/><T81/><D125/><U25/><E39/><V35/><F35/><W53/><G129/><T99/><D43/><U111/><E111/><V41/><F61/><W67/><G71/><T112/><D49/><U32/><E126/><V84/><F84/><W93/><G70/><T23/><D112/><U134/><E134/><V92/><REACH who="2" step="1"/><F78/><REACH who="2" ten="314,349,90,237" step="2"/><W103/><G117/><T14/><D86/><U77/><E34/><V63/><F63/><W97/><G116/><T82/><D75/><U2/><E30/><V12/><F12/><W85/><G0/><T79/><D74/><U9/><E13/><V115/><F115/><W15/><G27/><T18/><D79/><U38/><E25/><V124/><F124/><W51/><REACH who="3" step="1"/><G4/><REACH who="3" ten="314,349,90,227" step="2"/><T10/><D14/><U108/><E2/><V57/><F57/><W40/><G40/><T101/><D45/><U60/><E108/><V48/><F48/><W72/><G72/><T80/><D47/><U24/><E24/><V8/><AGARI ba="0,2" hai="1,6,8,41,46,50,52,54,87,91,92,94,96,102" machi="8" ten="30,7900,0" yaku="1,1,0,1,52,1,54,1,53,0" doraHai="5" doraHaiUra="26" who="2" fromWho="2" sc="314,-39,349,-20,90,99,227,-20" />
</Scene>
<Scene>
<INIT seed="5,0,0,4,5,8" ten="275,329,189,207" oya="1" hai0="58,52,38,67,86,60,4,9,105,113,115,128,40" hai1="32,88,48,109,96,37,2,77,118,13,34,56,33" hai2="83,132,112,98,133,97,0,103,107,69,5,7,131" hai3="43,11,80,135,70,122,90,99,45,130,84,108,121"/><U35/><E37/><V75/><F69/><W21/><G70/><T50/><D105/><U110/><E2/><V30/><F30/><W62/><G108/><N who="1" m="41578" /><E118/><V26/><F26/><W127/><G135/><N who="2" m="51785" /><F7/><W114/><G114/><N who="0" m="43531" /><D128/><U104/><E77/><N who="2" m="44479" /><F112/><W117/><G130/><T25/><D86/><U53/><E35/><V87/><F5/><W29/><G117/><T14/><D25/><U36/><E36/><V15/><F0/><W3/><G99/><T81/><D81/><U100/><E88/><V20/><F131/><W55/><G3/><T95/><D95/><U76/><E76/><V10/><F97/><W18/><G29/><T42/><D38/><U6/><E6/><N who="2" m="3543" /><F20/><W1/><G21/><T23/><D23/><U22/><E22/><V24/><F24/><W64/><G1/><T119/><D119/><U39/><E39/><V126/><F87/><W71/><G84/><T27/><D27/><U91/><E91/><V16/><F126/><W57/><G127/><T44/><AGARI ba="0,0" hai="4,9,14,40,42,44,50,52,58,60,67" m="43531" machi="44" ten="30,4000,0" yaku="15,1,52,1,54,1" doraHai="8" who="0" fromWho="0" sc="275,40,329,-20,189,-10,207,-10" />
</Scene>
<Scene>
<INIT seed="6,0,0,3,4,22" ten="315,309,179,197" oya="2" hai0="118,84,112,78,114,60,64,72,66,103,125,122,63" hai1="92,45,116,12,33,106,42,77,96,117,52,4,123" hai2="17,120,70,113,2,121,73,105,133,24,68,8,102" hai3="65,30,130,115,127,39,111,36,29,79,25,58,15"/><V26/><F73/><W132/><G111/><T91/><D122/><U18/><E33/><V56/><F105/><W46/><G132/><T108/><D108/><U10/><E106/><V6/><F102/><W61/><G127/><T94/><D125/><U20/><E77/><V43/><F43/><W55/><G130/><T101/><D118/><U27/><E123/><V44/><F44/><W62/><G115/><N who="0" m="44075" /><D78/><U104/><E104/><V28/><F113/><W47/><G79/><T86/><D86/><U16/><E4/><V1/><F133/><W90/><G30/><T0/><D0/><U34/><E52/><V88/><F56/><W21/><G15/><T83/><D83/><U99/><E34/><V11/><F6/><W81/><G39/><T13/><D13/><U37/><E99/><V129/><F129/><W48/><G36/><T71/><D72/><U110/><E110/><V31/><F17/><W32/><G32/><T119/><D119/><U49/><E37/><V85/><F85/><N who="3" m="50479" /><G65/><T126/><D126/><U51/><E51/><V3/><F3/><W87/><G87/><T59/><AGARI ba="0,0" hai="59,60,63,64,66,71,84,91,94,101,103" m="44075" machi="59" ten="30,1100,0" yaku="15,1" doraHai="22" who="0" fromWho="0" sc="315,11,309,-3,179,-5,197,-3" />
</Scene>
<Scene>
<INIT seed="7,0,0,2,3,18" ten="326,306,174,194" oya="3" hai0="42,51,112,106,60,25,33,38,11,119,0,55,104" hai1="22,84,132,122,129,90,126,16,120,5,85,81,98" hai2="24,97,79,43,20,58,116,94,1,32,133,40,23" hai3="78,63,123,50,118,117,77,17,59,114,101,6,36"/><W89/><G36/><T37/><D119/><U52/><E126/><V92/><F116/><W28/><G123/><T109/><D109/><U111/><E111/><V46/><F1/><W95/><G101/><T86/><D42/><N who="2" m="15914" /><F32/><W115/><G6/><T57/><D112/><N who="3" m="43049" /><G50/><T108/><D108/><U47/><E129/><V113/><F113/><W65/><G28/><T68/><D37/><U10/><E132/><V21/><F133/><W31/><G31/><T2/><D38/><U75/><E75/><V82/><F46/><W91/><G91/><T105/><D2/><U103/><E85/><N who="2" m="48351" /><F58/><W73/><G78/><T125/><D125/><U83/><E5/><V49/><F49/><W53/><G77/><T61/><D0/><U93/><E120/><V135/><F135/><W41/><G73/><T71/><D104/><U14/><E122/><V4/><F4/><W99/><G41/><T102/><D106/><U39/><E39/><V67/><F67/><W8/><G65/><T27/><D105/><U56/><E47/><V13/><F13/><AGARI ba="0,0" hai="8,13,17,53,59,63,89,95,99,117,118" m="43049" machi="13" ten="30,1500,0" yaku="15,1" doraHai="18" who="3" fromWho="2" sc="326,0,306,0,174,-15,194,15" />
</Scene>
<Scene>
<INIT seed="7,1,0,5,3,119" ten="326,306,159,209" oya="3" hai0="43,135,83,52,84,19,94,129,47,125,1,4,39" hai1="123,40,34,133,57,35,23,24,64,28,126,36,124" hai2="49,110,93,5,78,72,127,46,42,79,58,45,31" hai3="111,10,85,61,26,65,80,113,88,18,134,117,13"/><W99/><G117/><T66/><D129/><U17/><E133/><V56/><F110/><W131/><G134/><T97/><D135/><U71/><E71/><V67/><F72/><W33/><G131/><T59/><D125/><N who="1" m="48235" /><E40/><V116/><F116/><W29/><G111/><T14/><D66/><U76/><E36/><V89/><F127/><W77/><G113/><T132/><D132/><U68/><E68/><V95/><F5/><W101/><G77/><N who="0" m="46191" /><D39/><U54/><E64/><V62/><F31/><W2/><G2/><T51/><D1/><U122/><E76/><V112/><F112/><W20/><G65/><T0/><D0/><U48/><E35/><V100/><F46/><W86/><G86/><T8/><D43/><U106/><E106/><V103/><F58/><W98/><G61/><T60/><D47/><U73/><E73/><V104/><F104/><W7/><G101/><N who="0" m="60599" /><D4/><U6/><E6/><V41/><F41/><W63/><G63/><AGARI ba="1,0" hai="8,14,19,51,52,59,60,63" m="60599,46191" machi="63" ten="30,2000,0" yaku="8,1,54,1" doraHai="119" who="0" fromWho="3" sc="326,23,306,0,159,0,209,-23" owari="349,44.0,306,11.0,159,-34.0,186,-21.0" />
</Scene>
</mjloggm>