<mjloggm ver="2.3"><GO type="169" lobby="0"/><UN n0="%E6%AD%A6%E5%A3%AB%E6%B2%A2%E7%A7%80%E8%A1%8C" n1="%41%53%41%50%49%4E" n2="%E5%AF%9B%E3%83%94%E3%82%A8%E3%83%AD" n3="%E7%8B%AC%E6%AD%A9" dan="16,19,16,17" rate="2125.99,2241.49,2076.46,2190.59" sx="M,M,M,M"/><TAIKYOKU oya="0"/>

<Scene>
<INIT seed="0,0,0,1,3,117" ten="250,250,250,250" oya="0" hai0="55,32,21,51,82,107,41,59,36,91,47,60,71" hai1="68,19,87,84,66,90,99,77,11,43,23,64,123" hai2="133,69,78,93,75,115,79,50,12,111,126,0,102" hai3="28,104,65,14,33,27,105,39,45,44,112,63,110"/><T54/><D32/><U74/><E11/><V2/><F12/><W76/><G76/><T73/><D107/><U38/><E68/><V86/><F50/><W61/><G112/><T118/><D118/><U57/><E74/><V94/><F69/><W70/><G110/><T53/><D21/><U56/><E123/><V42/><F42/><W18/><G63/><T109/><D109/><U134/><E134/><V119/><F111/><W15/><G15/><T31/><D31/><U46/><E99/><V92/><F119/><W88/><G39/><T67/><D91/><U4/><E4/><V131/><F115/><W106/><REACH who="3" step="1"/><G88/><REACH who="3" ten="250,250,250,240" step="2"/><T120/><D120/><U5/><E77/><AGARI ba="0,1" hai="36,41,47,51,53,54,55,59,60,67,71,73,77,82" machi="77" ten="40,3900,0" yaku="24,2" doraHai="117" who="0" fromWho="1" sc="250,49,250,-39,250,0,240,0" />
</Scene>
<Scene>
<INIT seed="0,1,0,1,3,102" ten="299,211,250,240" oya="0" hai0="41,135,105,8,69,122,23,4,84,83,100,82,79" hai1="89,93,39,9,33,67,124,120,109,131,119,42,94" hai2="123,92,40,81,97,63,28,1,59,126,6,74,53" hai3="14,88,134,99,114,25,11,95,15,19,128,48,27"/><T66/><D122/><U86/><E120/><V44/><F123/><W91/><G114/><T107/><D135/><U51/><E119/><V46/><F126/><W56/><G134/><T36/><D100/><U0/><E33/><V72/><F28/><W96/><G128/><T78/><D23/><U65/><E124/><V87/><F1/><W68/><G68/><T132/><D132/><U10/><E39/><V52/><F6/><W24/><G14/><T50/><D36/><U60/><E131/><V47/><F53/><N who="3" m="31783" /><G91/><T18/><D18/><U118/><E118/><V58/><F58/><W37/><G37/><T45/><D66/><U98/><E0/><V116/><F116/><W127/><G127/><T106/><D69/><U16/><E67/><V49/><F74/><W80/><G80/><T26/><D26/><U101/><E109/><V73/><F73/><W55/><G55/><T85/><D107/><U76/><E76/><N who="2" m="46503" /><F72/><W70/><G70/><T75/><D75/><U108/><E108/><V12/><F12/><AGARI ba="1,0" hai="4,8,12,41,45,50,78,79,82,83,84,85,105,106" machi="12" ten="30,18000,2" yaku="7,1,9,1,25,2,52,2" doraHai="102" who="0" fromWho="2" sc="299,183,211,0,250,-183,240,0" />
</Scene>
<Scene>
<INIT seed="0,2,0,5,5,85" ten="482,211,67,240" oya="0" hai0="46,116,81,23,9,38,71,69,17,73,100,129,106" hai1="131,93,112,55,61,42,50,41,75,105,30,57,115" hai2="15,96,123,122,133,19,32,95,12,8,1,119,76" hai3="77,118,102,125,53,103,94,64,20,27,128,54,117"/><T67/><D116/><U72/><E105/><V87/><F119/><W14/><G125/><T111/><D129/><U132/><E131/><V86/><F133/><W39/><G39/><T51/><D38/><U0/><E0/><V68/><F68/><W101/><G128/><T29/><D29/><U79/><E132/><V28/><F1/><W56/><G77/><T49/><D9/><U58/><E30/><V13/><F13/><W70/><G70/><T25/><D67/><N who="1" m="39351" /><E93/><V130/><F130/><W80/><G80/><T108/><D51/><U59/><E59/><V66/><F66/><W135/><G135/><T37/><D37/><U84/><E84/><V44/><F44/><W126/><G126/><T113/><D113/><N who="1" m="43595" /><E79/><V10/><F76/><W26/><G94/><T52/><D81/><U40/><AGARI ba="2,0" hai="40,41,42,50,55,57,72,75" m="43595,39351" machi="40" ten="30,1100,0" yaku="11,1" doraHai="85" who="1" fromWho="1" sc="482,-7,211,17,67,-5,240,-5" />
</Scene>
<Scene>
<INIT seed="1,0,0,5,1,77" ten="475,228,62,235" oya="1" hai0="40,19,33,14,18,34,45,93,23,4,80,36,11" hai1="109,97,42,119,85,16,66,65,13,105,126,59,115" hai2="47,96,49,20,132,91,69,72,86,110,41,76,114" hai3="78,46,26,17,51,62,53,111,108,121,71,112,107"/><U35/><E115/><V116/><F114/><W67/><G107/><T94/><D19/><U12/><E119/><V104/><F69/><W7/><G7/><T10/><D11/><U29/><E126/><V90/><F116/><W83/><G112/><T57/><D57/><U113/><E113/><V21/><F110/><W5/><G5/><T92/><REACH who="0" step="1"/><D80/><REACH who="0" ten="465,228,62,235" step="2"/><U74/><E16/><V118/><F118/><W27/><G121/><T99/><D99/><U117/><E59/><V103/><F96/><W95/><G95/><T56/><D56/><U89/><E97/><V125/><F104/><W54/><G17/><T48/><D48/><U131/><E105/><V25/><F49/><W73/><REACH who="3" step="1"/><G54/><REACH who="3" ten="465,228,62,225" step="2"/><T61/><D61/><U82/><E117/><V60/><F60/><W32/><G32/><T98/><D98/><U52/><E35/><V88/><F125/><W43/><G43/><T79/><D79/><U106/><E52/><V70/><F76/><W0/><G0/><AGARI ba="0,2" hai="0,4,10,14,18,23,33,34,36,40,45,92,93,94" machi="0" ten="40,1300,0" yaku="1,1,53,0" doraHai="77" doraHaiUra="127" who="0" fromWho="3" sc="465,33,228,0,62,0,225,-13" />
</Scene>
<Scene>
<INIT seed="2,0,0,2,1,64" ten="498,228,62,212" oya="2" hai0="86,4,69,93,53,79,18,112,46,110,126,91,72" hai1="2,1,33,96,51,22,16,109,95,133,61,124,98" hai2="56,129,123,67,52,50,35,0,78,122,31,63,12" hai3="115,8,14,87,11,92,75,125,47,20,40,32,62"/><V73/><F0/><W24/><G75/><T42/><D112/><U70/><E33/><V114/><F114/><W104/><G104/><T108/><D69/><U130/><E109/><N who="0" m="42089" /><D4/><U66/><E130/><V83/><F129/><W58/><G32/><T9/><D53/><U55/><E133/><V77/><F77/><W49/><G125/><T28/><D126/><U85/><E85/><V48/><F48/><W113/><G14/><N who="0" m="7503" /><D28/><U89/><E98/><V30/><F12/><W74/><G74/><T10/><D10/><U36/><E36/><V90/><F90/><N who="3" m="53343" /><G115/><T5/><D5/><U111/><E124/><V116/><F116/><W102/><G102/><T117/><D117/><U80/><E80/><V105/><F105/><W101/><G101/><T106/><D106/><U127/><E127/><V27/><REACH who="2" step="1"/><F31/><REACH who="2" ten="498,228,52,212" step="2"/><N who="3" m="17799" /><G113/><T107/><D107/><U84/><E111/><V118/><F118/><W76/><G76/><T26/><D79/><U94/><E2/><V54/><F54/><AGARI ba="0,1" hai="8,11,40,47,49,54,58,62" m="17799,53343" machi="54" ten="30,1000,0" yaku="8,1" doraHai="64" who="3" fromWho="2" sc="498,0,228,0,52,-10,212,20" />
</Scene>
<Scene>
<INIT seed="3,0,0,2,0,75" ten="498,228,42,232" oya="3" hai0="97,13,36,87,84,89,26,1,62,30,31,43,77" hai1="109,65,98,50,22,76,125,12,37,6,61,21,48" hai2="124,45,24,66,35,49,112,71,101,81,3,20,93" hai3="121,42,117,105,90,58,40,70,134,118,32,127,99"/><W126/><G32/><T68/><D1/><U14/><E37/><V46/><F3/><W44/><G121/><T85/><D77/><U107/><E109/><V104/><F112/><W120/><G120/><T103/><D89/><U38/><E38/><V131/><F124/><N who="3" m="47659" /><G70/><T110/><D110/><U63/><E125/><V51/><F131/><W96/><G134/><T78/><D78/><U41/><E76/><V56/><F35/><W94/><G58/><T114/><D114/><U69/><E63/><V86/><F71/><W47/><G47/><T133/><D133/><U4/><E41/><N who="3" m="15978" /><G44/><N who="2" m="17001" /><F104/><W113/><G113/><T28/><D43/><U80/><E107/><V100/><F66/><W130/><G130/><T23/><D36/><U34/><E34/><V102/><F93/><N who="3" m="56375" /><G105/><T8/><D68/><U128/><E128/><V27/><F56/><W33/><G33/><T7/><D62/><U74/><E65/><V129/><F129/><W10/><G10/><T11/><D11/><U9/><E61/><V5/><F5/><W15/><G15/><T18/><D7/><U53/><E9/><V92/><F92/><AGARI ba="0,0" hai="8,13,18,23,26,28,30,31,84,85,87,92,97,103" machi="92" ten="40,1300,0" yaku="8,1" doraHai="75" who="0" fromWho="2" sc="498,13,228,0,42,-13,232,0" />
</Scene>
<Scene>
<INIT seed="4,0,0,2,0,73" ten="511,228,29,232" oya="0" hai0="33,8,100,49,4,44,40,103,93,115,39,51,58" hai1="90,28,128,38,15,126,25,50,21,9,110,133,124" hai2="34,112,45,76,99,65,53,72,43,114,120,22,135" hai3="96,61,91,69,0,118,7,19,97,79,30,109,77"/><T56/><D33/><U29/><E38/><V119/><F34/><W10/><G109/><T75/><D75/><U24/><E90/><V26/><F120/><W52/><G118/><T122/><D115/><N who="2" m="44074" /><F119/><W125/><G30/><T74/><D74/><U46/><E110/><V42/><F135/><W105/><G125/><N who="1" m="48234" /><E133/><V70/><F99/><W41/><G41/><T94/><D122/><U59/><E59/><V67/><F53/><W78/><G105/><T2/><D39/><U63/><E63/><N who="2" m="40255" /><F67/><W57/><G69/><T85/><D58/><U98/><E98/><V37/><F43/><W88/><G97/><T127/><D127/><U27/><E128/><V81/><F22/><W123/><G123/><T132/><D132/><U87/><E21/><V35/><F35/><W108/><G108/><T89/><D94/><U31/><E31/><V116/><F116/><W92/><REACH who="3" step="1"/><G19/><REACH who="3" ten="511,228,29,222" step="2"/><T113/><D113/><U17/><E29/><V82/><F82/><W20/><G20/><T95/><D95/><U134/><E28/><V16/><F26/><W1/><G1/><T3/><D3/><U12/><E134/><V129/><F129/><W131/><G131/><T13/><D2/><U60/><E27/><V64/><F64/><W86/><G86/><T104/><D104/><U23/><E87/><V121/><F121/><W71/><G71/><T55/><AGARI ba="0,1" hai="4,8,13,40,44,49,51,55,56,85,89,93,100,103" machi="55" ten="30,3000,0" yaku="0,1,8,1" doraHai="73" who="0" fromWho="0" sc="511,40,228,-10,29,-10,222,-10" />
</Scene>
<Scene>
<INIT seed="4,1,0,2,4,35" ten="551,218,19,212" oya="0" hai0="115,111,20,108,125,98,128,23,34,83,78,93,46" hai1="113,88,3,73,7,33,47,36,13,19,60,96,101" hai2="68,66,117,12,28,5,31,65,37,94,39,103,40" hai3="27,75,2,100,97,67,26,30,64,107,52,16,53"/><T72/><D34/><U62/><E33/><V15/><F117/><W6/><G75/><T119/><D119/><U57/><E73/><V42/><F5/><W18/><G6/><T132/><D115/><U102/><E113/><V90/><F90/><W50/><G2/><T124/><D128/><U106/><E101/><V127/><F127/><N who="0" m="48714" /><D46/><U61/><E47/><V11/><F11/><W25/><G30/><T56/><D56/><U71/><E36/><V131/><F131/><W32/><G32/><T110/><D132/><U122/><E122/><V29/><F68/><W48/><G107/><T92/><D92/><U120/><E120/><V129/><F129/><W51/><G100/><AGARI ba="1,0" hai="20,23,72,78,83,93,98,100,108,110,111" m="48714" machi="100" ten="40,3900,0" yaku="10,1,18,1" doraHai="35" who="0" fromWho="3" sc="551,42,218,0,19,0,212,-42" />
</Scene>
<Scene>
<INIT seed="4,2,0,3,1,94" ten="593,218,19,170" oya="0" hai0="10,43,75,74,135,100,8,55,91,105,85,77,119" hai1="6,4,106,134,41,90,118,16,51,72,83,45,7" hai2="96,84,50,101,28,97,69,34,79,127,92,1,57" hai3="18,108,52,109,0,5,82,114,15,38,81,25,59"/><T129/><D119/><U60/><E118/><V131/><F69/><W111/><G38/><T33/><D33/><U133/><E106/><V62/><F1/><W27/><G114/><T22/><D129/><U9/><E60/><V125/><F131/><W35/><G5/><T76/><D135/><N who="1" m="51723" /><E16/><V116/><F116/><W14/><G0/><T124/><D124/><N who="2" m="47690" /><F101/><W36/><G36/><T58/><D100/><U132/><E132/><V113/><F113/><W32/><G18/><T19/><D105/><U110/><E110/><V49/><F28/><W107/><G107/><T130/><D130/><U29/><E29/><V98/><F34/><W46/><G111/><T12/><D8/><U42/><E42/><V39/><F39/><W126/><G126/><T112/><D43/><U80/><E90/><N who="2" m="53319" /><F79/><W102/><G102/><T104/><D104/><U31/><E31/><V26/><F26/><W17/><G17/><T56/><D112/><U65/><E65/><AGARI ba="2,0" hai="49,50,57,62,65,96,97,98" m="53319,47690" machi="65" ten="30,7700,0" yaku="18,1,52,3" doraHai="94" who="2" fromWho="1" sc="593,0,218,-83,19,83,170,0" />
</Scene>
<Scene>
<INIT seed="5,0,0,1,0,30" ten="593,135,102,170" oya="1" hai0="94,25,102,56,88,5,82,10,23,21,121,42,47" hai1="109,36,135,67,96,97,131,91,35,28,80,101,64" hai2="18,125,100,68,74,130,116,115,98,77,6,81,72" hai3="119,26,16,55,106,118,48,110,57,50,127,132,43"/><U83/><E36/><V17/><F68/><W89/><G110/><T107/><D121/><U113/><E109/><V90/><F6/><W7/><G7/><T87/><D107/><U8/><E113/><V20/><F116/><N who="3" m="44587" /><G106/><T104/><D104/><U92/><E131/><V49/><F115/><W12/><G127/><T33/><D56/><U32/><E135/><V63/><F125/><W75/><G75/><T95/><D33/><U70/><E8/><V41/><F130/><W129/><G26/><T73/><D73/><U112/><E112/><V13/><F72/><W79/><G79/><T2/><D102/><U59/><E59/><V9/><F90/><W84/><G129/><T69/><D69/><U78/><E78/><V99/><F63/><N who="3" m="36287" /><G43/><T38/><REACH who="0" step="1"/><D23/><REACH who="0" ten="583,135,102,170" step="2"/><U86/><E70/><V65/><F100/><W114/><G114/><T126/><D126/><U134/><E101/><V45/><REACH who="2" step="1"/><F65/><REACH who="2" ten="583,135,92,170" step="2"/><W11/><G132/><T111/><D111/><U60/><E67/><V44/><F44/><W31/><G31/><AGARI ba="0,2" hai="2,5,10,21,25,31,38,42,47,82,87,88,94,95" machi="31" ten="30,7700,0" yaku="1,1,7,1,54,1,53,1" doraHai="30" doraHaiUra="40" who="0" fromWho="3" sc="583,97,135,0,92,0,170,-77" />
</Scene>
<Scene>
<INIT seed="6,0,0,4,3,119" ten="680,135,92,93" oya="2" hai0="6,65,115,99,66,47,0,36,83,114,45,28,61" hai1="34,105,118,85,86,43,40,49,127,73,79,33,18" hai2="132,7,97,125,1,63,93,19,8,17,133,81,21" hai3="111,58,46,102,110,104,32,39,29,94,96,41,117"/><V76/><F125/><W68/><G117/><T51/><D28/><U84/><E118/><V48/><F48/><W89/><G68/><T91/><D6/><U87/><E105/><V106/><F106/><W38/><G38/><T23/><D0/><U14/><E127/><V98/><F63/><W62/><G29/><T122/><D23/><U123/><E123/><V35/><F35/><W88/><G32/><T67/><D122/><U70/><E70/><V52/><F52/><W4/><G4/><T120/><D120/><U108/><E108/><V20/><F20/><W69/><G69/><T37/><D61/><U75/><E85/><N who="2" m="48295" /><F21/><W103/><G103/><T27/><D27/><U50/><E50/><V71/><F71/><W10/><G10/><T131/><D131/><U90/><E34/><V22/><F22/><W3/><G3/><T126/><D126/><U116/><E33/><V112/><F112/><N who="0" m="43050" /><D47/><U26/><E116/><V13/><F1/><W53/><REACH who="3" step="1"/><G89/><REACH who="3" ten="680,135,92,83" step="2"/><T128/><D91/><U57/><E90/><N who="2" m="55479" /><F98/><AGARI ba="0,1" hai="39,41,46,53,58,62,88,94,96,98,102,104,110,111" machi="98" ten="30,7700,0" yaku="1,1,7,1,54,1,53,1" doraHai="119" doraHaiUra="42" who="3" fromWho="2" sc="680,0,135,0,92,-77,83,87" />
</Scene>
<Scene>
<INIT seed="7,0,0,0,0,67" ten="680,135,15,170" oya="3" hai0="3,43,44,84,112,34,54,123,101,76,38,108,82" hai1="126,78,81,27,61,16,7,0,100,53,48,8,31" hai2="60,118,105,20,116,29,98,64,71,50,37,107,18" hai3="4,6,127,117,12,24,102,17,33,42,86,30,49"/><W113/><G117/><T129/><D108/><U51/><E126/><V19/><F37/><W25/><G127/><T70/><D123/><U23/><E100/><V55/><F29/><W77/><G102/><T36/><D34/><U13/><E61/><V62/><F62/><W79/><G113/><T104/><D129/><U35/><E53/><V121/><F121/><W46/><G25/><T97/><D112/><U80/><E80/><V89/><F19/><W103/><G103/><T85/><D3/><U52/><REACH who="1" step="1"/><E52/><REACH who="1" ten="680,125,15,170" step="2"/><V47/><F116/><W14/><G14/><T83/><D54/><U106/><E106/><V57/><F118/><W93/><G79/><T96/><D76/><U15/><E15/><V68/><F105/><W73/><G73/><AGARI ba="0,1" hai="0,7,8,13,16,23,27,31,35,48,51,73,78,81" machi="73" ten="30,12000,2" yaku="1,1,7,1,24,2,54,1,53,1" doraHai="67" doraHaiUra="22" who="1" fromWho="3" sc="680,0,125,130,15,0,170,-120" owari="680,77.0,255,6.0,15,-48.0,50,-35.0" />
</Scene>
</mjloggm>