<mjloggm ver="2.3"><GO type="169" lobby="0"/><UN n0="%E6%A3%92%E8%A7%92" n1="%4E%69%65%6C" n2="%E3%82%82%E3%81%A3%E3%81%97%E3%83%BC" n3="%41%53%41%50%49%4E" dan="17,16,16,19" rate="2168,2069,2134,2231" sx="M,M,M,M"/><TAIKYOKU oya="0"/>

<Scene>
<INIT seed="0,0,0,5,1,46" ten="250,250,250,250" oya="0" hai0="90,20,63,106,112,18,41,124,100,110,120,77,105" hai1="86,9,53,34,27,47,81,59,54,29,1,60,31" hai2="69,64,96,108,125,92,36,51,104,94,91,24,19" hai3="97,57,65,15,5,115,76,52,3,66,118,58,82"/><T98/><D112/><U62/><E31/><V131/><F36/><W22/><G115/><T85/><D120/><U121/><E121/><V4/><F108/><W132/><G118/><T67/><D124/><U87/><E87/><V45/><F125/><W99/><G132/><T32/><D32/><U37/><E37/><V117/><F131/><W74/><G3/><T130/><D130/><U55/><E1/><V14/><F117/><W33/><G33/><T134/><D134/><U21/><E9/><V133/><F133/><W11/><G22/><T25/><D41/><U80/><E34/><V6/><F104/><W95/><G58/><T30/><D110/><U126/><E126/><V123/><F24/><W71/><G71/><T128/><D128/><U38/><E81/><V49/><F123/><W39/><G39/><T10/><D10/><U68/><E38/><V70/><F70/><W135/><G135/><T78/><D106/><U13/><E13/><V83/><F83/><W103/><REACH who="3" step="1"/><G99/><REACH who="3" ten="250,250,250,240" step="2"/><T0/><D0/><U48/><E68/><V50/><F69/><W88/><G88/><T35/><D35/><U17/><E59/><V73/><F45/><W8/><G8/><T84/><D90/><N who="1" m="51527" /><E29/><V107/><F107/><W114/><G114/><T89/><D30/><U26/><E26/><V56/><F56/><W40/><G40/><AGARI ba="0,1" hai="17,21,27,40,47,48,53,54,55,60,62" m="51527" machi="40" ten="30,2000,0" yaku="8,1,52,1" doraHai="46" who="1" fromWho="3" sc="250,0,250,30,250,0,240,-20" />
</Scene>
<Scene>
<INIT seed="1,0,0,2,5,110" ten="250,280,250,220" oya="1" hai0="72,69,54,24,42,114,60,95,20,33,91,125,36" hai1="44,98,104,115,26,30,31,39,128,96,129,3,18" hai2="27,108,135,106,132,63,23,133,49,73,86,9,22" hai3="75,41,50,85,113,102,16,81,109,0,11,123,93"/><U38/><E3/><V116/><F73/><W40/><G123/><T34/><D72/><U2/><E2/><V55/><F106/><W130/><G75/><T84/><D125/><U65/><E65/><V48/><F116/><W13/><G109/><T99/><D69/><U19/><E115/><V134/><F108/><W120/><G120/><T8/><D8/><U70/><E70/><V62/><F132/><W74/><G74/><T7/><D7/><U92/><E104/><V124/><F124/><W5/><G113/><T4/><D4/><U77/><E77/><V80/><F9/><W37/><G37/><T32/><D36/><N who="1" m="13867" /><E44/><N who="2" m="28039" /><F49/><W68/><G130/><N who="1" m="50282" /><E31/><N who="2" m="17911" /><F23/><W1/><G68/><T52/><D42/><U105/><E105/><V29/><F29/><W67/><G1/><T126/><D126/><U118/><E118/><V83/><F83/><W17/><G0/><T100/><D114/><U53/><E53/><V89/><AGARI ba="0,0" hai="62,63,80,86,89,133,134,135" m="17911,28039" machi="89" ten="30,1100,0" yaku="20,1" doraHai="110" who="2" fromWho="2" sc="250,-3,280,-5,250,11,220,-3" />
</Scene>
<Scene>
<INIT seed="2,0,0,0,1,125" ten="247,275,261,217" oya="2" hai0="50,8,40,71,42,2,85,95,99,117,78,86,52" hai1="24,74,4,130,107,26,36,63,59,48,84,88,60" hai2="73,5,13,7,124,16,61,91,69,92,65,72,94" hai3="80,77,66,114,3,128,103,81,82,135,108,14,11"/><V131/><F124/><W56/><G3/><T87/><D71/><U55/><E74/><V58/><F131/><W126/><G126/><T120/><D120/><U54/><E36/><V110/><F110/><W70/><G70/><T112/><D112/><U64/><E107/><V51/><F94/><W102/><G108/><T35/><D35/><U25/><E130/><V22/><F73/><W76/><G135/><T57/><D78/><N who="3" m="30313" /><G114/><T19/><D117/><U18/><E4/><V1/><F72/><W23/><G23/><T134/><D134/><U83/><E60/><V109/><F109/><W123/><G128/><T89/><D2/><U113/><E113/><V98/><REACH who="2" step="1"/><F1/><REACH who="2" ten="247,275,251,217" step="2"/><W30/><G123/><T106/><D106/><U101/><E101/><V29/><F29/><W49/><G30/><T96/><D96/><U6/><E64/><V20/><F20/><W21/><G21/><T118/><D118/><U37/><E83/><V10/><F10/><W45/><G103/><T34/><D34/><U38/><E26/><V47/><F47/><W115/><G102/><T133/><D133/><U43/><E25/><V17/><F17/><N who="3" m="8415" /><G115/><T129/><D129/><U12/><E24/><V53/><AGARI ba="0,1" hai="5,7,13,16,22,51,53,58,61,65,69,91,92,98" machi="53" ten="30,6000,0" yaku="1,1,0,1,54,1,53,0" doraHai="125" doraHaiUra="32" who="2" fromWho="2" sc="247,-20,275,-20,251,70,217,-20" />
</Scene>
<Scene>
<INIT seed="2,1,0,3,4,34" ten="227,255,321,197" oya="2" hai0="117,49,89,85,98,41,106,133,25,123,87,23,100" hai1="15,57,48,53,4,95,76,114,65,13,94,17,38" hai2="7,58,21,120,27,111,44,32,51,124,82,8,10" hai3="126,62,61,130,112,86,55,81,77,31,12,93,64"/><V43/><F120/><W54/><G130/><T50/><D123/><U107/><E38/><V22/><F124/><W0/><G0/><T60/><D117/><U101/><E114/><V125/><F125/><W73/><G126/><T104/><D133/><U91/><E107/><V90/><F32/><W39/><G39/><T122/><D106/><U6/><E76/><V46/><F58/><W121/><G121/><T36/><D87/><N who="1" m="52607" /><E65/><V29/><F111/><W78/><G112/><T9/><D60/><U28/><E28/><V79/><F90/><W11/><G62/><T129/><D36/><U72/><E72/><V69/><F69/><W26/><G93/><T92/><D41/><U88/><E101/><V118/><F118/><W97/><G97/><T47/><D47/><U66/><E66/><V1/><F8/><W134/><G77/><T71/><D71/><U33/><E33/><V52/><F22/><W45/><G73/><T67/><D67/><U16/><E15/><V63/><F63/><W5/><G45/><T135/><D135/><U14/><E13/><V115/><F115/><W109/><G109/><T116/><D129/><U83/><E83/><V68/><F68/><W132/><G134/><T127/><D116/><U18/><E14/><V59/><F43/><W42/><G42/><T96/><D122/><U128/><E128/><V110/><F110/><W108/><G108/><T30/><D127/><U70/><E70/><V3/><F3/><W24/><G132/><T74/><D9/><U56/><E57/><V84/><AGARI ba="1,0" hai="1,7,10,21,27,29,44,46,51,52,59,79,82,84" machi="84" ten="20,7800,0" yaku="0,1,7,1,52,1,54,1" doraHai="34" who="2" fromWho="2" sc="227,-27,255,-27,321,81,197,-27" />
</Scene>
<Scene>
<INIT seed="2,2,0,2,2,35" ten="200,228,402,170" oya="2" hai0="129,62,33,31,25,5,92,49,89,54,11,96,21" hai1="81,55,132,39,77,51,32,98,52,4,124,13,72" hai2="38,67,7,86,134,75,116,70,80,2,78,24,128" hai3="30,85,12,56,29,113,71,121,9,119,117,109,100"/><V118/><F134/><W103/><G121/><T127/><D127/><U105/><E39/><V14/><F128/><W60/><G71/><T63/><D33/><U15/><E32/><V126/><F126/><W102/><G109/><T18/><D31/><U125/><E132/><V84/><F24/><W114/><G85/><T73/><D73/><U23/><E15/><V120/><F120/><W83/><G83/><T45/><REACH who="0" step="1"/><D129/><REACH who="0" ten="190,228,402,170" step="2"/><U20/><E125/><V46/><F118/><W10/><G119/><T43/><D43/><U19/><E124/><V66/><F116/><W79/><G117/><T58/><D58/><U1/><E72/><V41/><F70/><W93/><G29/><T130/><D130/><U17/><E1/><AGARI ba="2,1" hai="1,5,11,18,21,25,45,49,54,62,63,89,92,96" machi="1" ten="30,3900,0" yaku="1,1,7,1,52,1,53,0" doraHai="35" doraHaiUra="27" who="0" fromWho="1" sc="190,55,228,-45,402,0,170,0" />
</Scene>
<Scene>
<INIT seed="3,0,0,0,1,65" ten="245,183,402,170" oya="3" hai0="98,73,58,118,24,121,125,27,101,117,19,129,6" hai1="8,102,80,130,87,62,63,127,92,5,79,31,56" hai2="133,66,11,128,97,17,122,29,85,51,45,12,94" hai3="64,123,109,47,0,103,90,57,43,49,89,40,100"/><W134/><G123/><T107/><D121/><U110/><E110/><V44/><F122/><W60/><G0/><T75/><D6/><U68/><E130/><V52/><F133/><W131/><G131/><T99/><D129/><U112/><E112/><V78/><F128/><W120/><G120/><T23/><D58/><U9/><E127/><V70/><F29/><W111/><G134/><T115/><D125/><U88/><E31/><V124/><F124/><W16/><G40/><T106/><D115/><U55/><E102/><V74/><F74/><W81/><G103/><T77/><D101/><U71/><E62/><V83/><F44/><W50/><G50/><T86/><D86/><U20/><E20/><V76/><F76/><W135/><G135/><T3/><D23/><U22/><E22/><V46/><F46/><W13/><G100/><T69/><D19/><U1/><E9/><V91/><F70/><W108/><G81/><T42/><D42/><U38/><E38/><V32/><F32/><W54/><G43/><T21/><D21/><AGARI ba="0,0" hai="13,16,21,47,49,54,57,60,64,89,90,108,109,111" machi="21" ten="40,7700,0" yaku="14,1,10,1,54,1" doraHai="65" who="3" fromWho="0" sc="245,-77,183,0,402,0,170,77" />
</Scene>
<Scene>
<INIT seed="3,1,0,2,3,45" ten="168,183,402,247" oya="3" hai0="61,99,44,17,43,86,37,60,29,33,20,28,90" hai1="3,69,134,133,91,27,126,64,54,106,15,6,97" hai2="18,129,93,39,8,57,50,81,116,95,85,101,14" hai3="98,83,128,108,120,1,71,53,59,119,24,75,40"/><W4/><G120/><T10/><D33/><U80/><E126/><V23/><F39/><W58/><G119/><T110/><D110/><U25/><E3/><V104/><F116/><W65/><G108/><T11/><D99/><U82/><E106/><V36/><F36/><W88/><G128/><T52/><D11/><N who="1" m="4599" /><E97/><V7/><F129/><W107/><G40/><T125/><D10/><U117/><E117/><V41/><F104/><W35/><G59/><T74/><D74/><U130/><E130/><V113/><F113/><W105/><G4/><T111/><D125/><U21/><E91/><N who="2" m="51631" /><F101/><W2/><G105/><T38/><D38/><U78/><E78/><V63/><F41/><W79/><G65/><T84/><D84/><U66/><E54/><N who="2" m="31959" /><F63/><W9/><G71/><T72/><D72/><U5/><E69/><V51/><F51/><W109/><G109/><T70/><D61/><U68/><E68/><V131/><F131/><W49/><G107/><T48/><D111/><U94/><E64/><V30/><F30/><N who="3" m="19911" /><G1/><T22/><D37/><U121/><E66/><V102/><F102/><W12/><G2/><T26/><D70/><U13/><E121/><V89/><F89/><W19/><G88/><T16/><D60/><U62/><E62/><V34/><F34/><W55/><G98/><T56/><D43/><U115/><E115/><V132/><F132/><W0/><G0/><T67/><D67/><U31/><E134/><V87/><F87/><W47/><G55/><T103/><D103/><U77/><E133/><V135/><F135/><W32/><G32/><T92/><D56/><RYUUKYOKU ba="1,0" sc="168,10,183,-30,402,10,247,10" hai0="16,17,20,22,26,28,29,44,48,52,86,90,92" hai2="7,8,14,18,23,93,95" hai3="9,12,19,47,49,53,58,75,79,83" />
</Scene>
<Scene>
<INIT seed="3,2,0,3,3,80" ten="178,153,412,257" oya="3" hai0="112,39,69,62,52,45,61,24,9,12,129,48,82" hai1="23,91,11,107,77,81,38,73,43,135,16,101,108" hai2="121,37,6,31,49,74,115,124,92,59,103,113,116" hai3="30,96,20,17,3,64,110,42,102,84,36,71,130"/><W58/><G3/><T111/><D112/><U0/><E108/><V19/><F37/><W27/><G110/><T65/><D111/><U33/><E135/><V4/><F116/><W14/><G130/><T57/><D129/><U34/><E101/><V95/><F74/><W106/><G58/><T122/><D122/><U8/><E107/><V32/><F124/><W72/><G72/><T134/><D134/><U94/><E8/><V2/><F121/><W123/><G123/><T90/><D24/><U35/><E43/><V56/><F19/><W25/><G25/><T133/><D133/><U128/><E128/><V5/><F5/><W127/><G127/><T29/><D29/><U22/><E38/><V114/><F114/><W54/><G54/><T97/><D97/><U76/><E76/><V88/><F103/><W75/><G75/><T40/><D62/><U15/><REACH who="1" step="1"/><E0/><REACH who="1" ten="178,143,412,257" step="2"/><V53/><F2/><W13/><G42/><T109/><D109/><U78/><E78/><V46/><F115/><W83/><G36/><T67/><D67/><U60/><E60/><V41/><F41/><W55/><G64/><T47/><D40/><U120/><E120/><V117/><F113/><W70/><G55/><T63/><D61/><U98/><AGARI ba="2,1" hai="11,15,16,22,23,33,34,35,73,77,81,91,94,98" machi="98" ten="30,7900,0" yaku="1,1,0,1,54,1,53,1" doraHai="80" doraHaiUra="86" who="1" fromWho="1" sc="178,-22,143,95,412,-22,257,-41" />
</Scene>
<Scene>
<INIT seed="4,0,0,2,1,49" ten="156,238,390,216" oya="0" hai0="111,134,104,22,30,92,50,12,65,13,4,61,110" hai1="24,69,23,68,94,39,31,117,16,102,11,58,118" hai2="131,7,116,18,17,97,62,89,26,21,91,133,64" hai3="96,34,2,76,121,101,112,51,109,70,132,82,83"/><T120/><D104/><U114/><E39/><V128/><F7/><W85/><G109/><N who="0" m="41483" /><D120/><U0/><E114/><V98/><F133/><W88/><G121/><T74/><D74/><U36/><E36/><V72/><F72/><W35/><G2/><T40/><D92/><U59/><E69/><N who="2" m="42135" /><F17/><W71/><G112/><T15/><D134/><U19/><E68/><V43/><F43/><W95/><G132/><T54/><D40/><U106/><E106/><V29/><F29/><W129/><G129/><N who="2" m="49737" /><F116/><W5/><G5/><T27/><D4/><U56/><E31/><V123/><F123/><W60/><G70/><N who="0" m="42287" /><D15/><U100/><E100/><V79/><F79/><W130/><G130/><T80/><D80/><U113/><E113/><V45/><F45/><AGARI ba="0,0" hai="12,13,22,27,30,45,50,54" m="42287,41483" machi="45" ten="30,2900,0" yaku="10,1,52,1" doraHai="49" who="0" fromWho="2" sc="156,29,238,0,390,-29,216,0" />
</Scene>
<Scene>
<INIT seed="4,1,0,2,5,120" ten="185,238,361,216" oya="0" hai0="8,61,60,43,46,113,42,58,38,6,59,24,36" hai1="62,26,115,22,131,35,12,98,39,79,101,102,31" hai2="121,14,13,9,10,44,49,2,122,47,133,81,117" hai3="78,100,110,25,107,92,53,68,83,95,63,64,67"/><T73/><D73/><U5/><E39/><N who="0" m="14889" /><D24/><U3/><E131/><V75/><F133/><W108/><G64/><N who="0" m="38935" /><D8/><N who="1" m="2111" /><E115/><V91/><F117/><W54/><G95/><T135/><D6/><U37/><E37/><V29/><F29/><W51/><G92/><T7/><D7/><U119/><E62/><V65/><F65/><W111/><G51/><N who="0" m="27095" /><D113/><U27/><E79/><V15/><F2/><W118/><G118/><T114/><D114/><U86/><E119/><V123/><F75/><W93/><G93/><T28/><D28/><U94/><E86/><V84/><F10/><W69/><G25/><T132/><D43/><U66/><E27/><V125/><F9/><W129/><G129/><T11/><D11/><U18/><E102/><V32/><F32/><W126/><G100/><T50/><D50/><U85/><E85/><V71/><F49/><W103/><G103/><T90/><D90/><U74/><E74/><V116/><F116/><W104/><G104/><T45/><D45/><U34/><E35/><V21/><F21/><W70/><G107/><T99/><D99/><U56/><E101/><V76/><F76/><W97/><G97/><T109/><D109/><U106/><E106/><V16/><F47/><W20/><G20/><T55/><AGARI ba="1,0" hai="55,59,61,132,135" m="27095,38935,14889" machi="55" ten="30,3000,0" yaku="34,2" doraHai="120" who="0" fromWho="0" sc="185,33,238,-11,361,-11,216,-11" />
</Scene>
<Scene>
<INIT seed="4,2,0,0,2,77" ten="218,227,350,205" oya="0" hai0="3,93,60,54,32,9,130,112,78,39,59,70,131" hai1="104,36,58,71,15,91,33,6,111,46,73,76,129" hai2="92,114,82,23,53,89,57,38,68,110,11,19,79" hai3="94,86,44,0,64,8,40,18,85,56,22,42,134"/><T127/><D32/><U132/><E111/><V63/><F110/><W26/><G134/><T41/><D93/><U14/><E71/><V34/><F34/><W24/><G24/><T125/><D9/><U69/><E69/><V13/><F38/><W96/><G0/><T90/><D90/><U17/><E33/><V67/><F114/><W84/><G8/><T74/><D3/><U106/><E6/><V10/><F92/><W117/><G117/><T81/><D112/><U135/><E58/><V29/><F29/><W1/><G1/><T101/><D101/><U51/><E36/><V97/><F97/><W2/><G2/><T20/><D70/><U122/><E91/><V49/><F89/><N who="3" m="55375" /><G44/><N who="0" m="23615" /><D20/><U102/><E15/><V100/><F100/><W109/><G109/><T133/><D133/><N who="1" m="51275" /><E122/><V72/><AGARI ba="2,0" hai="10,11,13,19,23,49,53,57,63,67,68,72,79,82" machi="72" ten="20,2700,0" yaku="0,1,7,1,52,1" doraHai="77" who="2" fromWho="2" sc="218,-15,227,-9,350,33,205,-9" />
</Scene>
<Scene>
<INIT seed="5,0,0,0,3,94" ten="203,218,383,196" oya="1" hai0="4,27,23,29,99,34,30,97,15,50,130,42,35" hai1="51,13,3,41,89,93,109,60,33,24,38,129,87" hai2="117,31,70,10,45,22,86,20,11,125,81,114,126" hai3="91,71,43,85,21,61,32,56,84,118,19,106,102"/><U49/><E129/><V100/><F70/><W75/><G32/><T131/><D42/><U6/><E3/><V134/><F117/><W116/><G71/><T57/><D4/><U88/><E109/><V54/><F134/><W1/><G1/><T128/><D15/><U107/><E107/><V46/><F100/><W48/><G75/><T26/><D23/><U96/><E38/><V132/><F132/><W5/><G5/><T90/><D90/><U120/><E120/><V122/><F122/><W14/><G43/><T9/><D9/><N who="1" m="4279" /><E33/><V69/><F69/><W68/><G68/><T2/><D2/><U82/><E24/><V12/><F114/><W83/><G48/><N who="1" m="18506" /><E41/><V119/><F119/><W28/><G28/><T74/><D74/><U101/><E60/><V79/><F54/><AGARI ba="0,0" hai="26,27,29,30,34,35,50,54,57,97,99,128,130,131" machi="54" ten="40,8000,1" yaku="9,1,19,1,52,2" doraHai="94" who="0" fromWho="2" sc="203,80,218,0,383,-80,196,0" />
</Scene>
<Scene>
<INIT seed="6,0,0,1,3,120" ten="283,218,303,196" oya="2" hai0="61,84,131,36,21,98,85,24,54,100,134,19,55" hai1="63,32,16,99,53,25,20,62,90,14,81,126,76" hai2="73,129,6,23,71,132,30,114,5,95,57,46,58" hai3="37,80,97,0,88,8,106,34,69,116,77,72,42"/><V33/><F71/><W127/><G116/><T107/><D36/><U89/><E126/><V75/><F33/><W135/><G127/><T41/><D41/><U44/><E99/><V45/><F114/><W70/><G135/><T59/><D134/><U39/><E39/><V22/><F132/><W68/><G34/><T110/><D131/><U50/><E63/><V92/><REACH who="2" step="1"/><F30/><REACH who="2" ten="283,218,293,196" step="2"/><W35/><G35/><T115/><D115/><U102/><E102/><V65/><F65/><W15/><G68/><T87/><D110/><U47/><E32/><V11/><F11/><W67/><G67/><T113/><D113/><U91/><E25/><V64/><F64/><W74/><G69/><T12/><D24/><U133/><E133/><V82/><F82/><W119/><G70/><T43/><D43/><U29/><E29/><V10/><F10/><W4/><G42/><T1/><D55/><U40/><E40/><V2/><F2/><W78/><G37/><T27/><D1/><U49/><E53/><V112/><F112/><W86/><G0/><T83/><D27/><U111/><E111/><V60/><F60/><W96/><G119/><T130/><D130/><AGARI ba="0,1" hai="5,6,22,23,45,46,57,58,73,75,92,95,129,130" machi="130" ten="25,4800,0" yaku="1,1,22,2,53,0" doraHai="120" doraHaiUra="103" who="2" fromWho="0" sc="283,-48,218,0,293,58,196,0" />
</Scene>
<Scene>
<INIT seed="6,1,0,5,1,104" ten="235,218,351,196" oya="2" hai0="8,55,35,67,50,112,72,37,42,57,46,124,125" hai1="91,99,12,95,48,18,127,54,7,27,120,9,24" hai2="25,108,52,82,73,59,11,15,92,129,113,102,34" hai3="60,130,71,76,80,96,117,63,43,98,44,5,41"/><V119/><F119/><W64/><G117/><T100/><D35/><U33/><E127/><N who="0" m="48713" /><D100/><U88/><E120/><V28/><F113/><W94/><G130/><T36/><D8/><U66/><E66/><V132/><F132/><W21/><G5/><T4/><D4/><U103/><E27/><V2/><F2/><W106/><G106/><T17/><D17/><U3/><E33/><V118/><F118/><W105/><G105/><T10/><D10/><U53/><E24/><V79/><F129/><W38/><G94/><T131/><D131/><U134/><E134/><V39/><F39/><W123/><G123/><T107/><D107/><U1/><E1/><V133/><F133/><W45/><G63/><N who="0" m="38383" /><D72/><U13/><E3/><V115/><F115/><W75/><REACH who="3" step="1"/><G21/><REACH who="3" ten="235,218,351,186" step="2"/><T74/><D112/><U84/><E84/><V56/><F92/><W29/><G29/><T19/><D19/><U85/><E85/><V109/><F28/><W70/><G70/><T86/><D74/><U68/><E68/><V30/><F73/><W31/><G31/><T135/><D135/><U49/><E49/><AGARI ba="1,1" hai="38,41,43,44,45,49,60,64,71,75,76,80,96,98" machi="49" ten="30,3900,0" yaku="1,1,7,1,52,1,53,0" doraHai="104" doraHaiUra="114" who="3" fromWho="1" sc="235,0,218,-42,351,0,186,52" />
</Scene>
<Scene>
<INIT seed="7,0,0,4,5,70" ten="235,176,351,238" oya="3" hai0="116,110,104,101,6,123,28,89,16,71,10,130,119" hai1="128,54,18,15,75,127,134,112,65,96,8,55,69" hai2="1,43,91,82,113,111,37,51,67,4,42,63,39" hai3="102,83,7,79,60,53,33,50,98,32,80,76,107"/><W46/><G7/><T117/><D123/><U21/><E112/><V49/><F4/><W27/><G60/><T84/><D71/><U64/><E127/><V31/><F1/><W47/><G47/><T58/><D110/><U24/><E134/><V109/><F31/><W48/><G48/><N who="2" m="18505" /><F91/><W126/><G126/><T11/><D58/><U5/><E128/><V121/><F82/><W132/><G132/><T22/><D28/><U34/><E75/><V20/><F20/><W94/><G107/><T56/><D56/><U2/><E96/><V74/><F74/><W131/><G131/><T61/><D61/><U92/><E92/><V41/><F113/><W26/><G33/><T122/><D122/><U30/><REACH who="1" step="1"/><E69/><REACH who="1" ten="235,166,351,238" step="2"/><V90/><F121/><W85/><G32/><T19/><D130/><U44/><E44/><V95/><F111/><W125/><G125/><T108/><D108/><U52/><AGARI ba="0,1" hai="2,5,8,15,18,21,24,30,34,52,54,55,64,65" machi="52" ten="30,8000,1" yaku="1,1,0,1,24,2,54,1,53,0" doraHai="70" doraHaiUra="73" who="1" fromWho="1" sc="235,-20,166,90,351,-20,238,-40" owari="215,-18.0,256,6.0,331,42.0,198,-30.0" />
</Scene>
</mjloggm>