<mjloggm ver="2.3"><GO type="169" lobby="0"/><UN n0="%41%53%41%50%49%4E" n1="%E3%83%95%E3%83%AA%E3%83%86%E3%83%B3" n2="%E6%9C%88%E9%95%B7%E7%9F%B3" n3="%E3%81%B2%E3%81%A3%E3%81%B4%E3%81%93%E3%82%93" dan="18,16,16,16" rate="2193,2087,2116,2068" sx="M,M,M,M"/><TAIKYOKU oya="0"/>

<Scene>
<INIT seed="0,0,0,1,5,123" ten="250,250,250,250" oya="0" hai0="115,4,85,88,25,15,126,122,96,49,45,58,127" hai1="93,81,70,43,110,42,69,7,24,0,14,101,104" hai2="75,99,90,32,40,114,8,13,66,130,61,87,37" hai3="97,60,64,39,71,128,20,38,29,107,59,31,79"/><T124/><D122/><U120/><E14/><V78/><F75/><W34/><G79/><T19/><D115/><U80/><E93/><V135/><F32/><W63/><G29/><T18/><D96/><U36/><E24/><V57/><F130/><W129/><G20/><T89/><D58/><U134/><E120/><V94/><F135/><W9/><G9/><N who="0" m="4519" /><D25/><U17/><E101/><V27/><F114/><W5/><G5/><T73/><D73/><U117/><E104/><V74/><F27/><N who="3" m="18815" /><G59/><T12/><D12/><U33/><E69/><V111/><F111/><W54/><G54/><N who="0" m="29999" /><D89/><U3/><E110/><V102/><F74/><W116/><G63/><T95/><AGARI ba="0,0" hai="18,19,85,88,95,124,126,127" m="29999,4519" machi="95" ten="30,3000,0" yaku="18,1,54,1" doraHai="123" who="0" fromWho="0" sc="250,30,250,-10,250,-10,250,-10" />
</Scene>
<Scene>
<INIT seed="0,1,0,4,4,63" ten="280,240,240,240" oya="0" hai0="29,115,99,95,50,21,72,44,124,117,70,19,4" hai1="132,43,106,133,75,98,103,24,101,1,114,38,31" hai2="35,118,40,104,61,28,56,76,123,82,60,41,129" hai3="6,3,68,126,17,51,119,89,55,20,79,112,12"/><T120/><D115/><U37/><E114/><V39/><F104/><W67/><G112/><T22/><D117/><U9/><E75/><V18/><F123/><W80/><G119/><T113/><D113/><U135/><E101/><V49/><F118/><W0/><G126/><T36/><D120/><U30/><E43/><V91/><F39/><W100/><G89/><T66/><D36/><U127/><E31/><V121/><F121/><W93/><G93/><T54/><D124/><U13/><E127/><V87/><F129/><W81/><G100/><T47/><D72/><U53/><E53/><N who="2" m="31791" /><F28/><W27/><G81/><T8/><D47/><U84/><E84/><N who="2" m="48199" /><F35/><W78/><G78/><T108/><D108/><U97/><E97/><V131/><F131/><W32/><G32/><T134/><D134/><U48/><E48/><V23/><F41/><W128/><G128/><T42/><D29/><U122/><E122/><V58/><F58/><W64/><G68/><T130/><D42/><U92/><E1/><V105/><F105/><W102/><G102/><T73/><D73/><U111/><E106/><V46/><F46/><N who="3" m="28151" /><G3/><T15/><D130/><U107/><E111/><V10/><F10/><N who="3" m="4183" /><G0/><T94/><D70/><U109/><E107/><V88/><F40/><W71/><G71/><T69/><D69/><U2/><E2/><V96/><F96/><W116/><G116/><T52/><D99/><U25/><E109/><V110/><F110/><W62/><G62/><N who="2" m="24169" /><F87/><AGARI ba="1,0" hai="17,20,27,64,67,79,80,87" m="4183,28151" machi="87" ten="30,3900,0" yaku="8,1,52,2" doraHai="63" who="3" fromWho="2" sc="280,0,240,0,240,-42,240,42" />
</Scene>
<Scene>
<INIT seed="1,0,0,2,5,134" ten="280,240,198,282" oya="1" hai0="130,105,122,97,42,63,128,113,101,93,52,127,26" hai1="31,39,37,102,116,66,135,4,27,98,119,28,87" hai2="83,56,69,103,92,8,25,38,9,99,35,44,108" hai3="12,49,17,21,117,10,75,118,106,132,60,41,2"/><U11/><E135/><V65/><F69/><W109/><G132/><T90/><D113/><U73/><E73/><V104/><F108/><W24/><G109/><T124/><D122/><U133/><E133/><V77/><F104/><W36/><G106/><T64/><D42/><U14/><E31/><V67/><F67/><W96/><G36/><T13/><D13/><U3/><E66/><V68/><F68/><W121/><G96/><N who="0" m="57399" /><D26/><U62/><E62/><V110/><F110/><W79/><G121/><T111/><D111/><U112/><E87/><V70/><F70/><W80/><G2/><T57/><D64/><U74/><E74/><V51/><F38/><N who="1" m="14345" /><E14/><V125/><F65/><W100/><G100/><T47/><D47/><U114/><E98/><V95/><F99/><W59/><G49/><T129/><AGARI ba="0,0" hai="52,57,63,97,101,105,124,127,128,129,130" m="57399" machi="129" ten="40,8000,1" yaku="19,1,52,2,54,1" doraHai="134" who="0" fromWho="0" sc="280,80,240,-40,198,-20,282,-20" />
</Scene>
<Scene>
<INIT seed="2,0,0,4,5,100" ten="360,200,178,262" oya="2" hai0="38,39,28,34,130,102,97,60,103,45,78,25,47" hai1="18,21,68,8,65,69,26,58,7,36,115,81,44" hai2="135,12,1,30,91,66,121,43,75,131,70,126,59" hai3="10,82,22,73,52,133,23,93,17,101,83,123,37"/><V125/><F1/><W40/><G123/><T51/><D130/><U98/><E115/><V96/><F121/><W6/><G133/><T87/><D102/><U119/><E119/><V118/><F118/><W9/><G9/><T0/><D0/><U76/><E65/><V5/><F75/><W84/><G73/><T2/><D2/><U67/><E67/><V94/><F70/><W134/><G134/><T16/><D60/><U72/><E58/><V53/><F135/><W77/><G83/><T104/><D47/><U105/><E98/><V41/><F66/><W110/><G110/><T27/><D87/><U128/><E128/><V29/><F131/><W20/><G10/><T63/><D63/><U80/><E80/><V111/><F111/><W114/><G6/><T106/><D78/><U124/><E124/><N who="2" m="47723" /><F12/><W3/><G3/><T24/><D106/><U129/><E105/><V117/><F5/><W113/><G40/><N who="2" m="15433" /><F117/><W15/><G37/><T32/><D24/><U85/><E72/><V88/><F91/><W116/><G116/><T71/><D71/><N who="1" m="27211" /><E129/><V56/><F56/><W89/><G89/><T90/><D90/><U107/><E107/><V49/><AGARI ba="0,0" hai="29,30,49,53,59,88,94,96" m="15433,47723" machi="49" ten="30,3000,0" yaku="18,1,54,1" doraHai="100" who="2" fromWho="2" sc="360,-10,200,-10,178,30,262,-10" />
</Scene>
<Scene>
<INIT seed="2,1,0,4,0,107" ten="350,190,208,252" oya="2" hai0="74,26,47,124,72,43,51,18,63,127,4,113,21" hai1="78,49,38,117,104,22,121,134,110,54,131,46,118" hai2="65,76,17,5,25,58,27,98,87,79,29,71,108" hai3="85,12,60,62,97,30,96,31,116,102,80,23,9"/><V13/><F108/><W15/><G116/><N who="1" m="44650" /><E78/><V56/><F71/><W111/><G111/><T126/><D113/><U48/><E104/><V133/><F133/><W100/><G23/><T106/><D106/><U53/><E22/><N who="2" m="15607" /><F5/><W57/><G57/><N who="2" m="22121" /><F65/><W3/><G3/><T88/><D63/><U119/><E110/><V81/><F25/><W75/><G85/><T45/><D4/><U41/><N who="1" m="44658" /><U123/><DORA hai="82" /><E134/><V115/><F115/><W83/><REACH who="3" step="1"/><G9/><REACH who="3" ten="350,190,208,242" step="2"/><T61/><D124/><U120/><E131/><V36/><F36/><W55/><G55/><AGARI ba="1,1" hai="38,41,46,48,49,53,54,55,120,121,123" m="44658" machi="55" ten="50,6400,0" yaku="13,1,34,2" doraHai="107,82" who="1" fromWho="3" sc="350,0,190,77,208,0,242,-67" />
</Scene>
<Scene>
<INIT seed="3,0,0,0,2,41" ten="350,267,208,175" oya="3" hai0="52,37,28,126,18,20,55,72,86,38,1,118,101" hai1="95,24,94,73,89,53,5,25,15,30,97,127,107" hai2="79,43,77,87,23,99,82,100,103,14,46,115,128" hai3="0,123,81,96,104,8,16,61,68,44,33,50,22"/><W62/><G123/><T17/><D118/><U110/><E110/><V78/><F128/><W63/><G33/><T45/><D72/><U134/><E73/><V114/><F103/><W84/><G68/><T92/><D1/><U125/><E107/><V105/><F14/><W49/><G49/><T47/><D126/><N who="1" m="48139" /><E134/><V65/><F65/><W19/><G104/><T39/><D28/><U36/><E36/><V7/><F23/><W21/><G96/><T56/><D101/><N who="1" m="60599" /><E53/><V51/><REACH who="2" step="1"/><F7/><REACH who="2" ten="350,267,198,175" step="2"/><W11/><G0/><T48/><D20/><N who="3" m="7785" /><G11/><T67/><D67/><U98/><E30/><V74/><F74/><W69/><G8/><AGARI ba="0,1" hai="5,8,15,24,25,89,95,98" m="60599,48139" machi="8" ten="30,1000,0" yaku="18,1" doraHai="41" who="1" fromWho="3" sc="350,0,267,20,198,0,175,-10" />
</Scene>
<Scene>
<INIT seed="4,0,0,0,2,83" ten="350,287,198,165" oya="0" hai0="125,14,15,120,47,109,134,36,60,87,9,38,103" hai1="80,54,42,5,48,126,105,20,32,98,86,35,58" hai2="112,111,82,33,31,50,90,85,118,44,28,93,45" hai3="8,26,121,7,75,24,88,57,108,11,106,16,51"/><T63/><D120/><U17/><E126/><V119/><F111/><W22/><G108/><T107/><D109/><U132/><E5/><V131/><F131/><W102/><G121/><T10/><D125/><U59/><E132/><V110/><F110/><W117/><G75/><T43/><D134/><U56/><E42/><V135/><F135/><W67/><G117/><N who="2" m="44553" /><F112/><W0/><G11/><T104/><D43/><U79/><E105/><V53/><F33/><W66/><G26/><T91/><D91/><U13/><REACH who="1" step="1"/><E98/><REACH who="1" ten="350,277,198,165" step="2"/><N who="2" m="57655" /><F45/><AGARI ba="0,1" hai="13,17,20,32,35,45,48,54,56,58,59,79,80,86" machi="45" ten="40,2600,0" yaku="1,1,52,1,53,0" doraHai="83" doraHaiUra="101" who="1" fromWho="2" sc="350,0,277,36,198,-26,165,0" />
</Scene>
<Scene>
<INIT seed="5,0,0,2,3,33" ten="350,313,172,165" oya="1" hai0="87,50,107,20,7,118,102,6,57,85,81,61,78" hai1="68,21,27,32,119,89,19,16,82,5,55,63,96" hai2="106,29,30,34,133,135,18,86,99,83,59,13,58" hai3="123,129,36,90,69,120,124,109,23,71,8,35,67"/><U104/><E119/><V88/><F34/><W42/><G35/><T41/><D118/><U91/><E32/><V43/><F43/><W44/><G23/><T131/><D131/><U47/><E68/><V128/><F128/><W70/><G90/><N who="1" m="34314" /><E104/><V126/><F126/><W93/><G93/><T60/><D107/><U76/><E96/><V125/><F125/><W49/><G124/><T72/><D102/><U117/><E5/><V113/><F113/><W94/><G94/><T54/><D72/><U52/><E117/><V100/><F30/><W26/><G26/><T40/><D85/><N who="1" m="48327" /><E63/><N who="0" m="24137" /><D6/><U39/><E39/><V64/><F29/><W9/><G129/><T62/><D7/><U134/><E134/><N who="2" m="51211" /><F64/><W31/><G67/><N who="0" m="39375" /><D20/><AGARI ba="0,0" hai="13,18,20,58,59,83,86,88,99,100,106" m="51211" machi="20" ten="30,2000,0" yaku="20,1,54,1" doraHai="33" who="2" fromWho="0" sc="350,-20,313,0,172,20,165,0" />
</Scene>
<Scene>
<INIT seed="6,0,0,4,2,118" ten="330,313,192,165" oya="2" hai0="117,7,9,1,90,99,68,13,45,133,130,72,89" hai1="39,44,35,49,101,123,104,86,94,69,26,6,108" hai2="83,80,97,58,21,38,115,70,111,17,59,96,82" hai3="5,3,57,132,14,75,20,135,114,134,16,34,85"/><V62/><F38/><W19/><G75/><T43/><D117/><U88/><E108/><V31/><F111/><W29/><G57/><T11/><D68/><U120/><E69/><V40/><F40/><W103/><G85/><T79/><D130/><U46/><E6/><V129/><F129/><W54/><G54/><T41/><D41/><U74/><E74/><V107/><F31/><W122/><G103/><T131/><D133/><U116/><E116/><V66/><F115/><W28/><G114/><T15/><D99/><N who="1" m="61503" /><E39/><V51/><F107/><W67/><G67/><T65/><D65/><U78/><E78/><V81/><N who="2" m="20480" /><DORA hai="71" /><V22/><F22/><W87/><G87/><T10/><D79/><U24/><E35/><V60/><F70/><W113/><G113/><T23/><D72/><U92/><E94/><V76/><F76/><W48/><G48/><T27/><D131/><U98/><E98/><V4/><F4/><W84/><G84/><T110/><D110/><U125/><E125/><V91/><F91/><W95/><G95/><T77/><D77/><U56/><E56/><V105/><F51/><W33/><G19/><N who="0" m="8639" /><D45/><N who="1" m="17515" /><E49/><V102/><F102/><W2/><G2/><T42/><D43/><U106/><E106/><V112/><F112/><W30/><REACH who="3" step="1"/><G122/><AGARI ba="0,0" hai="24,26,86,88,92,120,122,123" m="17515,61503" machi="122" ten="30,8000,1" yaku="13,1,52,3,54,1" doraHai="118,71" who="1" fromWho="3" sc="330,0,313,80,192,0,165,-80" />
</Scene>
<Scene>
<INIT seed="7,0,0,5,2,3" ten="330,393,192,85" oya="3" hai0="103,67,101,119,46,45,133,27,115,80,38,14,117" hai1="21,47,102,129,20,5,26,94,91,53,12,95,22" hai2="2,35,16,114,79,40,99,131,0,87,108,85,77" hai3="52,7,110,130,75,9,56,90,86,105,6,69,54"/><W83/><G69/><T76/><D133/><U1/><E1/><V125/><F35/><W106/><G110/><T65/><D27/><U120/><E120/><V33/><F33/><W41/><G130/><T25/><D25/><U123/><E123/><V24/><F24/><W72/><G41/><T61/><D115/><U42/><E129/><V19/><F114/><W127/><G127/><T59/><D38/><U100/><E26/><V84/><F99/><W50/><G75/><T112/><D112/><U135/><E135/><V96/><F96/><W13/><G72/><T39/><D39/><U124/><E124/><V116/><F40/><W48/><REACH who="3" step="1"/><G7/><REACH who="3" ten="330,393,192,75" step="2"/><T74/><D74/><U10/><E42/><V37/><F108/><W122/><G122/><T81/><D117/><U82/><E100/><V73/><F116/><W111/><G111/><T66/><D119/><U107/><E102/><V30/><F73/><W134/><G134/><T44/><D101/><U63/><E107/><V92/><F125/><W43/><G43/><T60/><D103/><U78/><E5/><V89/><F37/><W49/><G49/><T36/><D36/><U126/><E126/><V34/><F131/><W118/><G118/><T68/><D68/><U121/><E121/><V28/><F34/><W57/><AGARI ba="0,1" hai="6,9,13,48,50,52,54,56,57,83,86,90,105,106" machi="57" ten="20,18000,2" yaku="1,1,0,1,7,1,9,1,52,1,54,1,53,0" doraHai="3" doraHaiUra="15" who="3" fromWho="3" sc="330,-60,393,-60,192,-60,75,190" />
</Scene>
<Scene>
<INIT seed="7,1,0,3,5,10" ten="270,333,132,265" oya="3" hai0="16,77,91,56,78,101,52,115,108,48,103,2,53" hai1="0,97,106,55,69,64,46,31,51,32,124,26,89" hai2="135,23,94,120,126,74,63,62,50,17,92,60,131" hai3="38,127,30,49,24,84,67,11,98,133,134,128,45"/><W27/><G38/><T82/><D108/><U5/><E124/><V76/><F120/><W72/><G72/><T3/><D115/><U112/><E112/><V22/><F126/><W33/><G127/><T25/><D3/><U87/><E5/><V13/><F131/><W7/><G128/><T102/><D2/><U95/><E0/><V47/><F135/><N who="3" m="51723" /><G27/><T20/><D53/><U59/><E69/><V73/><F73/><W118/><G98/><T44/><D44/><U110/><E110/><V40/><F74/><W99/><G99/><T132/><D132/><U117/><E117/><V75/><F75/><W54/><G67/><T4/><D4/><U19/><E19/><V35/><F35/><W34/><G34/><T130/><D130/><U121/><E121/><V1/><F1/><N who="3" m="495" /><G84/><AGARI ba="1,0" hai="16,20,25,48,52,56,77,78,82,84,91,101,102,103" machi="84" ten="40,5200,0" yaku="8,1,54,2" doraHai="10" who="0" fromWho="3" sc="270,55,333,0,132,0,265,-55" owari="325,13.0,333,43.0,132,-37.0,210,-19.0" />
</Scene>
</mjloggm>