<mjloggm ver="2.3"><GO type="169" lobby="0"/><UN n0="%E5%AF%9B%E3%83%94%E3%82%A8%E3%83%AD" n1="%E3%82%A4%E3%82%BA%E3%83%9F%E3%83%B3" n2="%E3%83%8C%E3%83%A1%E3%83%AA%E3%83%83%E3%82%AF" n3="%41%53%41%50%49%4E" dan="16,16,16,19" rate="2059.42,2056.62,2041.05,2243.56" sx="M,M,M,M"/><TAIKYOKU oya="0"/>

<Scene>
<INIT seed="0,0,0,1,0,42" ten="250,250,250,250" oya="0" hai0="68,90,94,44,12,111,25,11,107,89,35,4,115" hai1="69,34,61,73,62,79,134,110,53,100,106,130,67" hai2="81,123,82,57,48,95,129,22,2,109,17,84,52" hai3="92,77,125,101,103,119,102,45,26,96,32,99,124"/><T40/><D107/><U117/><E117/><V50/><F123/><W18/><G119/><T65/><D115/><U70/><E34/><V88/><F2/><W46/><G77/><T30/><D111/><U49/><E110/><V55/><F109/><W63/><G63/><T1/><D1/><U5/><E5/><V121/><F129/><W56/><G56/><T83/><D83/><U76/><E130/><V16/><F121/><W87/><G87/><T47/><D40/><U97/><E134/><V51/><F51/><W3/><G3/><T29/><D29/><U0/><E0/><V104/><F104/><W66/><G66/><T10/><D10/><U78/><E62/><V9/><F9/><W116/><G116/><T39/><D39/><U21/><E21/><V7/><F7/><W132/><G132/><T24/><D24/><U113/><E113/><V23/><F23/><N who="3" m="13687" /><G32/><T133/><D133/><U122/><E122/><V72/><F72/><W27/><G27/><T33/><D33/><U80/><REACH who="1" step="1"/><E70/><REACH who="1" ten="250,240,250,250" step="2"/><V135/><F135/><W64/><G124/><T43/><D68/><U58/><AGARI ba="0,1" hai="49,53,58,61,67,69,73,76,78,79,80,97,100,106" machi="58" ten="20,8000,1" yaku="1,1,2,1,0,1,7,1,53,1" doraHai="42" doraHaiUra="59" who="1" fromWho="1" sc="250,-40,240,90,250,-20,250,-20" />
</Scene>
<Scene>
<INIT seed="1,0,0,5,5,121" ten="210,330,230,230" oya="1" hai0="131,18,46,111,55,92,130,61,119,51,17,54,22" hai1="0,20,110,8,14,69,38,39,108,87,112,113,75" hai2="65,79,63,96,1,44,43,99,76,7,42,49,68" hai3="128,47,81,57,48,34,84,9,58,82,77,126,124"/><U33/><E75/><V40/><F1/><W26/><G128/><N who="0" m="49195" /><D119/><U100/><E100/><V2/><F2/><W24/><G9/><T59/><D111/><N who="1" m="42539" /><E69/><V83/><F7/><W45/><G34/><T25/><D92/><U104/><E104/><V10/><F10/><W123/><G123/><T93/><D93/><U89/><E33/><V67/><F67/><W29/><G29/><AGARI ba="0,0" hai="17,18,22,25,29,46,51,54,55,59,61" m="49195" machi="29" ten="30,1000,0" yaku="19,1" doraHai="121" who="0" fromWho="3" sc="210,10,330,0,230,0,230,-10" />
</Scene>
<Scene>
<INIT seed="2,0,0,3,0,38" ten="220,330,230,220" oya="2" hai0="78,79,11,52,66,96,15,31,22,12,106,50,16" hai1="90,18,23,47,108,102,4,40,34,70,42,63,67" hai2="30,6,13,97,86,62,125,91,69,54,29,87,55" hai3="41,117,46,134,7,85,100,116,98,57,121,76,105"/><V80/><F125/><W37/><G121/><T26/><D66/><U75/><E75/><V59/><F69/><W112/><G134/><T122/><D122/><U5/><E34/><V43/><F97/><W71/><G71/><T0/><D0/><U28/><E28/><V61/><F43/><W130/><G130/><T94/><D106/><U25/><E102/><V14/><F87/><W44/><G112/><T101/><D15/><N who="2" m="5642" /><F6/><W95/><G7/><T20/><D11/><U32/><E32/><V45/><F45/><AGARI ba="0,0" hai="12,16,20,22,26,31,45,50,52,78,79,94,96,101" machi="45" ten="30,7700,0" yaku="7,1,8,1,54,2" doraHai="38" who="0" fromWho="2" sc="220,77,330,0,230,-77,220,0" />
</Scene>
<Scene>
<INIT seed="3,0,0,1,0,92" ten="297,330,153,220" oya="3" hai0="103,52,14,98,54,38,25,90,70,105,34,128,113" hai1="101,60,7,19,57,40,77,81,110,22,45,56,37" hai2="135,28,41,44,31,73,48,99,122,12,85,50,33" hai3="42,86,49,27,104,9,82,55,96,107,17,4,84"/><W79/><G42/><T5/><D38/><U0/><E110/><V116/><F116/><W111/><G111/><T21/><D70/><U134/><E101/><V89/><F73/><W95/><G84/><T24/><D113/><U87/><E134/><V35/><F135/><W11/><G17/><T125/><D125/><U63/><E7/><V58/><F122/><W8/><G27/><T62/><D128/><U132/><E132/><V61/><F50/><W94/><G94/><T114/><D114/><U83/><E0/><V100/><F33/><W16/><G4/><T15/><D90/><U67/><E81/><V47/><F47/><W53/><G16/><T71/><D71/><U46/><E46/><V118/><F118/><W23/><G23/><T123/><D123/><U51/><E37/><V36/><F36/><W68/><G68/><T32/><D32/><U78/><E78/><V1/><F1/><W93/><G93/><T131/><D131/><U80/><E80/><V115/><F115/><W130/><G130/><T91/><D34/><U102/><E102/><V10/><F35/><W109/><G109/><T127/><D5/><U119/><E119/><V74/><F74/><W76/><G76/><T30/><D24/><N who="1" m="14431" /><E67/><V6/><F85/><W126/><G126/><T88/><D127/><U129/><E129/><V124/><F124/><W64/><G64/><T59/><REACH who="0" step="1"/><D54/><REACH who="0" ten="287,330,153,220" step="2"/><U120/><E120/><V2/><F89/><N who="3" m="55407" /><G55/><T121/><D121/><U97/><E77/><V65/><REACH who="2" step="1"/><F2/><REACH who="2" ten="287,330,143,220" step="2"/><W106/><G53/><T69/><D69/><U39/><E39/><V3/><F3/><RYUUKYOKU ba="0,2" sc="287,10,330,-30,143,10,220,10" hai0="14,15,21,25,30,52,59,62,88,91,98,103,105" hai2="6,10,12,28,31,41,44,48,58,61,65,99,100" hai3="8,9,11,49,79,82,86,104,106,107" />
</Scene>
<Scene>
<INIT seed="3,1,2,5,4,47" ten="297,300,153,230" oya="3" hai0="59,80,69,95,113,71,85,74,125,27,21,132,8" hai1="67,135,37,68,56,36,43,38,61,13,0,2,103" hai2="110,14,30,28,34,25,50,98,75,92,6,117,112" hai3="70,115,3,57,101,1,66,97,32,83,9,11,65"/><W127/><G115/><T119/><D113/><U45/><E135/><V91/><F112/><W72/><G32/><T41/><D119/><U33/><E33/><V79/><F117/><W39/><G39/><T133/><D125/><U15/><E103/><V18/><F6/><W88/><G70/><T62/><D41/><U31/><E31/><V104/><F110/><W17/><G127/><T107/><D107/><U42/><E15/><V124/><F124/><W49/><G72/><T52/><D8/><U19/><E68/><V86/><F30/><W53/><G9/><T81/><D74/><U54/><E67/><V105/><F75/><W118/><G118/><T96/><D81/><U89/><E89/><V51/><F79/><W114/><G114/><T123/><D123/><U35/><E35/><V128/><F128/><W106/><G17/><T22/><D22/><U44/><E38/><V48/><REACH who="2" step="1"/><F98/><REACH who="2" ten="297,300,143,230" step="2"/><W7/><REACH who="3" step="1"/><G1/><REACH who="3" ten="297,300,143,220" step="2"/><T60/><D132/><U120/><E120/><V93/><F93/><W24/><G24/><T40/><D133/><U126/><E126/><V73/><F73/><W77/><G77/><T111/><D27/><U26/><E26/><V108/><F108/><W129/><G129/><T16/><D111/><U5/><E5/><V109/><F109/><W84/><AGARI ba="1,4" hai="3,7,11,49,53,57,65,66,83,84,88,97,101,106" machi="84" ten="30,11700,0" yaku="1,1,0,1,52,1,54,1,53,0" doraHai="47" doraHaiUra="29" who="3" fromWho="3" sc="297,-40,300,-40,143,-40,220,160" />
</Scene>
<Scene>
<INIT seed="3,2,0,5,3,96" ten="257,260,103,380" oya="3" hai0="1,82,58,102,103,80,48,104,128,127,122,24,126" hai1="69,56,132,27,37,36,45,57,32,74,98,65,130" hai2="33,44,7,60,17,26,16,106,49,62,95,111,114" hai3="92,108,84,4,121,13,73,117,5,70,67,8,86"/><W79/><G117/><T119/><D119/><U20/><E74/><V14/><F114/><W31/><G121/><T55/><D1/><U93/><E32/><V131/><F106/><W9/><G108/><T75/><D122/><U87/><E132/><V123/><F123/><W110/><G110/><T46/><D104/><U38/><E87/><V83/><F111/><W112/><G112/><T15/><D128/><U100/><E130/><V125/><F131/><W0/><G31/><T78/><D82/><U12/><E12/><V43/><F125/><N who="0" m="47626" /><D24/><U94/><E94/><V120/><F120/><W134/><G134/><T41/><D15/><U10/><E10/><N who="2" m="4447" /><F33/><W85/><G73/><T19/><D19/><U66/><E45/><V116/><F116/><W118/><G118/><T76/><D76/><U109/><E109/><V52/><F83/><W61/><REACH who="3" step="1"/><G92/><REACH who="3" ten="257,260,103,370" step="2"/><T42/><D42/><U29/><REACH who="1" step="1"/><E69/><REACH who="1" ten="257,250,103,370" step="2"/><V50/><F95/><W63/><G63/><AGARI ba="2,2" hai="41,46,48,55,58,63,75,78,80,102,103" m="47626" machi="63" ten="30,3900,0" yaku="18,1,52,2" doraHai="96" who="0" fromWho="3" sc="257,65,250,0,103,0,370,-45" />
</Scene>
<Scene>
<INIT seed="4,0,0,4,5,31" ten="322,250,103,325" oya="0" hai0="119,35,113,43,5,17,26,7,128,28,92,132,34" hai1="39,25,103,74,12,120,87,107,121,6,16,66,130" hai2="61,83,52,65,59,73,49,40,9,101,116,13,106" hai3="122,91,47,102,109,117,112,42,22,71,75,67,72"/><T111/><D119/><U104/><E39/><V135/><F116/><W80/><G117/><T64/><D113/><U41/><E74/><V33/><F135/><W30/><G109/><T93/><D111/><U95/><E41/><V123/><F123/><W79/><G112/><T36/><D132/><U2/><E130/><V84/><F73/><W129/><G129/><T100/><D128/><U125/><E125/><V89/><F101/><W99/><G122/><T81/><D64/><U105/><E66/><V1/><F106/><W46/><G72/><T56/><D56/><U58/><E25/><V19/><F1/><W110/><G110/><T55/><D55/><U32/><E32/><V18/><F40/><W54/><G54/><T69/><D69/><U14/><E2/><V53/><F33/><W133/><G133/><T21/><D81/><U15/><E6/><V62/><F53/><W76/><G76/><T50/><D36/><U45/><E45/><V115/><F115/><W97/><G42/><T108/><D108/><U78/><E58/><N who="2" m="33039" /><F62/><W0/><G0/><T86/><D35/><U124/><E124/><V60/><F60/><N who="3" m="40423" /><G91/><T11/><D100/><U8/><E120/><V98/><F98/><N who="3" m="37387" /><G102/><T48/><D43/><U126/><E121/><V23/><F23/><W44/><G22/><T10/><D21/><U118/><E126/><V57/><F57/><W20/><G20/><T27/><D11/><U4/><E118/><V51/><F51/><W3/><G3/><T70/><D50/><U77/><E8/><V68/><F68/><W90/><G30/><N who="0" m="19799" /><D48/><U24/><E103/><RYUUKYOKU ba="0,0" sc="322,-15,250,-15,103,15,325,15" hai2="9,13,18,19,59,61,65,83,84,89" hai3="44,46,47,75,79,80,90" />
</Scene>
<Scene>
<INIT seed="5,1,0,5,5,43" ten="307,235,118,340" oya="1" hai0="70,27,42,93,100,106,26,55,16,8,89,121,41" hai1="92,96,52,39,15,123,32,60,38,40,28,81,95" hai2="101,12,35,72,82,33,99,103,45,50,47,57,11" hai3="44,118,73,122,88,10,64,104,77,115,48,7,30"/><U13/><E123/><V98/><F35/><W116/><G122/><T5/><D70/><U134/><E134/><V51/><F33/><W125/><G104/><T102/><D121/><U132/><E132/><V6/><F72/><W54/><G125/><T24/><D106/><U59/><E81/><V56/><F82/><N who="3" m="45359" /><G64/><T71/><D71/><U119/><E119/><N who="3" m="45610" /><G30/><T4/><D55/><U126/><E126/><V29/><F29/><W23/><G23/><T128/><D128/><U17/><E92/><V69/><F69/><W84/><G115/><T120/><D120/><U20/><E13/><V37/><F37/><W133/><G133/><T31/><D31/><U112/><E112/><V79/><F79/><W18/><G18/><T80/><D16/><U114/><E114/><V75/><F75/><W85/><G88/><T61/><D8/><U14/><E14/><AGARI ba="1,0" hai="7,10,14,44,48,54,84,85" m="45610,45359" machi="14" ten="30,2000,0" yaku="12,1,52,1" doraHai="43" who="3" fromWho="1" sc="307,0,235,-23,118,0,340,23" />
</Scene>
<Scene>
<INIT seed="6,0,0,5,5,34" ten="307,212,118,363" oya="2" hai0="104,80,75,94,38,114,58,74,33,118,64,117,126" hai1="101,35,55,131,44,60,99,24,92,122,13,3,15" hai2="54,120,133,81,18,52,121,111,91,77,96,4,103" hai3="42,108,2,125,82,85,16,127,48,73,40,59,21"/><V113/><F113/><W100/><G108/><T50/><D104/><U72/><E72/><V57/><F111/><W90/><G73/><T43/><D33/><U116/><E116/><V112/><F112/><W110/><G110/><T115/><D38/><U79/><E79/><V20/><F133/><W26/><G100/><T71/><D71/><U41/><E122/><V53/><F4/><W68/><G68/><T29/><D29/><U105/><E3/><V46/><F46/><W8/><G59/><T63/><D126/><N who="3" m="48137" /><G48/><T119/><D94/><U132/><E92/><V10/><F10/><W9/><G9/><T61/><D61/><U19/><E132/><V1/><F1/><W27/><G26/><T66/><D66/><U76/><E76/><V62/><F91/><W78/><G78/><N who="0" m="44127" /><D74/><U28/><E131/><V30/><F30/><W97/><G97/><T51/><D51/><U106/><E105/><V95/><F121/><W37/><G37/><T123/><D123/><U12/><E55/><V134/><F120/><W69/><G69/><T49/><D49/><U45/><E60/><V36/><F36/><W98/><G98/><T109/><D109/><U87/><E44/><AGARI ba="0,0" hai="43,44,50,58,63,64,114,115,117,118,119" m="44127" machi="44" ten="40,1300,0" yaku="12,1" doraHai="34" who="0" fromWho="1" sc="307,13,212,-13,118,0,363,0" />
</Scene>
<Scene>
<INIT seed="7,0,0,0,2,66" ten="320,199,118,363" oya="3" hai0="13,108,30,103,46,33,35,73,18,31,8,82,104" hai1="81,21,22,51,28,115,107,89,110,52,131,19,105" hai2="20,130,39,92,9,43,75,124,17,88,128,94,100" hai3="62,129,42,7,4,59,26,77,65,5,56,127,101"/><W2/><G129/><T44/><D108/><U15/><E131/><V122/><F122/><W102/><G127/><T76/><D103/><N who="3" m="39433" /><G2/><T98/><D98/><U1/><E1/><V125/><F43/><W111/><G111/><T32/><D104/><U27/><E110/><V47/><F47/><W135/><G135/><T71/><D71/><U6/><E6/><V117/><F39/><W38/><G38/><T87/><D46/><U85/><E115/><V14/><F117/><W0/><G0/><T93/><D93/><U11/><REACH who="1" step="1"/><E22/><REACH who="1" ten="320,189,118,363" step="2"/><V133/><F75/><W96/><G4/><T83/><D73/><U45/><AGARI ba="0,1" hai="11,15,19,21,27,28,45,51,52,81,85,89,105,107" machi="45" ten="20,12000,2" yaku="1,1,2,1,0,1,7,1,25,2,54,1,53,0" doraHai="66" doraHaiUra="90" who="1" fromWho="1" sc="320,-30,189,130,118,-30,363,-60" owari="290,-11.0,319,42.0,88,-41.0,303,10.0" />
</Scene>
</mjloggm>