<mjloggm ver="2.3"><GO type="169"/><UN n0="%E3%81%B5%E3%81%8B%E3%81%BF" n1="%4E%69%65%6C" n2="%41%53%41%50%49%4E" n3="%E2%84%83%2D%75%74%65" dan="17,16,19,17" rate="2123,2017,2261,2153" sx="F,M,M,M"/><TAIKYOKU oya="0"/>

<Scene>
<INIT seed="0,0,0,1,2,46" ten="250,250,250,250" oya="0" hai0="135,35,72,41,17,64,115,66,90,68,36,33,75" hai1="54,63,125,76,1,118,65,59,47,95,23,81,58" hai2="102,120,49,87,117,80,113,27,48,94,105,28,52" hai3="103,2,29,31,71,110,83,98,8,124,116,70,3"/><T20/><D115/><U78/><E118/><V82/><F113/><W111/><G116/><T119/><D119/><U122/><E1/><V42/><F117/><W69/><G83/><T133/><D36/><U77/><E125/><V25/><F120/><W57/><G124/><T32/><D41/><U7/><E7/><V134/><F134/><N who="0" m="51210" /><D90/><U0/><E0/><V44/><F105/><W128/><G128/><T9/><D9/><U73/><E122/><V132/><F132/><W40/><G40/><T88/><D88/><U74/><E95/><V79/><F80/><W97/><G57/><T123/><D123/><U114/><E114/><V18/><F18/><W10/><REACH who="3" step="1"/><G70/><REACH who="3" ten="250,250,250,240" step="2"/><T131/><D131/><U5/><E47/><N who="2" m="25719" /><F28/><W89/><G89/><T13/><D68/><U11/><E81/><V14/><F14/><W60/><G60/><T112/><D112/><U92/><E74/><AGARI ba="0,1" hai="13,17,20,32,33,35,64,66,72,74,75" m="51210" machi="74" ten="40,2000,0" yaku="20,1" doraHai="46" who="0" fromWho="1" sc="250,30,250,-20,250,0,240,0" />
</Scene>
<Scene>
<INIT seed="0,1,0,4,2,2" ten="280,230,250,240" oya="0" hai0="70,44,3,16,64,5,22,29,7,8,1,97,63" hai1="132,50,31,127,100,122,75,24,104,12,98,42,54" hai2="38,72,110,48,105,21,30,69,41,4,130,60,62" hai3="87,101,59,84,123,32,102,68,23,133,9,125,107"/><T82/><D29/><U17/><E122/><V51/><F72/><W39/><G32/><T27/><D97/><U129/><E75/><V26/><F105/><W71/><G39/><T120/><D120/><U113/><E132/><V46/><F110/><W15/><G123/><T19/><D19/><U73/><E127/><V43/><F130/><W11/><G23/><T67/><D67/><U92/><E73/><V114/><F114/><W116/><G116/><T53/><D82/><U131/><E42/><V28/><F69/><W135/><G59/><T115/><D115/><U49/><E113/><V134/><F134/><W78/><G15/><T126/><D126/><U40/><E40/><V57/><F30/><W34/><G125/><T33/><D33/><U18/><E104/><V111/><F111/><W35/><G107/><T20/><D20/><U13/><E18/><V103/><F103/><W81/><G81/><T106/><D106/><U86/><E86/><V91/><F91/><W109/><REACH who="3" step="1"/><G109/><REACH who="3" ten="280,230,250,230" step="2"/><T61/><D70/><U80/><E80/><V128/><F57/><W124/><G124/><T37/><D37/><U121/><E121/><V119/><F119/><W66/><G66/><T90/><D64/><U95/><E13/><V94/><F38/><W58/><G58/><T88/><D1/><U93/><E12/><V0/><F21/><W117/><G117/><T47/><D3/><U89/><E131/><V14/><F0/><W118/><G118/><T96/><D22/><U85/><E129/><V56/><F14/><W25/><G25/><T77/><D27/><U83/><E24/><RYUUKYOKU ba="1,1" sc="280,-10,230,-10,250,-10,230,30" hai3="9,11,34,35,68,71,78,84,87,101,102,133,135" />
</Scene>
<Scene>
<INIT seed="1,2,1,1,0,97" ten="270,220,240,260" oya="1" hai0="80,43,116,60,62,44,92,109,118,84,25,89,41" hai1="33,85,102,113,112,4,2,50,70,42,22,100,127" hai2="93,19,74,9,16,6,91,103,49,72,104,129,76" hai3="77,54,17,88,108,95,28,24,37,53,14,34,36"/><U51/><E70/><V133/><F129/><W64/><G77/><T132/><D109/><U107/><E33/><V101/><F133/><W126/><G108/><T31/><D132/><U0/><E22/><V110/><F110/><W105/><G64/><T30/><D118/><U99/><E42/><N who="0" m="15881" /><D116/><U73/><E73/><V7/><F104/><W52/><G105/><T40/><D25/><U94/><E85/><N who="2" m="52463" /><F72/><W55/><N who="3" m="13312" /><DORA hai="58" /><W75/><G75/><T29/><D80/><U39/><E39/><V35/><F35/><W63/><G63/><N who="0" m="24107" /><D40/><U130/><E107/><V15/><F76/><W59/><G59/><T57/><D57/><U11/><E130/><V65/><F74/><W45/><G45/><AGARI ba="2,1" hai="29,30,31,44,45,84,89,92" m="24107,15881" machi="45" ten="30,7700,0" yaku="8,1,52,3" doraHai="97,58" who="0" fromWho="3" sc="270,93,220,0,240,0,260,-83" />
</Scene>
<Scene>
<INIT seed="2,0,0,0,5,109" ten="363,220,240,177" oya="2" hai0="29,118,117,75,115,90,96,89,80,53,59,47,95" hai1="99,126,33,41,123,16,124,26,112,120,15,46,1" hai2="73,64,54,87,72,111,60,62,39,77,82,108,6" hai3="31,27,19,67,70,63,121,128,125,51,34,65,86"/><V43/><F6/><W20/><G121/><N who="1" m="46666" /><E1/><V130/><F130/><W102/><G128/><T88/><D29/><N who="1" m="19639" /><E99/><V134/><F134/><W40/><G125/><N who="1" m="48234" /><E112/><V133/><F133/><W25/><G67/><T132/><D115/><U93/><E93/><V79/><F79/><W98/><G86/><T3/><D3/><U45/><E41/><V135/><F135/><W68/><G68/><T14/><D132/><U55/><E55/><V104/><F104/><W17/><G40/><T113/><D113/><U61/><E61/><V103/><F103/><W107/><REACH who="3" step="1"/><G51/><REACH who="3" ten="363,220,240,167" step="2"/><T37/><D37/><U106/><E106/><V131/><F131/><W42/><G42/><T13/><D75/><U9/><AGARI ba="0,1" hai="9,15,16,45,46" m="48234,19639,46666" machi="9" ten="30,4000,0" yaku="13,1,18,1,54,1" doraHai="109" who="1" fromWho="1" sc="363,-10,220,50,240,-20,167,-10" />
</Scene>
<Scene>
<INIT seed="3,0,0,3,2,31" ten="353,270,220,157" oya="3" hai0="121,20,40,100,8,64,19,83,3,50,7,16,39" hai1="95,68,38,22,47,112,131,44,33,114,81,88,110" hai2="116,117,60,106,71,73,67,99,17,28,76,63,96" hai3="59,18,56,132,97,102,133,111,126,1,53,57,74"/><W119/><G119/><T6/><D121/><U82/><E110/><V87/><F73/><W123/><G123/><T54/><D64/><U4/><E68/><V130/><F130/><W41/><G41/><T78/><D7/><U70/><E70/><V61/><F61/><W10/><G74/><T36/><D100/><U127/><E4/><V58/><F28/><W91/><G91/><T48/><D48/><U125/><E131/><V26/><F76/><W21/><G126/><N who="1" m="48138" /><E22/><V66/><F87/><W62/><G111/><T80/><D80/><N who="1" m="30827" /><E33/><V12/><F26/><W109/><G109/><T0/><D0/><U69/><E69/><V135/><F135/><N who="3" m="51787" /><G10/><T79/><D79/><U93/><E93/><V104/><F104/><N who="3" m="63567" /><G1/><T72/><D40/><N who="1" m="22551" /><E47/><V45/><F45/><W107/><G107/><T122/><D122/><U120/><E120/><V65/><F106/><W124/><G124/><T24/><REACH who="0" step="1"/><D19/><REACH who="0" ten="343,270,220,157" step="2"/><U29/><E29/><V115/><F71/><W37/><G37/><T2/><D2/><U23/><E114/><V30/><F115/><W101/><G101/><T113/><D113/><U32/><E112/><V85/><F117/><W77/><G77/><T34/><D34/><U42/><E42/><V90/><F116/><W35/><G35/><T128/><D128/><U94/><E32/><V134/><F134/><W13/><AGARI ba="0,1" hai="13,18,21,53,56,57,59,62" m="63567,51787" machi="13" ten="30,1500,0" yaku="20,1" doraHai="31" who="3" fromWho="3" sc="343,-5,270,-5,220,-5,157,25" />
</Scene>
<Scene>
<INIT seed="3,1,0,3,0,3" ten="338,265,215,182" oya="3" hai0="62,1,134,18,24,121,120,47,132,109,111,50,27" hai1="125,53,10,66,60,57,74,67,23,86,28,84,12" hai2="71,90,20,91,36,87,128,133,79,82,8,110,116" hai3="17,135,59,130,4,56,102,107,44,42,35,93,46"/><W70/><G70/><T101/><D101/><U52/><E74/><V83/><F116/><W11/><G107/><T15/><D1/><U37/><E37/><V100/><F71/><W129/><G35/><T99/><D99/><U69/><E125/><V115/><F36/><W89/><G102/><T55/><D27/><N who="1" m="16511" /><E69/><V97/><F115/><W7/><G135/><N who="0" m="51755" /><D24/><U92/><E53/><V68/><F68/><W43/><G17/><T75/><D75/><U94/><E94/><N who="2" m="58423" /><F20/><W118/><G118/><T81/><D81/><U72/><E72/><N who="2" m="43367" /><F8/><W40/><G93/><T45/><D62/><U25/><E25/><V31/><F31/><W54/><G89/><T126/><D126/><U39/><E39/><V41/><F41/><W122/><G11/><N who="0" m="6527" /><D45/><N who="3" m="17513" /><G122/><AGARI ba="1,0" hai="47,50,55,109,111,120,121,122" m="6527,51755" machi="122" ten="30,1000,0" yaku="20,1" doraHai="3" who="0" fromWho="3" sc="338,13,265,0,215,0,182,-13" />
</Scene>
<Scene>
<INIT seed="4,0,0,0,1,65" ten="351,265,215,169" oya="0" hai0="129,33,126,5,99,56,74,11,85,9,4,82,94" hai1="36,35,51,2,19,54,69,15,23,60,40,12,58" hai2="135,95,111,64,59,70,75,18,29,24,84,87,109" hai3="101,47,88,17,50,55,127,100,32,73,20,49,76"/><T113/><D33/><U122/><E35/><V102/><F75/><W96/><G32/><T128/><D74/><U42/><E2/><V22/><F135/><W112/><G112/><T110/><D113/><U1/><E1/><V14/><F87/><W43/><G127/><T114/><D114/><U37/><E122/><V81/><F70/><W124/><G124/><T77/><D110/><U16/><E37/><V72/><F72/><W97/><G76/><T117/><D117/><U123/><E123/><V79/><F59/><W91/><G73/><T30/><D30/><U131/><E131/><N who="0" m="50249" /><D56/><U105/><E105/><V89/><F64/><W83/><G83/><T116/><D116/><U0/><E0/><V134/><F134/><W133/><G133/><T61/><D61/><U118/><E118/><V78/><F78/><W57/><G97/><T103/><D126/><U106/><E106/><V62/><F62/><W104/><REACH who="3" step="1"/><G101/><REACH who="3" ten="351,265,215,159" step="2"/><T7/><AGARI ba="0,1" hai="4,5,7,9,11,77,82,85,94,99,103" m="50249" machi="7" ten="30,1500,0" yaku="19,1" doraHai="65" who="0" fromWho="0" sc="351,25,265,-5,215,-5,159,-5" />
</Scene>
<Scene>
<INIT seed="4,1,0,1,3,37" ten="376,260,210,154" oya="0" hai0="110,24,109,40,36,115,32,6,55,68,31,70,7" hai1="91,16,96,120,118,80,44,73,135,87,94,57,89" hai2="28,21,10,46,130,128,62,60,9,108,99,95,27" hai3="0,74,111,117,72,2,129,11,5,65,20,112,81"/><T22/><D115/><U49/><E120/><V13/><F108/><N who="0" m="41578" /><D55/><U113/><E118/><V50/><F130/><W8/><G117/><T69/><D32/><U17/><E135/><V71/><F128/><W133/><G129/><T125/><D125/><U47/><E73/><V39/><F39/><W127/><G111/><T100/><D100/><U58/><E113/><V79/><F79/><W82/><G112/><T61/><D61/><U12/><E47/><AGARI ba="1,0" hai="6,7,22,24,31,36,40,47,68,69,70" m="41578" machi="47" ten="40,3900,0" yaku="10,1,52,1" doraHai="37" who="0" fromWho="1" sc="376,42,260,-42,210,0,154,0" />
</Scene>
<Scene>
<INIT seed="4,2,0,0,2,79" ten="418,218,210,154" oya="0" hai0="28,115,76,134,66,50,96,124,119,129,71,73,99" hai1="55,2,117,86,37,30,74,42,10,43,81,18,38" hai2="91,120,44,80,40,14,15,49,113,21,4,3,132" hai3="20,69,61,16,107,23,58,46,65,103,51,56,122"/><T106/><D119/><U121/><E74/><V93/><F120/><W84/><G122/><T100/><D115/><U62/><E121/><V95/><F113/><W9/><G9/><T114/><D114/><U59/><E117/><V125/><F132/><W126/><G126/><T5/><D5/><U104/><E104/><V6/><F125/><W102/><G23/><T109/><D124/><U67/><E38/><V25/><F3/><W13/><G107/><T90/><D50/><U82/><E37/><V123/><F123/><W35/><G35/><T118/><D118/><U60/><E30/><V108/><F108/><W92/><G58/><T75/><D28/><U45/><E86/><N who="2" m="50631" /><F4/><W98/><G69/><T87/><D66/><U83/><E45/><V39/><F39/><W88/><G98/><N who="0" m="61719" /><D71/><U72/><E72/><N who="0" m="27721" /><D134/><U128/><E128/><V130/><F130/><W57/><G57/><T47/><D47/><U105/><E105/><V19/><F14/><W26/><G13/><T97/><D129/><U48/><E2/><V68/><F68/><W0/><G0/><T1/><D1/><U29/><E29/><N who="2" m="17583" /><F6/><W32/><G32/><T63/><D109/><U111/><E111/><V31/><F31/><W54/><AGARI ba="2,0" hai="16,20,26,46,51,54,56,61,65,84,88,92,102,103" machi="54" ten="20,8000,1" yaku="0,1,7,1,8,1,54,2" doraHai="79" who="3" fromWho="3" sc="418,-42,218,-22,210,-22,154,86" />
</Scene>
<Scene>
<INIT seed="5,0,0,5,5,25" ten="376,196,188,240" oya="1" hai0="6,1,112,39,27,111,132,130,44,29,131,103,21" hai1="53,86,74,24,15,38,72,134,8,22,16,52,109" hai2="69,87,117,105,97,121,58,94,106,126,50,65,96" hai3="13,49,91,107,71,33,129,37,57,68,36,75,28"/><U48/><E38/><V17/><F117/><W46/><G13/><T30/><D111/><U12/><E134/><V34/><F121/><W114/><G57/><T41/><D112/><U59/><E109/><V93/><F34/><W110/><G75/><T90/><D103/><U10/><E53/><V43/><F126/><W118/><G107/><T19/><D132/><U26/><E86/><V98/><F69/><W9/><G9/><N who="0" m="2255" /><D90/><U73/><REACH who="1" step="1"/><E8/><REACH who="1" ten="376,186,188,240" step="2"/><V42/><F87/><W45/><G37/><T4/><D4/><AGARI ba="0,1" hai="4,10,12,15,16,22,24,26,48,52,59,72,73,74" machi="4" ten="40,12000,1" yaku="1,1,2,1,54,2,53,0" doraHai="25" doraHaiUra="60" who="1" fromWho="0" sc="376,-120,186,130,188,0,240,0" />
</Scene>
<Scene>
<INIT seed="5,1,0,2,5,100" ten="256,316,188,240" oya="1" hai0="68,11,35,36,14,2,63,5,74,23,116,76,84" hai1="15,88,87,16,119,44,79,10,106,41,71,102,51" hai2="47,121,78,20,60,34,29,104,114,19,13,73,40" hai3="27,115,91,50,49,31,9,42,111,133,96,97,124"/><U113/><E119/><V39/><F121/><W53/><G111/><T0/><D116/><U120/><E71/><V80/><F114/><W105/><G115/><T128/><D36/><U54/><E120/><V69/><F34/><W37/><G37/><T52/><D74/><U85/><E113/><V86/><F29/><W83/><G42/><T118/><D118/><U126/><E79/><V62/><F86/><W25/><G133/><T94/><D35/><U72/><E72/><V48/><F39/><W127/><G9/><T65/><D128/><U7/><E126/><V45/><F45/><W93/><G83/><T123/><D123/><U59/><E102/><V70/><REACH who="2" step="1"/><F104/><REACH who="2" ten="256,316,178,240" step="2"/><W134/><G134/><T117/><D117/><U30/><E106/><V24/><F24/><W125/><G27/><T8/><D84/><U22/><E85/><V56/><F56/><W122/><G122/><T1/><D68/><AGARI ba="1,1" hai="13,19,20,40,47,48,60,62,68,69,70,73,78,80" machi="68" ten="40,1300,0" yaku="1,1,53,0" doraHai="100" doraHaiUra="130" who="2" fromWho="0" sc="256,-16,316,0,178,26,240,0" />
</Scene>
<Scene>
<INIT seed="6,0,0,2,1,9" ten="240,316,204,240" oya="2" hai0="5,95,133,20,10,98,82,102,68,53,26,97,40" hai1="41,7,47,107,37,56,134,114,30,111,61,100,119" hai2="18,64,127,90,34,108,17,115,105,52,121,125,16" hai3="117,70,55,91,113,89,109,93,116,8,84,14,57"/><V78/><F121/><W42/><G109/><T15/><D68/><U85/><E111/><V58/><F108/><W45/><G70/><T135/><D40/><U112/><E119/><V86/><F105/><W38/><G91/><T27/><D82/><U3/><E30/><V120/><F120/><W103/><G103/><T99/><D53/><U132/><E85/><V25/><F115/><N who="1" m="44073" /><E100/><V35/><F64/><W80/><G80/><T43/><D43/><U128/><E107/><V33/><F78/><W74/><G74/><T48/><D48/><U13/><E3/><V19/><N who="2" m="4096" /><DORA hai="87" /><V32/><N who="2" m="8192" /><DORA hai="1" /><V72/><F72/><W51/><G113/><T67/><D67/><N who="1" m="39335" /><E128/><V62/><REACH who="2" step="1"/><F25/><REACH who="2" ten="240,316,194,240" step="2"/><N who="0" m="9226" /><D20/><U23/><E23/><V81/><AGARI ba="0,1" hai="52,58,62,81,86,90,125,127" m="8192,4096" machi="81" ten="80,12000,1" yaku="1,1,0,1,52,1,54,2,53,0" doraHai="9,87,1" doraHaiUra="123,63,24" who="2" fromWho="2" sc="240,-40,316,-40,194,130,240,-40" />
</Scene>
<Scene>
<INIT seed="6,1,0,0,3,124" ten="200,276,324,200" oya="2" hai0="2,83,106,85,131,97,38,98,69,81,99,50,26" hai1="48,103,128,0,110,66,58,93,25,107,5,9,10" hai2="30,31,88,14,28,76,55,17,125,40,27,102,51" hai3="61,54,104,6,41,4,77,84,72,114,115,109,24"/><V127/><F102/><W37/><G109/><T74/><D38/><U7/><E110/><V12/><F76/><W122/><G122/><T42/><D69/><U105/><E128/><V132/><F40/><W100/><G72/><T35/><D2/><U36/><E36/><V80/><F132/><W63/><G41/><T94/><D106/><U56/><E25/><V45/><F27/><W119/><G37/><T19/><D131/><U57/><E66/><V79/><F79/><W32/><G100/><T108/><D108/><U89/><E48/><V29/><F29/><W134/><G104/><T20/><D35/><U87/><REACH who="1" step="1"/><E103/><REACH who="1" ten="200,266,324,200" step="2"/><V13/><F125/><W123/><G123/><T34/><D50/><U43/><E43/><V44/><F127/><W23/><G134/><T8/><D42/><U73/><E73/><V126/><F126/><W78/><G24/><T90/><D74/><U39/><E39/><V117/><F117/><W11/><G119/><T118/><D118/><U18/><E18/><V113/><F113/><W3/><G114/><T135/><D135/><U92/><E92/><V112/><F112/><W21/><G115/><T111/><D111/><U60/><E60/><V59/><F17/><W67/><G63/><T82/><D34/><U1/><AGARI ba="1,1" hai="0,1,5,7,9,10,56,57,58,87,89,93,105,107" machi="1" ten="30,4000,0" yaku="1,1,0,1,9,1,53,0" doraHai="124" doraHaiUra="15" who="1" fromWho="1" sc="200,-11,266,53,324,-21,200,-11" />
</Scene>
<Scene>
<INIT seed="7,0,0,0,0,17" ten="189,319,303,189" oya="3" hai0="70,86,18,109,35,9,0,124,94,13,98,54,101" hai1="114,29,106,47,99,87,107,82,22,1,75,108,84" hai2="5,135,20,88,62,28,131,126,64,129,66,111,130" hai3="4,63,128,50,93,40,102,10,103,69,31,115,95"/><W116/><G116/><T72/><D109/><U110/><E1/><V7/><F111/><W78/><G78/><T21/><D72/><U15/><E75/><V33/><F33/><W44/><G115/><T36/><D36/><U118/><E114/><V52/><F135/><W127/><G128/><T85/><D70/><U112/><E112/><V61/><F126/><W79/><G127/><T104/><D35/><U100/><E107/><V59/><F88/><W49/><G79/><T92/><D124/><U120/><E120/><V83/><F83/><W11/><G69/><T113/><D113/><U77/><E118/><V123/><F123/><W80/><G80/><T134/><D134/><U39/><E84/><V2/><F2/><W8/><G63/><T60/><D104/><U43/><REACH who="1" step="1"/><E15/><REACH who="1" ten="189,309,303,189" step="2"/><V125/><F125/><W42/><G4/><N who="2" m="1609" /><F62/><W51/><G31/><T37/><D0/><U25/><AGARI ba="0,1" hai="22,25,29,39,43,47,77,82,87,99,100,106,108,110" machi="25" ten="30,4000,0" yaku="1,1,0,1,52,1,53,0" doraHai="17" doraHaiUra="57" who="1" fromWho="1" sc="189,-10,309,50,303,-10,189,-20" owari="179,-22.0,359,46.0,293,9.0,169,-33.0" />
</Scene>
</mjloggm>