<mjloggm ver="2.3"><GO type="169" lobby="0"/><UN n0="%E3%81%B4%E3%81%83%E3%81%B4%E3%81%83" n1="%41%53%41%50%49%4E" n2="%E8%B6%85%E3%83%92%E3%83%A2%E3%83%AA%E3%83%AD" n3="%68%69%67%68%31%35%31%35" dan="17,19,18,16" rate="2105.81,2290.20,2236.64,2062.18" sx="M,M,F,M"/><TAIKYOKU oya="0"/>

<Scene>
<INIT seed="0,0,0,1,4,27" ten="250,250,250,250" oya="0" hai0="36,7,130,8,61,10,101,108,129,20,43,126,132" hai1="4,95,11,53,135,92,51,32,12,56,67,60,111" hai2="55,47,117,19,84,64,40,18,23,113,70,21,79" hai3="68,71,1,115,120,100,30,2,90,65,50,121,31"/><T3/><D3/><BYE who="0" /><N who="3" m="1033" /><G100/><T16/><D16/><U13/><E111/><V86/><F113/><W82/><G115/><T116/><D116/><U123/><E135/><V72/><F117/><W52/><G90/><T44/><D44/><U38/><E123/><N who="3" m="47178" /><G82/><T80/><D80/><U5/><E38/><V112/><F112/><W62/><G68/><T0/><D0/><U93/><E32/><V104/><F104/><W24/><G24/><T41/><D41/><U128/><E128/><UN n0="%E3%81%B4%E3%81%83%E3%81%B4%E3%81%83" /><V29/><F55/><W87/><G87/><T48/><D101/><U85/><E85/><V34/><F72/><W74/><G74/><T39/><D39/><U35/><E35/><V17/><F70/><W134/><G134/><T25/><D36/><U33/><E33/><V118/><F118/><W75/><G75/><T59/><D132/><U42/><E42/><V89/><F79/><W133/><G133/><T102/><D102/><U77/><E77/><V46/><F64/><W81/><G81/><T99/><D43/><U96/><E96/><V125/><F84/><W26/><G26/><T94/><D25/><U58/><E95/><V14/><F34/><W22/><G22/><T110/><D20/><U57/><E57/><AGARI ba="0,0" hai="30,31,50,52,57,62,65,71" m="47178,1033" machi="57" ten="30,7700,0" yaku="13,1,52,2,54,1" doraHai="27" who="3" fromWho="1" sc="250,0,250,-77,250,0,250,77" />
</Scene>
<Scene>
<INIT seed="1,0,0,5,3,80" ten="250,173,250,327" oya="1" hai0="15,121,54,6,75,81,44,46,79,65,12,43,33" hai1="98,30,128,135,62,26,106,97,14,68,31,23,74" hai2="112,105,16,17,126,133,131,50,107,125,117,84,27" hai3="20,94,132,111,108,57,113,28,9,101,11,3,86"/><U92/><E74/><V51/><F117/><W70/><G70/><T1/><D33/><U134/><E128/><V100/><F112/><W118/><G113/><T19/><D65/><N who="1" m="41015" /><E106/><V76/><F131/><W116/><G132/><N who="1" m="50730" /><E14/><V40/><F133/><W7/><G57/><T36/><D121/><U83/><E92/><V103/><F40/><W78/><G11/><N who="0" m="2511" /><D19/><N who="1" m="12671" /><E83/><V58/><F58/><W53/><G53/><T67/><D67/><U38/><E38/><V88/><F27/><W72/><G72/><T41/><D54/><U59/><E59/><V73/><F51/><AGARI ba="0,0" hai="12,15,36,41,43,44,46,51,75,79,81" m="2511" machi="51" ten="30,1000,0" yaku="25,1" doraHai="80" who="0" fromWho="2" sc="250,10,173,0,250,-10,327,0" />
</Scene>
<Scene>
<INIT seed="2,0,0,3,2,43" ten="260,173,240,327" oya="2" hai0="107,100,64,116,56,44,77,132,63,105,73,133,54" hai1="47,94,69,55,67,110,16,109,4,85,15,26,88" hai2="81,129,74,12,112,41,1,71,46,45,48,52,104" hai3="90,58,130,115,86,124,19,61,99,126,35,89,66"/><V59/><F129/><W120/><G120/><T21/><D116/><U42/><E4/><V68/><F112/><W103/><G115/><T101/><D73/><U22/><E55/><V118/><F1/><W50/><G35/><T51/><D77/><U33/><E67/><V80/><F104/><W62/><G130/><T92/><D92/><U57/><E57/><V114/><F118/><W75/><G75/><T108/><D108/><N who="1" m="41579" /><E69/><V11/><F114/><W113/><G113/><T87/><D87/><U84/><E33/><V0/><F0/><W82/><G61/><T119/><D119/><U36/><E84/><V91/><F74/><W111/><G111/><T128/><D128/><U123/><E123/><V96/><F68/><W23/><G90/><T83/><D83/><N who="2" m="31818" /><F71/><W5/><G5/><T7/><D7/><U30/><E30/><V14/><F41/><W121/><G121/><T40/><D21/><U49/><E26/><V131/><F131/><W102/><G23/><T8/><D8/><U127/><E127/><V31/><F31/><W6/><G124/><T32/><D32/><U3/><E3/><V24/><F24/><W135/><G126/><T70/><D105/><U29/><E29/><V38/><F38/><AGARI ba="0,0" hai="15,16,22,36,38,42,47,49,85,88,94" m="41579" machi="38" ten="30,7700,0" yaku="14,1,52,1,54,2" doraHai="43" who="1" fromWho="2" sc="260,0,173,77,240,-77,327,0" />
</Scene>
<Scene>
<INIT seed="3,0,0,5,3,108" ten="260,250,163,327" oya="3" hai0="55,118,33,89,56,80,75,124,5,12,110,43,123" hai1="9,107,4,97,48,126,29,60,32,63,68,84,66" hai2="114,47,103,125,39,65,130,113,22,72,10,1,52" hai3="20,111,26,28,59,53,115,27,73,94,78,46,116"/><W105/><G116/><T61/><D118/><U133/><E133/><V106/><F22/><W135/><G105/><T64/><D123/><U58/><E126/><V81/><F65/><W71/><G135/><T3/><D33/><U40/><E84/><V44/><F44/><W62/><G111/><T129/><D110/><U18/><E18/><V17/><F130/><W38/><G115/><T86/><D129/><U127/><E127/><V7/><F17/><W0/><G0/><T19/><D124/><U70/><E40/><N who="2" m="22943" /><F52/><W132/><G132/><T117/><D117/><U109/><E109/><V69/><F69/><W79/><G71/><T119/><D119/><U120/><E120/><V99/><F125/><W100/><G73/><T36/><D75/><U93/><E48/><V88/><F88/><W41/><REACH who="3" step="1"/><G27/><REACH who="3" ten="260,250,163,317" step="2"/><T42/><D3/><U102/><E68/><V74/><F72/><W6/><G6/><T37/><D5/><U25/><E70/><V24/><F24/><W49/><G49/><T30/><D37/><U101/><E107/><V57/><F57/><W121/><G121/><T11/><D36/><U51/><E51/><V122/><F122/><W83/><G83/><T8/><D80/><U35/><E60/><V14/><F14/><W2/><G2/><T104/><D104/><U31/><E25/><V98/><F98/><AGARI ba="0,1" hai="20,26,28,38,41,46,53,59,62,78,79,94,98,100" machi="98" ten="40,3900,0" yaku="1,1,53,1" doraHai="108" doraHaiUra="91" who="3" fromWho="2" sc="260,0,250,0,163,-39,317,49" />
</Scene>
<Scene>
<INIT seed="3,1,0,5,4,91" ten="260,250,124,366" oya="3" hai0="7,135,23,18,8,104,99,71,1,11,32,123,30" hai1="41,6,50,68,2,34,48,66,70,59,20,117,126" hai2="76,56,10,134,36,132,112,24,44,60,40,35,115" hai3="119,113,53,80,12,82,49,130,92,96,46,51,3"/><W111/><G113/><T37/><D71/><U61/><E34/><V0/><F76/><W97/><G119/><T101/><D37/><U88/><E117/><V77/><F77/><W114/><G114/><T31/><D123/><U87/><E126/><V26/><F26/><W79/><G3/><T78/><D78/><U64/><E2/><V110/><F110/><W55/><G130/><T65/><D65/><U4/><E68/><V127/><F127/><W67/><G111/><T108/><D108/><U102/><E102/><V54/><F112/><W27/><G67/><T125/><D125/><U63/><E20/><V133/><F115/><W98/><G27/><T81/><D81/><N who="3" m="31337" /><G12/><T90/><D32/><U45/><REACH who="1" step="1"/><E50/><REACH who="1" ten="260,240,124,366" step="2"/><V93/><F35/><W83/><G79/><T122/><D101/><U75/><E75/><V73/><F73/><W17/><G51/><T28/><D23/><U22/><E22/><V15/><F0/><W52/><G49/><T100/><D1/><U69/><E69/><V29/><F29/><W19/><G46/><T14/><D30/><U84/><E84/><V39/><F24/><W89/><G83/><AGARI ba="1,1" hai="4,6,41,45,48,59,61,63,64,66,70,83,87,88" machi="83" ten="30,3900,0" yaku="1,1,7,1,54,1,53,0" doraHai="91" doraHaiUra="118" who="1" fromWho="3" sc="260,0,240,52,124,0,366,-42" />
</Scene>
<Scene>
<INIT seed="4,0,0,3,3,64" ten="260,292,124,324" oya="0" hai0="87,115,34,70,50,134,58,0,10,127,91,63,69" hai1="5,31,12,6,19,83,25,94,78,98,47,1,17" hai2="111,32,45,107,27,92,102,21,11,88,77,108,46" hai3="116,40,43,103,81,135,90,44,109,122,80,26,14"/><T74/><D34/><U7/><E1/><V93/><F32/><W15/><G109/><T106/><D74/><U76/><E47/><V20/><F107/><W24/><G116/><T52/><D106/><U38/><E38/><V131/><F131/><W41/><G135/><T29/><D29/><U33/><E12/><N who="3" m="4650" /><G122/><T60/><D134/><U49/><E49/><V119/><F119/><W61/><G103/><T75/><D75/><U35/><E35/><V4/><F77/><W57/><G44/><T104/><D104/><U96/><E96/><V101/><F11/><W95/><G80/><T54/><D115/><U48/><E48/><V114/><F27/><W125/><G81/><T53/><D127/><U86/><REACH who="1" step="1"/><E76/><REACH who="1" ten="260,282,124,324" step="2"/><V66/><F4/><W133/><G133/><T39/><D39/><U100/><AGARI ba="0,1" hai="5,6,7,17,19,25,31,33,78,83,86,94,98,100" machi="100" ten="30,4000,0" yaku="1,1,2,1,0,1,53,0" doraHai="64" doraHaiUra="68" who="1" fromWho="1" sc="260,-20,282,50,124,-10,324,-10" />
</Scene>
<Scene>
<INIT seed="5,0,0,1,4,62" ten="240,332,114,314" oya="1" hai0="0,16,108,97,21,1,76,112,5,93,134,50,67" hai1="78,14,131,38,100,42,87,84,106,24,10,48,31" hai2="27,114,51,29,132,90,11,23,111,124,125,133,116" hai3="71,119,107,59,122,52,110,36,19,129,72,103,130"/><U40/><E38/><V30/><F90/><W63/><G110/><T85/><D108/><U56/><E131/><N who="3" m="50186" /><G122/><T17/><D112/><U101/><E106/><V117/><F51/><W80/><G119/><N who="2" m="45641" /><F111/><W43/><G71/><T75/><D75/><U94/><E78/><V61/><F61/><W66/><G19/><T70/><D134/><N who="2" m="51818" /><F114/><W12/><G12/><T33/><D1/><U99/><E100/><V49/><F49/><W2/><G2/><T37/><D37/><U105/><E105/><V44/><F44/><N who="3" m="23655" /><G72/><T15/><D50/><U120/><E42/><V74/><F74/><W60/><G80/><T6/><D0/><U65/><E40/><V113/><F113/><W39/><G39/><T4/><D33/><U92/><E48/><V68/><F68/><N who="3" m="42055" /><G107/><T26/><D70/><U3/><E3/><V77/><F77/><W121/><G121/><T135/><D135/><U95/><E120/><V128/><F128/><W104/><G104/><T83/><D15/><U25/><E14/><V118/><N who="2" m="45649" /><V53/><DORA hai="123" /><F53/><W98/><G103/><N who="0" m="60847" /><D17/><U102/><E102/><V46/><F46/><W126/><G98/><T86/><D86/><U7/><E99/><V28/><F11/><W82/><G82/><T45/><D45/><U127/><E101/><V22/><F27/><W8/><G8/><T41/><D41/><U88/><E25/><V55/><F55/><W64/><G52/><T81/><D81/><U32/><E24/><V9/><F9/><W89/><G89/><T69/><D69/><U73/><E10/><V91/><F91/><W109/><G109/><RYUUKYOKU ba="0,0" sc="240,10,332,-30,114,10,314,10" hai0="4,5,6,16,21,26,67,76,83,85" hai2="22,23,28,29,30,124,125" hai3="59,63,64,126" />
</Scene>
<Scene>
<INIT seed="6,1,0,3,4,93" ten="250,302,124,324" oya="2" hai0="125,56,14,37,25,4,97,23,82,106,120,13,62" hai1="135,92,15,113,129,118,7,55,35,2,9,16,100" hai2="43,123,124,80,67,36,119,102,85,95,66,30,19" hai3="78,49,109,130,126,51,84,5,26,112,122,108,128"/><V99/><F124/><W79/><G122/><T52/><D120/><U44/><E118/><V121/><F119/><W115/><G26/><T20/><D125/><U10/><E35/><V68/><F30/><W28/><G126/><T134/><D37/><U133/><E113/><N who="3" m="43594" /><G28/><T114/><D114/><U131/><E100/><V88/><F67/><W94/><G5/><T70/><D70/><U11/><E92/><V33/><F33/><W63/><G63/><T59/><D134/><N who="1" m="51211" /><E55/><V8/><F66/><W22/><G22/><T46/><D46/><U65/><E44/><V72/><F68/><W12/><G12/><N who="0" m="4715" /><D106/><U98/><E98/><V107/><F19/><W21/><G21/><N who="0" m="8267" /><D82/><U41/><E41/><V60/><F8/><W64/><G64/><N who="0" m="38983" /><D25/><U104/><E104/><V111/><F60/><W96/><G108/><T24/><D24/><U61/><E9/><V105/><F105/><W47/><G109/><T17/><D17/><U75/><E75/><V0/><F111/><W77/><G84/><T38/><D38/><U83/><E83/><V132/><F132/><W87/><G87/><T91/><D4/><U3/><E3/><V76/><REACH who="2" step="1"/><F0/><REACH who="2" ten="250,302,114,324" step="2"/><W89/><G51/><N who="0" m="31135" /><D91/><U40/><E61/><V117/><F117/><W1/><G1/><T81/><D81/><U54/><E65/><V6/><F6/><W53/><AGARI ba="1,1" hai="47,49,53,77,78,79,89,94,96,128,130" m="43594" machi="53" ten="40,5200,0" yaku="15,1,11,1,52,1" doraHai="93" who="3" fromWho="3" sc="250,-14,302,-14,114,-27,324,65" />
</Scene>
<Scene>
<INIT seed="7,0,0,2,1,115" ten="236,288,87,389" oya="3" hai0="130,55,95,16,131,69,53,12,128,5,124,92,93" hai1="120,18,58,76,27,121,30,102,111,34,73,42,10" hai2="2,28,99,114,113,119,29,68,77,65,1,64,21" hai3="104,24,22,32,82,11,135,3,66,94,100,56,13"/><W61/><G135/><T37/><D69/><U44/><E111/><V62/><F77/><W88/><G3/><T110/><D110/><U31/><E102/><V80/><F21/><W117/><G32/><T67/><D67/><U127/><E127/><V85/><F85/><N who="3" m="50231" /><G104/><T108/><D108/><U98/><E98/><V125/><F80/><W97/><G117/><T43/><D124/><U72/><E31/><V103/><F125/><W41/><G41/><T133/><D133/><U40/><E40/><V89/><F89/><W129/><G129/><T123/><D123/><U101/><E101/><V70/><F103/><W50/><G50/><T96/><D5/><U51/><E76/><V26/><F26/><W132/><G132/><T122/><D96/><U105/><E105/><V39/><F99/><W46/><G46/><N who="0" m="23919" /><D122/><U86/><E86/><V25/><F25/><W87/><G87/><T38/><D38/><U6/><E120/><V54/><F39/><W7/><G24/><T36/><D36/><U49/><E27/><V126/><F126/><W107/><G107/><T75/><D75/><U109/><E73/><V116/><REACH who="2" step="1"/><F62/><REACH who="2" ten="236,288,77,389" step="2"/><W35/><G61/><T4/><D131/><U14/><E121/><V63/><F63/><W134/><G97/><T106/><D130/><U59/><E109/><V83/><F83/><W57/><G134/><T81/><D81/><U9/><E72/><V33/><F33/><W47/><G35/><T0/><D106/><U19/><E34/><V90/><F90/><W74/><G74/><T78/><D78/><U48/><E48/><V23/><F23/><RYUUKYOKU ba="0,1" sc="236,-10,288,-10,77,30,389,-10" hai2="1,2,28,29,54,64,65,68,70,113,114,116,119" owari="226,-17.0,278,8.0,107,-39.0,389,48.0" />
</Scene>
</mjloggm>