<mjloggm ver="2.3"><GO type="169"/><UN n0="%E7%88%86%E7%89%8C%E3%82%A6%E3%82%B7%E3%82%B8%E3%83%9E%E3%81%8F%E3%82%93" n1="%E3%81%94%E3%81%98%E3%82%83%E3%82%8B" n2="%41%53%41%50%49%4E" n3="%6B%6F%67%65%70%61%6E" dan="18,18,19,17" rate="2186,2264,2259,2167" sx="M,M,M,M"/><TAIKYOKU oya="0"/>

<Scene>
<INIT seed="0,0,0,3,1,42" ten="250,250,250,250" oya="0" hai0="10,116,98,60,22,59,33,111,1,126,78,101,9" hai1="86,46,15,129,70,127,106,49,110,64,105,71,113" hai2="43,82,12,48,7,52,30,17,95,88,50,39,117" hai3="109,97,66,21,62,114,6,45,75,38,67,104,94"/><T96/><D33/><U2/><E2/><V5/><F39/><W28/><G114/><T61/><D116/><U36/><E113/><V11/><F117/><W112/><G112/><T4/><D126/><U69/><E127/><V40/><F30/><W14/><G75/><T53/><D78/><U124/><E124/><V74/><F74/><W128/><G104/><T135/><D135/><U23/><E36/><V19/><F82/><W81/><G81/><T122/><D122/><U13/><E64/><V118/><F118/><W68/><G67/><T134/><D134/><U130/><E86/><N who="2" m="52631" /><F19/><W57/><G28/><T65/><D111/><U63/><E63/><V99/><F99/><W35/><G35/><T44/><D22/><U58/><E58/><N who="2" m="33031" /><F40/><W90/><G109/><T27/><D96/><U72/><E72/><V83/><F83/><W31/><G31/><T0/><D98/><U80/><E80/><V51/><F51/><W84/><G68/><T34/><D34/><U73/><E73/><V76/><F76/><W123/><G123/><T108/><D108/><U100/><E110/><V32/><F32/><W87/><G38/><T102/><D0/><U103/><E71/><V121/><F121/><W24/><G97/><T26/><D1/><U77/><E77/><V132/><F132/><W89/><G87/><T29/><D29/><U18/><E106/><V16/><F17/><N who="3" m="12335" /><G84/><T92/><D101/><U37/><E105/><V85/><F85/><W107/><G107/><T47/><D102/><U41/><E103/><V119/><F119/><W55/><G94/><T56/><D92/><RYUUKYOKU ba="0,0" sc="250,-10,250,-10,250,30,250,-10" hai2="5,7,11,12,16,43,50" />
</Scene>
<Scene>
<INIT seed="1,1,0,0,3,11" ten="240,240,280,240" oya="1" hai0="75,65,98,18,30,90,64,77,116,39,33,126,113" hai1="48,72,29,124,107,59,97,0,135,5,50,13,8" hai2="110,127,61,36,53,60,114,58,47,23,132,129,21" hai3="130,71,17,82,83,35,67,42,87,102,79,73,49"/><U104/><E72/><V55/><F110/><W86/><G35/><T68/><D113/><U94/><E124/><V4/><F127/><W128/><G67/><T25/><D116/><U134/><E29/><V123/><F123/><W108/><G71/><T12/><D39/><U112/><E112/><V37/><F114/><W121/><G121/><T2/><D2/><U70/><E70/><V69/><F4/><W40/><G17/><T62/><D65/><U9/><E104/><V117/><F117/><W88/><G49/><T10/><D126/><U99/><E107/><V63/><F21/><W101/><G108/><T115/><D115/><U6/><E97/><V92/><F92/><N who="3" m="54295" /><G42/><T1/><D1/><U122/><E122/><V32/><F23/><W44/><G44/><T119/><D119/><U51/><REACH who="1" step="1"/><E59/><REACH who="1" ten="240,230,280,240" step="2"/><N who="2" m="34943" /><F69/><W14/><G40/><T27/><D68/><U105/><E105/><V19/><F58/><W22/><G73/><T45/><D75/><U81/><E81/><V7/><F32/><W57/><G83/><T3/><D33/><U66/><E66/><V24/><F129/><N who="3" m="49771" /><G57/><T52/><D30/><U111/><E111/><V15/><F63/><W93/><G93/><T96/><D62/><U34/><E34/><V54/><F61/><W28/><G28/><T16/><D64/><U38/><E38/><V78/><F37/><W74/><G74/><T43/><D43/><U118/><E118/><V85/><F36/><W89/><G79/><T125/><D77/><U95/><E95/><V41/><F78/><W26/><G82/><T76/><D76/><U31/><E31/><RYUUKYOKU ba="1,1" sc="240,-10,230,30,280,-10,240,-10" hai1="0,5,6,8,9,13,48,50,51,94,99,134,135" />
</Scene>
<Scene>
<INIT seed="1,2,1,2,5,122" ten="230,260,270,230" oya="1" hai0="34,121,70,25,63,80,41,91,111,85,82,126,18" hai1="92,90,57,51,72,103,56,7,35,86,59,21,114" hai2="135,42,60,30,5,19,134,14,119,100,58,31,64" hai3="96,17,81,26,28,130,102,120,3,124,54,117,101"/><U20/><E35/><V11/><F119/><W74/><G120/><T94/><D121/><U115/><E72/><V22/><F100/><W127/><G3/><T6/><D126/><U73/><E73/><V44/><F134/><W133/><G117/><T38/><D6/><U46/><E7/><V24/><REACH who="2" step="1"/><F135/><REACH who="2" ten="230,260,260,230" step="2"/><W47/><G133/><T29/><D111/><U88/><E103/><V68/><F68/><W45/><G102/><T1/><D70/><U48/><E115/><V2/><F2/><W125/><G101/><T9/><D1/><U50/><E114/><V77/><F77/><W84/><G127/><T97/><D34/><U40/><REACH who="1" step="1"/><E90/><REACH who="1" ten="230,250,260,230" step="2"/><V78/><F78/><N who="3" m="46135" /><G125/><T128/><D91/><U49/><AGARI ba="2,3" hai="20,21,40,46,48,49,50,51,56,57,59,86,88,92" machi="49" ten="30,11700,0" yaku="1,1,0,1,8,1,54,1,53,0" doraHai="122" doraHaiUra="104" who="1" fromWho="1" sc="230,-41,250,153,260,-41,230,-41" />
</Scene>
<Scene>
<INIT seed="1,3,0,3,1,99" ten="189,403,219,189" oya="1" hai0="90,121,60,3,34,51,35,20,19,117,96,13,107" hai1="77,95,118,52,15,21,104,81,115,129,54,111,39" hai2="61,25,106,9,64,18,17,88,120,67,27,68,26" hai3="69,53,126,7,38,112,41,10,30,94,116,135,123"/><U87/><E104/><V1/><F120/><W133/><G123/><T16/><D3/><U125/><E115/><V92/><F106/><W114/><G69/><T89/><D121/><U63/><E118/><V50/><F67/><W28/><G53/><T73/><D73/><U22/><E39/><V76/><F76/><W75/><G94/><T24/><D117/><U124/><E129/><V131/><F131/><W56/><G56/><T85/><D60/><U0/><E0/><V72/><F72/><W119/><G75/><T103/><D51/><U98/><E111/><V59/><F68/><W83/><G83/><T46/><D46/><U66/><E66/><V58/><F1/><W79/><G79/><T5/><D5/><U36/><E36/><V80/><F80/><W48/><G38/><T122/><D122/><U132/><E132/><V47/><F9/><W130/><G130/><T113/><D89/><N who="1" m="55663" /><E63/><V105/><F59/><W11/><G48/><T57/><D57/><U55/><E15/><V62/><F62/><W91/><G91/><T71/><D71/><U110/><E110/><V23/><F105/><W4/><G41/><T86/><D86/><U84/><E84/><N who="2" m="52231" /><F23/><W37/><G37/><T29/><D113/><U40/><E40/><AGARI ba="3,0" hai="17,18,25,26,27,40,47,50,58,61,64" m="52231" machi="40" ten="30,2000,0" yaku="8,1,54,1" doraHai="99" who="2" fromWho="1" sc="189,0,403,-29,219,29,189,0" />
</Scene>
<Scene>
<INIT seed="2,0,0,2,5,79" ten="189,374,248,189" oya="2" hai0="31,129,93,97,91,110,77,38,8,122,72,71,52" hai1="108,45,74,54,35,119,68,83,118,16,82,81,53" hai2="6,1,101,15,109,102,116,114,125,9,18,85,2" hai3="10,107,47,40,39,56,104,30,94,42,92,37,130"/><V88/><F114/><W67/><G30/><T111/><D122/><U49/><E74/><V123/><F123/><W126/><G126/><T4/><D38/><U0/><E35/><V84/><F116/><W106/><G130/><T95/><D71/><U28/><E28/><V3/><F125/><W96/><G10/><T57/><D129/><U43/><E68/><V121/><F121/><W131/><G131/><T78/><D31/><U87/><E0/><V105/><F109/><N who="0" m="41482" /><D93/><U103/><E108/><V86/><F105/><W58/><G67/><T73/><D73/><U127/><E127/><V19/><REACH who="2" step="1"/><F88/><REACH who="2" ten="189,374,238,189" step="2"/><W61/><G96/><T25/><D91/><U63/><E119/><V62/><F62/><W21/><G61/><T17/><D97/><U36/><E118/><V132/><F132/><W32/><G106/><T60/><D60/><U89/><E103/><AGARI ba="0,1" hai="1,2,3,6,9,15,18,19,84,85,86,101,102,103" machi="103" ten="50,12000,1" yaku="1,1,53,3" doraHai="79" doraHaiUra="33" who="2" fromWho="1" sc="189,0,374,-120,238,130,189,0" />
</Scene>
<Scene>
<INIT seed="2,1,0,2,5,128" ten="189,254,368,189" oya="2" hai0="99,111,74,118,49,22,56,17,71,92,37,50,73" hai1="98,27,113,80,9,107,53,117,78,14,65,29,51" hai2="93,116,70,39,2,1,46,63,44,69,96,115,67" hai3="36,114,47,66,94,30,133,64,20,87,35,52,7"/><V121/><F115/><W122/><G122/><T120/><D37/><U112/><E117/><V102/><F121/><W16/><G7/><T25/><D120/><U123/><E123/><V82/><F116/><W101/><G30/><T119/><D71/><U91/><E65/><V61/><F82/><W95/><G35/><T10/><D111/><U34/><E107/><V108/><F108/><W132/><G114/><T48/><D118/><U0/><E0/><V86/><F86/><W19/><G36/><T127/><D119/><U106/><E106/><V83/><F83/><W43/><G43/><T45/><D127/><U134/><E98/><V76/><F76/><W85/><G20/><T26/><D45/><U126/><E126/><V109/><F109/><W8/><G47/><T32/><D10/><U31/><E31/><V77/><F77/><W23/><G23/><T110/><D110/><U62/><E62/><V103/><F103/><W11/><G52/><N who="0" m="31751" /><D73/><U124/><E124/><V131/><F44/><W100/><AGARI ba="1,0" hai="8,11,16,19,64,66,85,87,94,95,100,101,132,133" machi="100" ten="25,12000,2" yaku="0,1,22,2,52,2,54,1" doraHai="128" who="3" fromWho="3" sc="189,-31,254,-31,368,-61,189,123" />
</Scene>
<Scene>
<INIT seed="3,0,0,4,5,126" ten="158,223,307,312" oya="3" hai0="70,122,54,119,123,82,21,34,6,87,94,46,95" hai1="117,90,93,25,48,106,41,66,127,64,42,133,73" hai2="57,134,132,89,29,78,125,113,75,111,22,19,79" hai3="61,23,72,26,121,8,103,60,102,76,0,74,98"/><W110/><G121/><T115/><D34/><U135/><E106/><V68/><F113/><W17/><G103/><T92/><D115/><U88/><E73/><V58/><F125/><W7/><G110/><T130/><D119/><U20/><E127/><V112/><F112/><W11/><G76/><N who="2" m="29225" /><F68/><W107/><REACH who="3" step="1"/><G11/><REACH who="3" ten="158,223,307,302" step="2"/><T86/><D123/><U3/><E117/><V105/><F111/><W83/><G83/><T101/><D82/><U2/><E135/><V80/><F80/><W1/><G1/><T118/><D101/><U15/><E133/><V124/><F132/><W9/><G9/><T69/><D118/><U71/><E3/><V65/><F134/><W81/><G81/><T31/><D122/><U108/><E2/><V96/><F124/><W13/><G13/><T131/><D92/><U100/><E15/><N who="2" m="9599" /><F75/><AGARI ba="0,1" hai="0,7,8,17,23,26,60,61,72,74,75,98,102,107" machi="75" ten="40,2000,0" yaku="1,1,53,0" doraHai="126" doraHaiUra="37" who="3" fromWho="2" sc="158,0,223,0,307,-20,302,30" />
</Scene>
<Scene>
<INIT seed="3,1,0,1,5,22" ten="158,223,287,332" oya="3" hai0="113,89,84,24,27,33,69,55,128,48,133,67,91" hai1="3,23,66,104,41,35,107,109,112,53,110,95,30" hai2="14,105,103,65,99,49,122,39,131,117,85,11,46" hai3="100,87,74,76,42,114,58,31,32,59,64,47,40"/><W50/><G114/><T75/><D75/><U94/><E112/><V54/><F117/><W129/><G74/><T121/><D121/><U6/><E35/><V17/><F122/><W10/><G129/><T70/><D113/><U118/><E41/><V51/><F39/><W8/><G100/><T98/><D128/><U57/><E66/><V97/><F131/><W52/><G32/><T44/><D33/><U25/><E118/><V92/><F65/><W61/><G31/><T16/><D133/><U125/><E125/><V101/><F85/><W13/><G42/><T106/><D69/><U132/><E132/><V34/><F34/><W19/><G10/><T18/><D70/><U71/><E71/><V81/><F81/><N who="3" m="47527" /><G40/><T12/><D67/><U60/><E6/><V5/><REACH who="2" step="1"/><F51/><REACH who="2" ten="158,223,277,332" step="2"/><W68/><G68/><T115/><D84/><U63/><E63/><V126/><F126/><W21/><G64/><T86/><D86/><U15/><E60/><V119/><F119/><W45/><G61/><T62/><D62/><U26/><E110/><V96/><F96/><W7/><G47/><T29/><D44/><U78/><E109/><V102/><F102/><W111/><G111/><T38/><D98/><U130/><E130/><V116/><F116/><W124/><G124/><T134/><D38/><U28/><E78/><V73/><F73/><W79/><G79/><T56/><D115/><U4/><E57/><V123/><F123/><W77/><G77/><T9/><D56/><U36/><E36/><V90/><F90/><W37/><G37/><T93/><D89/><U108/><E108/><RYUUKYOKU ba="1,1" sc="158,-15,223,-15,277,15,332,15" hai2="5,11,14,17,46,49,54,92,97,99,101,103,105" hai3="7,8,13,19,21,45,50,52,58,59" />
</Scene>
<Scene>
<INIT seed="3,2,1,0,5,74" ten="143,208,292,347" oya="3" hai0="122,132,110,47,129,81,101,51,69,41,15,2,29" hai1="53,14,89,73,126,90,68,32,100,43,79,38,83" hai2="55,115,30,114,66,118,46,123,120,95,12,27,18" hai3="23,9,8,64,50,3,63,67,112,99,97,35,130"/><W88/><G35/><T108/><D2/><U106/><E32/><N who="2" m="20575" /><F66/><W127/><G112/><N who="2" m="43049" /><F118/><W16/><G50/><T13/><D122/><N who="2" m="46634" /><F95/><W4/><G63/><T62/><D62/><U107/><E68/><V85/><F85/><W75/><G67/><T44/><D69/><U119/><E119/><V28/><F55/><W93/><G64/><T94/><D94/><U86/><E53/><V80/><F80/><W92/><G75/><T11/><D81/><U121/><E121/><V25/><F46/><W125/><G8/><T65/><D47/><U17/><E73/><V72/><F72/><W31/><G31/><T78/><D44/><U39/><E106/><V6/><F6/><W84/><G84/><T77/><D29/><U71/><E71/><V56/><F56/><W96/><G96/><T60/><D65/><U10/><E107/><V128/><F128/><W105/><G130/><T19/><D129/><U135/><E100/><V61/><F61/><W103/><REACH who="3" step="1"/><G105/><REACH who="3" ten="143,208,292,337" step="2"/><T70/><D60/><U40/><E86/><V54/><F28/><W45/><G45/><T76/><D41/><U102/><E43/><V48/><F48/><W109/><G109/><T98/><D51/><U59/><E40/><V57/><F54/><W7/><G7/><N who="0" m="3327" /><D70/><U22/><E59/><V58/><F58/><W87/><G87/><T133/><D110/><U134/><E39/><V34/><F57/><W5/><G5/><T91/><D108/><U1/><E38/><V131/><F131/><W82/><G82/><T24/><D98/><U116/><E83/><V111/><F111/><W42/><G42/><RYUUKYOKU ba="2,2" sc="143,-10,208,-10,292,-10,337,30" hai3="3,4,9,16,23,88,92,93,97,99,103,125,127" />
</Scene>
<Scene>
<INIT seed="3,3,2,4,2,32" ten="133,198,282,367" oya="3" hai0="25,122,2,93,60,13,35,75,78,17,118,120,28" hai1="68,45,79,125,49,47,24,135,21,34,14,36,69" hai2="41,113,88,12,67,91,109,8,10,4,20,71,106" hai3="74,87,61,94,128,16,64,95,51,119,76,56,15"/><W110/><G119/><T126/><D118/><U52/><E125/><V114/><F106/><W23/><G74/><T62/><D126/><U72/><E135/><V129/><F109/><W44/><G110/><T48/><D75/><U134/><E134/><V40/><F129/><W100/><G128/><T54/><D78/><U96/><E34/><V117/><F117/><W127/><G127/><T37/><D37/><U85/><E72/><V66/><F20/><W19/><G100/><T131/><D131/><U130/><E130/><V84/><F84/><W53/><REACH who="3" step="1"/><G19/><REACH who="3" ten="133,198,282,357" step="2"/><T90/><D17/><U46/><E36/><V1/><F113/><W9/><G9/><T133/><D133/><U105/><E105/><V77/><F114/><W7/><G7/><T98/><D120/><U22/><E69/><V121/><F4/><W70/><G70/><T50/><D122/><U89/><E68/><V108/><F108/><W6/><G6/><T111/><D111/><U104/><E104/><V63/><F71/><W42/><G42/><T5/><D5/><U59/><E24/><V18/><F41/><W26/><G26/><T92/><D25/><U27/><E27/><V86/><F40/><W99/><G99/><T83/><D98/><U29/><E14/><V57/><F12/><W55/><G55/><T80/><D13/><U11/><E11/><V124/><F10/><W132/><G132/><T58/><D54/><U97/><E97/><V112/><F8/><W43/><G43/><T39/><D35/><U33/><E33/><V73/><F124/><W38/><G38/><T123/><D39/><RYUUKYOKU ba="3,3" sc="133,-10,198,-10,282,-10,357,30" hai3="15,16,23,44,51,53,56,61,64,76,87,94,95" />
</Scene>
<Scene>
<INIT seed="3,4,3,5,2,51" ten="123,188,272,387" oya="3" hai0="43,11,83,67,64,94,17,97,93,33,98,12,131" hai1="110,88,114,44,71,34,66,54,79,7,68,127,15" hai2="63,113,65,92,96,129,14,36,108,48,0,52,80" hai3="106,87,117,27,133,41,126,5,115,20,74,3,100"/><W75/><G87/><T107/><D33/><U116/><E114/><V35/><F113/><W9/><G115/><T69/><D107/><U60/><E34/><V19/><F35/><W89/><G89/><N who="0" m="55471" /><D69/><U135/><E79/><V99/><F0/><W123/><G117/><T103/><D131/><U23/><E116/><V21/><F36/><W47/><G123/><T95/><D43/><U122/><E122/><V55/><F108/><W81/><G126/><T90/><D83/><U111/><E71/><V22/><F129/><W56/><G56/><T16/><D17/><N who="1" m="10687" /><E7/><V134/><F48/><W40/><G81/><T61/><D61/><U84/><E127/><V39/><F134/><W28/><G133/><T6/><D6/><U57/><E44/><V24/><F80/><W118/><G118/><T82/><D82/><U76/><E76/><V1/><F1/><W128/><G128/><T85/><AGARI ba="4,3" hai="11,12,16,64,67,85,90,94,95,98,103" m="55471" machi="85" ten="30,2000,0" yaku="8,1,54,1" doraHai="51" who="0" fromWho="0" sc="123,62,188,-9,272,-9,387,-14" />
</Scene>
<Scene>
<INIT seed="4,0,0,2,4,28" ten="185,179,263,373" oya="0" hai0="57,88,61,51,89,59,26,109,63,104,41,69,33" hai1="52,77,127,23,133,30,9,82,48,132,119,46,35" hai2="54,80,34,44,114,13,117,43,20,29,62,115,49" hai3="65,56,111,79,110,106,81,123,3,37,98,112,126"/><T78/><D104/><U19/><E119/><V15/><F117/><W5/><G56/><N who="0" m="21579" /><D33/><U105/><E105/><V64/><F20/><W92/><G65/><T32/><D32/><U103/><E103/><V21/><F21/><W91/><G37/><T50/><D69/><U86/><E9/><V47/><F80/><W124/><G5/><T4/><D109/><N who="3" m="41481" /><G3/><T27/><D78/><U121/><E121/><V2/><F2/><W120/><G106/><T22/><D4/><U90/><E127/><N who="3" m="48682" /><G112/><N who="2" m="43049" /><F62/><N who="0" m="23562" /><D41/><U17/><E77/><V39/><F64/><W94/><G94/><T122/><D122/><U0/><E0/><V101/><F101/><W73/><AGARI ba="0,0" hai="73,79,81,91,92,98,120,123" m="48682,41481" machi="73" ten="40,5200,0" yaku="18,1,34,2" doraHai="28" who="3" fromWho="3" sc="185,-26,179,-13,263,-13,373,52" />
</Scene>
<Scene>
<INIT seed="5,0,0,1,1,113" ten="159,166,250,425" oya="1" hai0="88,3,107,128,36,117,125,83,17,62,24,95,32" hai1="81,6,127,69,80,91,2,120,9,39,19,131,28" hai2="114,22,61,27,23,21,76,66,14,104,86,98,106" hai3="84,122,64,53,110,29,43,82,75,65,8,0,121"/><U47/><E120/><V34/><F114/><W33/><G110/><T74/><D107/><U105/><E105/><V12/><F104/><W68/><G53/><T40/><D3/><U10/><E69/><N who="2" m="42191" /><F86/><W112/><G43/><T93/><D125/><U5/><E127/><V130/><F76/><N who="3" m="44319" /><G84/><T38/><D128/><U52/><E28/><N who="2" m="19743" /><F130/><W67/><G67/><T42/><D62/><U25/><E131/><V133/><F133/><W44/><G65/><T31/><D17/><U35/><E35/><V89/><F89/><W7/><G112/><T48/><D88/><U49/><E39/><V4/><F4/><N who="1" m="1641" /><E2/><V101/><AGARI ba="0,0" hai="12,14,21,22,23,98,101,106" m="19743,42191" machi="101" ten="30,1100,0" yaku="25,1" doraHai="113" who="2" fromWho="2" sc="159,-3,166,-5,250,11,425,-3" />
</Scene>
<Scene>
<INIT seed="6,0,0,3,2,49" ten="156,161,261,422" oya="2" hai0="98,81,119,48,18,88,116,44,125,76,4,108,36" hai1="133,115,92,120,45,63,27,75,6,58,118,97,103" hai2="3,23,65,130,2,70,79,12,5,66,69,72,123" hai3="57,104,89,131,127,26,94,82,52,38,51,31,60"/><V68/><F123/><W105/><G38/><T96/><D108/><U114/><E118/><N who="0" m="45097" /><D125/><U128/><E75/><V64/><F130/><W95/><G127/><T22/><D36/><U0/><E128/><V37/><F37/><W13/><G82/><T132/><D4/><U29/><E120/><V86/><F72/><W50/><G95/><T90/><D132/><U42/><E133/><V124/><F124/><W21/><G51/><T93/><D76/><U126/><E126/><V129/><F129/><W61/><G61/><T35/><D35/><U39/><E6/><V43/><F43/><W84/><G131/><T87/><D90/><U40/><E40/><V71/><F5/><W10/><G60/><T7/><D7/><AGARI ba="0,0" hai="7,10,13,21,26,31,50,52,57,84,89,94,104,105" machi="7" ten="30,3900,0" yaku="7,1,52,1,54,1" doraHai="49" who="3" fromWho="0" sc="156,-39,161,0,261,0,422,39" />
</Scene>
<Scene>
<INIT seed="7,0,0,5,3,32" ten="117,161,261,461" oya="3" hai0="87,5,127,133,123,53,46,132,69,7,84,41,50" hai1="63,22,28,79,91,20,131,66,38,52,8,122,24" hai2="12,6,15,51,99,112,110,119,135,101,96,9,78" hai3="39,114,105,58,42,65,18,60,55,116,90,13,85"/><W30/><G30/><T37/><D123/><U31/><E38/><V92/><F119/><W120/><G105/><T54/><D5/><U3/><E131/><V19/><F112/><W23/><G42/><T76/><D7/><U2/><E79/><V11/><F135/><N who="0" m="51786" /><D76/><U73/><E73/><V64/><F110/><W70/><G39/><T62/><D84/><U117/><E117/><V126/><F126/><W45/><G45/><N who="0" m="23727" /><D87/><U25/><E122/><V77/><F64/><W130/><G55/><N who="0" m="30167" /><D127/><U125/><E125/><V107/><F107/><W74/><G74/><T68/><D62/><U82/><E8/><V124/><F99/><W111/><G58/><T4/><D4/><U43/><E82/><V88/><F101/><W29/><G29/><T75/><D75/><U128/><E91/><V57/><F124/><W14/><G120/><T71/><AGARI ba="0,0" hai="53,54,68,69,71" m="30167,23727,51786" machi="71" ten="40,5200,0" yaku="20,1,34,2" doraHai="32" who="0" fromWho="0" sc="117,52,161,-13,261,-13,461,-26" owari="169,-23.0,148,-35.0,248,5.0,435,53.0" />
</Scene>
</mjloggm>