<mjloggm ver="2.3"><GO type="169" lobby="0"/><UN n0="%6D%65%24%6F" n1="%41%53%41%50%49%4E" n2="%48%41%52%45%4D" n3="%E3%81%8A%E3%81%8B%E3%82%82%E3%81%A8" dan="16,19,16,17" rate="2056,2225,2155,2134" sx="M,M,M,M"/><TAIKYOKU oya="0"/>

<Scene>
<INIT seed="0,0,0,1,2,130" ten="250,250,250,250" oya="0" hai0="70,127,125,73,87,131,53,34,119,9,104,120,63" hai1="99,26,121,97,66,79,43,37,57,19,40,71,60" hai2="123,47,67,51,8,107,14,74,81,133,27,115,86" hai3="80,105,55,93,118,98,82,132,61,15,49,42,100"/><T52/><D120/><U110/><E121/><V16/><F107/><W95/><G118/><T122/><D122/><U0/><E110/><V38/><F115/><W103/><G42/><T76/><D119/><U46/><E0/><V108/><F123/><W62/><G105/><T72/><D131/><U113/><E113/><V64/><F108/><W22/><G132/><T13/><D104/><U83/><E40/><V36/><F74/><N who="0" m="28778" /><D34/><U11/><E71/><V85/><F133/><W112/><G112/><T39/><D39/><U50/><E37/><V111/><F111/><W5/><G5/><T90/><D76/><U28/><E19/><V106/><F106/><W116/><G116/><T4/><D63/><U59/><E11/><V91/><F86/><W23/><G62/><T129/><D70/><U44/><E44/><V88/><F91/><W75/><G75/><T3/><D3/><U33/><E59/><V30/><F38/><W78/><G61/><T58/><D58/><U135/><E135/><V77/><F77/><W109/><G109/><T48/><D48/><U1/><E1/><V96/><F96/><N who="3" m="59407" /><G78/><T35/><D35/><U128/><E128/><V89/><F89/><W31/><G23/><T102/><D129/><U7/><E7/><V17/><F36/><W114/><G114/><T94/><D102/><U117/><E117/><V126/><F17/><N who="3" m="10559" /><G31/><T68/><D68/><U45/><E45/><AGARI ba="0,0" hai="45,49,55,80,82,95,98,103" m="10559,59407" machi="45" ten="30,1000,0" yaku="8,1" doraHai="130" who="3" fromWho="1" sc="250,0,250,-10,250,0,250,10" />
</Scene>
<Scene>
<INIT seed="1,0,0,1,0,101" ten="250,240,250,260" oya="1" hai0="52,31,89,74,48,33,124,82,72,44,4,102,17" hai1="56,133,132,10,97,116,80,36,45,49,118,51,123" hai2="57,14,42,113,21,99,37,61,127,111,94,67,27" hai3="114,86,29,41,24,5,100,105,12,79,121,3,62"/><U78/><E10/><V104/><F127/><W47/><G121/><T54/><D124/><U71/><E97/><V13/><F111/><W70/><G3/><T93/><D4/><U23/><E23/><V130/><F130/><W1/><G1/><T30/><D102/><U46/><E80/><V108/><F108/><W59/><G114/><T85/><D33/><U32/><E32/><V75/><F75/><W50/><G5/><T134/><D134/><U81/><E81/><V64/><F113/><W84/><G12/><T98/><D17/><U9/><E9/><V22/><F104/><W53/><G79/><T76/><REACH who="0" step="1"/><D54/><REACH who="0" ten="240,240,250,260" step="2"/><U60/><E123/><V34/><F34/><W19/><G19/><T58/><D58/><U15/><E56/><V103/><F22/><W135/><G135/><T110/><D110/><U119/><E132/><V2/><F67/><W11/><G70/><T128/><D128/><U125/><E133/><V26/><F2/><W39/><G100/><T117/><D117/><U18/><E125/><V95/><F26/><W69/><G69/><T126/><D126/><U96/><E71/><V8/><F8/><W66/><G11/><T92/><D92/><U120/><E120/><V40/><F95/><W83/><G83/><T63/><D63/><U7/><E119/><V0/><F0/><W73/><G73/><AGARI ba="0,1" hai="30,31,44,48,52,72,73,74,76,82,85,89,93,98" machi="73" ten="40,5200,0" yaku="1,1,54,1,53,1" doraHai="101" doraHaiUra="91" who="0" fromWho="3" sc="240,62,240,0,250,0,260,-52" />
</Scene>
<Scene>
<INIT seed="2,0,0,0,0,41" ten="302,240,250,208" oya="2" hai0="34,134,14,101,125,129,92,15,68,61,78,124,97" hai1="89,44,130,104,71,117,111,29,112,48,0,103,132" hai2="30,84,105,115,110,131,12,50,40,22,63,52,35" hai3="88,49,82,65,9,126,18,102,39,17,45,27,128"/><V55/><F115/><W67/><G39/><T135/><D34/><U28/><E112/><V25/><F105/><W133/><G133/><N who="0" m="50699" /><D78/><U109/><E117/><V98/><F131/><W90/><G128/><T33/><D33/><U85/><E71/><V60/><F110/><N who="1" m="41993" /><E0/><V119/><F119/><W93/><G126/><N who="0" m="48747" /><D129/><U46/><E132/><V120/><F120/><W53/><G102/><T81/><D81/><U99/><E130/><V56/><F98/><W8/><G82/><T87/><D87/><U70/><E70/><V64/><F84/><W4/><G90/><T51/><D51/><U32/><E48/><V114/><F114/><W59/><G27/><T6/><D6/><U7/><E7/><V108/><F108/><W54/><G4/><T19/><D19/><U38/><E38/><V96/><F96/><N who="3" m="57383" /><G17/><T86/><D86/><U2/><E32/><V43/><F35/><W1/><G1/><T72/><D72/><U113/><E2/><V73/><F73/><W116/><G116/><T79/><D79/><U57/><E113/><V118/><F118/><W121/><G121/><T127/><D127/><U31/><E85/><V74/><F74/><W47/><G18/><T83/><D83/><U106/><E106/><V36/><F36/><W62/><G47/><N who="1" m="17962" /><E89/><V77/><F77/><W26/><G26/><T42/><D42/><U91/><E91/><V75/><F75/><W80/><G80/><T76/><D76/><U69/><E69/><N who="2" m="42119" /><F12/><W10/><AGARI ba="0,0" hai="8,9,10,45,49,53,54,59,62,65,67" m="57383" machi="10" ten="30,4000,0" yaku="8,1,52,1,54,1" doraHai="41" who="3" fromWho="3" sc="302,-10,240,-10,250,-20,208,40" />
</Scene>
<Scene>
<INIT seed="3,0,0,4,1,52" ten="292,230,230,248" oya="3" hai0="7,81,18,86,80,25,1,50,83,54,9,34,124" hai1="22,32,132,133,91,0,47,23,106,120,4,121,72" hai2="126,12,131,115,75,53,128,2,92,19,64,107,43" hai3="44,35,5,40,8,59,113,14,102,41,24,16,58"/><W13/><G113/><T109/><D124/><U37/><E106/><V63/><F107/><W71/><G71/><T127/><D127/><U78/><E91/><V129/><F126/><W48/><G102/><T27/><D109/><U100/><E100/><V45/><F115/><W88/><G41/><T90/><D27/><U28/><E47/><V55/><F2/><W30/><G88/><T6/><D6/><U60/><E37/><N who="2" m="21743" /><F92/><W17/><G5/><T11/><D11/><AGARI ba="0,0" hai="8,11,13,14,16,17,24,30,35,40,44,48,58,59" machi="11" ten="30,12000,1" yaku="7,1,9,1,52,2,54,1" doraHai="52" who="3" fromWho="0" sc="292,-120,230,0,230,0,248,120" />
</Scene>
<Scene>
<INIT seed="3,1,0,0,0,1" ten="172,230,230,368" oya="3" hai0="31,124,60,26,5,62,101,119,59,52,42,53,49" hai1="28,132,41,37,88,83,29,91,134,27,57,38,128" hai2="130,133,125,17,4,97,103,117,39,3,61,110,72" hai3="93,108,102,120,34,35,73,15,14,77,94,127,69"/><W84/><G69/><T58/><D119/><U65/><E128/><V6/><F61/><W135/><G73/><T56/><D101/><U109/><E109/><V23/><F117/><W118/><G120/><T19/><D19/><U90/><E83/><V107/><F39/><N who="1" m="14857" /><E41/><V16/><F72/><W64/><G118/><T2/><D124/><U70/><E27/><V111/><F3/><W131/><G64/><T50/><D42/><U100/><E100/><V92/><F130/><W36/><G36/><T7/><D2/><U85/><E85/><V20/><F125/><W116/><G116/><T74/><D74/><U43/><E43/><V76/><F76/><W80/><G127/><T0/><D0/><U89/><E70/><V129/><F133/><N who="1" m="51305" /><E89/><V13/><F107/><W99/><G131/><T10/><D10/><U45/><E45/><V104/><F104/><W51/><G135/><T9/><D9/><U98/><E98/><V47/><F47/><W40/><G108/><N who="2" m="41513" /><F129/><W112/><G94/><T121/><D121/><U115/><E115/><V68/><F68/><W114/><G112/><T106/><D106/><U82/><E82/><V12/><AGARI ba="1,0" hai="4,6,12,13,16,17,20,23,92,97,103" m="41513" machi="12" ten="30,7900,0" yaku="14,1,52,2,54,1" doraHai="1" who="2" fromWho="2" sc="172,-21,230,-21,230,82,368,-40" />
</Scene>
<Scene>
<INIT seed="4,0,0,3,2,55" ten="151,209,312,328" oya="0" hai0="127,89,94,96,82,79,99,39,129,56,34,80,32" hai1="62,106,75,90,97,35,63,59,5,125,22,36,111" hai2="69,101,123,41,67,91,119,15,53,77,81,40,18" hai3="29,43,54,33,87,20,6,117,109,108,93,0,64"/><T72/><D39/><U52/><E111/><V121/><F101/><W132/><G117/><T122/><D122/><U3/><E36/><V74/><F119/><W19/><G33/><T78/><D127/><U110/><E35/><V57/><F91/><W71/><G43/><T42/><D42/><U120/><E110/><V1/><F1/><W23/><G6/><T8/><D8/><U88/><E120/><V103/><F41/><W98/><G0/><T12/><D12/><U102/><E75/><V61/><F103/><W126/><G126/><T31/><D129/><U7/><E125/><V17/><F40/><W128/><G128/><T107/><D31/><U73/><E73/><V13/><F18/><W65/><G87/><T105/><D56/><U112/><E112/><V46/><F15/><W113/><G113/><T131/><D131/><U58/><E22/><V11/><REACH who="2" step="1"/><F46/><REACH who="2" ten="151,209,302,328" step="2"/><W116/><G19/><T85/><D32/><U115/><E115/><V114/><F114/><W66/><G116/><T60/><D34/><U21/><E5/><V26/><F26/><W48/><G108/><T86/><D60/><AGARI ba="0,1" hai="11,13,17,53,57,60,61,67,69,74,77,81,121,123" machi="60" ten="30,7700,0" yaku="1,1,7,1,52,1,53,1" doraHai="55" doraHaiUra="104" who="2" fromWho="0" sc="151,-77,209,0,302,87,328,0" />
</Scene>
<Scene>
<INIT seed="5,0,0,2,1,3" ten="74,209,389,328" oya="1" hai0="112,4,97,120,96,66,134,117,19,101,16,58,73" hai1="67,40,63,122,71,69,8,45,98,33,85,11,111" hai2="133,55,99,135,109,74,13,5,56,57,118,21,80" hai3="70,78,53,10,28,2,59,107,41,87,93,15,46"/><U104/><E122/><V129/><F109/><W114/><G107/><T62/><D120/><U29/><E71/><V128/><F118/><W124/><G70/><T12/><D117/><U48/><E85/><V31/><F99/><W44/><G2/><T24/><D73/><U68/><E68/><V115/><F115/><W61/><G114/><T75/><D75/><U102/><REACH who="1" step="1"/><E111/><REACH who="1" ten="74,199,389,328" step="2"/><V14/><F74/><W54/><G87/><T92/><D112/><U49/><E49/><V123/><F123/><W64/><G124/><T121/><D121/><U83/><E83/><V127/><F80/><W25/><G78/><T88/><D134/><U51/><E51/><V27/><F127/><W72/><G72/><T100/><D24/><AGARI ba="0,1" hai="8,11,24,29,33,40,45,48,63,67,69,98,102,104" machi="24" ten="40,7700,0" yaku="1,1,25,2,53,0" doraHai="3" doraHaiUra="110" who="1" fromWho="0" sc="74,-77,199,87,389,0,328,0" owari="-3,-50.0,286,-11.0,389,48.0,328,13.0" />
</Scene>
</mjloggm>