<mjloggm ver="2.3"><GO type="169" lobby="0"/><UN n0="%E9%9D%9E%E5%8A%B9%E7%8E%87%E6%89%93%E6%B3%95" n1="%41%53%41%50%49%4E" n2="%28%2A%C2%B4%33%EF%BD%80%2A%29" n3="%6D%69%6E%32%64%61%68%61" dan="17,19,16,16" rate="2201.56,2252.81,2038.91,2098.64" sx="M,M,F,M"/><TAIKYOKU oya="0"/>

<Scene>
<INIT seed="0,0,0,4,1,54" ten="250,250,250,250" oya="0" hai0="129,19,12,75,100,95,62,59,91,68,16,90,50" hai1="58,56,51,5,32,45,6,20,31,7,29,123,23" hai2="36,105,104,55,74,128,37,35,88,106,44,46,121" hai3="127,113,119,4,34,132,117,114,111,30,118,96,0"/><T8/><D75/><U125/><E123/><V60/><F121/><W57/><G96/><N who="0" m="59423" /><D129/><U131/><E131/><V11/><F74/><W41/><G41/><T70/><D70/><U22/><E125/><V101/><F128/><W13/><G127/><T72/><D68/><U26/><REACH who="1" step="1"/><E31/><REACH who="1" ten="250,240,250,250" step="2"/><V99/><F105/><W67/><G30/><T135/><D135/><U130/><E130/><V3/><F106/><W98/><G132/><T48/><D72/><U76/><E76/><V10/><F104/><W49/><G119/><T80/><D19/><U39/><E39/><V78/><F36/><W24/><G118/><T9/><D9/><U112/><E112/><V27/><F37/><W93/><G114/><T21/><D8/><U133/><E133/><V71/><F10/><W63/><G113/><T110/><D110/><U64/><E64/><V89/><F11/><W15/><G111/><T107/><D107/><U53/><AGARI ba="0,1" hai="5,6,7,20,22,23,26,29,32,45,51,53,56,58" machi="53" ten="30,7900,0" yaku="1,1,0,1,52,2,53,0" doraHai="54" doraHaiUra="102" who="1" fromWho="1" sc="250,-39,240,89,250,-20,250,-20" />
</Scene>
<Scene>
<INIT seed="1,0,0,2,2,116" ten="211,329,230,230" oya="1" hai0="133,10,135,95,83,109,1,47,29,102,11,70,80" hai1="126,112,31,85,18,124,33,92,50,72,4,89,51" hai2="15,100,134,55,53,74,86,98,30,58,73,40,66" hai3="81,9,105,39,65,113,88,125,3,35,117,106,79"/><U5/><E112/><V62/><F134/><N who="0" m="51210" /><D109/><U77/><E18/><V90/><F40/><W6/><G113/><T103/><D70/><U24/><E77/><V115/><F115/><W42/><G117/><T45/><D29/><U7/><REACH who="1" step="1"/><E72/><REACH who="1" ten="211,319,230,230" step="2"/><V97/><F30/><W111/><G79/><T119/><D119/><U128/><E128/><V43/><F74/><W49/><G111/><T130/><D130/><U93/><E93/><V67/><F73/><W37/><G106/><T108/><D108/><U101/><E101/><V21/><F100/><W78/><G105/><T2/><D102/><U0/><E0/><V27/><F90/><W127/><G3/><T94/><D2/><U99/><E99/><V122/><F98/><W84/><G78/><T64/><D1/><U20/><E20/><V12/><F97/><W68/><G127/><AGARI ba="0,1" hai="4,5,7,24,31,33,50,51,85,89,92,124,126,127" machi="127" ten="40,7700,0" yaku="1,1,18,1,53,1" doraHai="116" doraHaiUra="28" who="1" fromWho="3" sc="211,0,319,87,230,0,230,-77" />
</Scene>
<Scene>
<INIT seed="1,1,0,0,0,24" ten="211,406,230,153" oya="1" hai0="111,78,80,100,48,59,61,54,124,82,46,22,38" hai1="108,127,19,49,65,45,11,3,88,42,104,43,110" hai2="107,114,60,7,55,131,41,95,52,89,34,63,62" hai3="126,79,75,10,64,56,12,101,129,37,21,25,31"/><U91/><E104/><V105/><F107/><W67/><G37/><T57/><D111/><N who="1" m="42539" /><E127/><V87/><F105/><W120/><G120/><T18/><D38/><U85/><E65/><V90/><F41/><W1/><G126/><T23/><D100/><U84/><E43/><V69/><F69/><W17/><G129/><T123/><D123/><U4/><E19/><V122/><F122/><W33/><G101/><T35/><D18/><U58/><E58/><V28/><F7/><N who="3" m="1391" /><G56/><T20/><D59/><U71/><E71/><V92/><F131/><W106/><G106/><T112/><D57/><U102/><E102/><V5/><F5/><W16/><G17/><T81/><D124/><U26/><E26/><V2/><F2/><W44/><G44/><T47/><D47/><U15/><E3/><V97/><REACH who="2" step="1"/><F114/><REACH who="2" ten="211,406,220,153" step="2"/><W77/><G75/><T116/><D112/><U98/><E98/><V109/><F109/><W73/><G73/><T86/><D116/><U0/><E0/><V29/><F29/><W13/><G64/><T125/><D125/><U93/><E4/><V50/><F50/><W134/><G67/><T117/><D48/><U66/><E66/><V113/><F113/><W130/><G130/><T132/><D117/><U36/><E49/><V76/><F76/><W53/><G79/><T51/><D78/><U8/><E36/><V133/><F133/><W121/><G134/><T119/><D132/><U115/><E115/><V30/><F30/><W68/><G121/><T72/><D119/><U40/><E42/><V9/><F9/><W118/><G68/><T6/><D6/><RYUUKYOKU ba="1,1" sc="211,-10,406,-10,220,30,153,-10" hai2="28,34,52,55,60,62,63,87,89,90,92,95,97" />
</Scene>
<Scene>
<INIT seed="2,2,1,2,1,64" ten="201,396,250,143" oya="2" hai0="128,2,74,43,72,116,36,111,24,124,62,91,98" hai1="113,21,15,44,51,95,78,39,53,133,105,12,18" hai2="131,87,117,77,11,59,92,7,23,76,120,31,13" hai3="56,3,40,115,130,132,135,84,49,73,60,1,103"/><V16/><F120/><W106/><G73/><T99/><D2/><U71/><E113/><V81/><F117/><W41/><G115/><T65/><D116/><U61/><E105/><V20/><F131/><W79/><G130/><T123/><D123/><U102/><E133/><N who="3" m="51274" /><G106/><T10/><D10/><U83/><E39/><V63/><F92/><W125/><G103/><T22/><D43/><N who="3" m="16457" /><G49/><T38/><D72/><U88/><E102/><V109/><F109/><W107/><G107/><T27/><D111/><U17/><E71/><V108/><F108/><W25/><G125/><T57/><D74/><U75/><E61/><V94/><F94/><W112/><G112/><T80/><D62/><U85/><E18/><V29/><F76/><W28/><G84/><T122/><D38/><U114/><E114/><V100/><F100/><W0/><G79/><T93/><D36/><U45/><REACH who="1" step="1"/><E15/><REACH who="1" ten="201,386,250,143" step="2"/><V4/><F4/><W127/><G127/><T9/><D124/><U58/><AGARI ba="2,2" hai="12,17,21,44,45,51,53,58,75,78,83,85,88,95" machi="58" ten="20,16000,3" yaku="1,1,2,1,0,1,7,1,25,2,54,1,53,1" doraHai="64" doraHaiUra="89" who="1" fromWho="1" sc="201,-42,386,186,250,-82,143,-42" />
</Scene>
<Scene>
<INIT seed="3,0,0,1,4,116" ten="159,572,168,101" oya="3" hai0="88,113,73,28,134,91,31,66,104,39,98,102,14" hai1="69,43,58,1,76,86,79,24,78,15,128,101,60" hai2="7,119,42,59,92,70,120,121,85,18,44,34,103" hai3="106,109,54,105,16,118,29,65,99,126,53,94,81"/><W117/><G65/><T35/><D39/><U33/><E1/><V100/><F70/><W114/><G114/><T62/><D113/><U6/><E69/><V30/><F7/><W84/><G29/><T63/><D73/><U72/><E72/><V127/><F119/><W38/><G38/><T49/><D134/><U4/><E128/><V74/><F74/><W11/><G118/><T47/><D14/><U83/><E43/><V77/><F127/><W57/><G117/><T21/><D21/><U19/><E101/><V5/><F5/><N who="1" m="2153" /><E24/><N who="2" m="18759" /><F59/><W68/><G68/><N who="0" m="42071" /><D63/><U115/><E33/><V2/><F2/><W108/><G126/><T125/><D31/><U8/><E115/><V36/><F18/><W26/><G106/><T124/><D124/><U0/><E0/><V22/><F22/><N who="3" m="13639" /><G105/><T133/><D133/><U20/><E20/><V48/><F36/><W13/><G13/><T45/><D125/><U50/><E50/><V9/><F9/><W80/><G11/><T10/><D10/><U41/><E41/><V40/><F40/><W131/><G131/><T51/><D51/><U12/><E12/><V123/><F92/><W112/><G112/><T135/><D135/><U111/><E60/><V32/><F32/><W52/><G57/><T95/><D49/><U64/><E58/><V82/><AGARI ba="0,0" hai="42,44,48,77,82,85,100,103,120,121,123" m="18759" machi="82" ten="40,8000,1" yaku="13,1,52,3" doraHai="116" who="2" fromWho="2" sc="159,-20,572,-20,168,80,101,-40" />
</Scene>
<Scene>
<INIT seed="4,0,0,3,3,124" ten="139,552,248,61" oya="0" hai0="44,25,16,13,100,97,89,48,3,71,34,106,93" hai1="43,26,20,39,108,12,121,63,119,47,55,30,50" hai2="105,62,1,11,31,4,115,61,126,36,22,98,45" hai3="52,21,112,18,64,57,83,27,123,95,91,17,87"/><T8/><D71/><U122/><E119/><V10/><F126/><W99/><G112/><T102/><D3/><U23/><E108/><V81/><F115/><W104/><G123/><T125/><D125/><U86/><E63/><V56/><F11/><W131/><G104/><T24/><D34/><U82/><E12/><V5/><F5/><W90/><G131/><T110/><D110/><U14/><E14/><V101/><F81/><W96/><G64/><T51/><D51/><U69/><E20/><V6/><F6/><W80/><G99/><T2/><D2/><U114/><E69/><V9/><F9/><W103/><G83/><T67/><D67/><U70/><E70/><V53/><F36/><W135/><G135/><T74/><D74/><U78/><E114/><V35/><F35/><W54/><G18/><T68/><D68/><U15/><E15/><V132/><F132/><W73/><G73/><T111/><D111/><U92/><E92/><V113/><F113/><W42/><G42/><N who="0" m="24599" /><D106/><U118/><E118/><V58/><F45/><AGARI ba="0,0" hai="23,26,30,39,43,45,47,50,55,78,82,86,121,122" machi="45" ten="30,1000,0" yaku="7,1" doraHai="124" who="1" fromWho="2" sc="139,0,552,10,248,-10,61,0" />
</Scene>
<Scene>
<INIT seed="5,0,0,2,1,96" ten="139,562,238,61" oya="1" hai0="77,124,30,15,65,115,85,123,113,103,20,40,127" hai1="112,22,81,8,52,48,44,70,21,109,50,76,86" hai2="110,28,66,131,62,54,3,33,118,25,38,14,116" hai3="17,59,106,9,135,71,130,35,46,34,64,29,83"/><U97/><E112/><N who="0" m="43081" /><D123/><U4/><E70/><V99/><F3/><W128/><G71/><T101/><D65/><U126/><E126/><N who="0" m="48169" /><D40/><N who="1" m="24583" /><E97/><V47/><F110/><W119/><G64/><T107/><D107/><U5/><E109/><V114/><F114/><W72/><G106/><T88/><D77/><U13/><E4/><V0/><F0/><W67/><G67/><T100/><D30/><U7/><E5/><V31/><F31/><W121/><G29/><T10/><D20/><U92/><E92/><V53/><F38/><W56/><G121/><T91/><D85/><U49/><E49/><V105/><F28/><W79/><G79/><T58/><D58/><AGARI ba="0,0" hai="7,8,13,21,22,50,52,58,76,81,86" m="24583" machi="58" ten="30,5800,0" yaku="25,1,8,1,54,1" doraHai="96" who="1" fromWho="0" sc="139,-58,562,58,238,0,61,0" />
</Scene>
<Scene>
<INIT seed="5,1,0,4,0,3" ten="81,620,238,61" oya="1" hai0="113,103,120,118,62,114,65,132,124,125,40,57,35" hai1="129,26,127,73,50,70,117,77,126,69,52,0,12" hai2="128,112,58,39,32,92,105,5,9,55,64,14,115" hai3="31,29,106,75,133,82,30,123,16,90,60,80,37"/><U108/><E117/><V19/><F105/><W83/><G123/><T81/><D35/><U87/><E0/><V56/><F39/><W102/><G75/><T46/><D103/><U95/><E73/><V98/><F32/><W121/><G121/><T18/><D120/><U7/><E129/><V119/><F119/><W27/><G37/><N who="0" m="21775" /><D81/><N who="1" m="47535" /><E26/><V11/><F128/><W86/><G133/><T101/><D18/><U93/><E93/><V116/><F64/><W84/><G60/><T17/><D17/><U15/><E95/><V4/><F116/><W135/><G135/><T74/><D101/><U8/><E15/><N who="2" m="5543" /><F55/><W94/><G106/><T130/><D74/><U10/><E10/><V100/><F19/><W85/><REACH who="3" step="1"/><G102/><REACH who="3" ten="81,620,238,51" step="2"/><T76/><D118/><U1/><E108/><V43/><F112/><N who="0" m="43114" /><D132/><U131/><E131/><V134/><F134/><W2/><G2/><T49/><D130/><U54/><E1/><V20/><F115/><W51/><G51/><T78/><D49/><U59/><E50/><V104/><F104/><W21/><AGARI ba="1,1" hai="16,21,27,29,30,31,80,82,83,84,85,86,90,94" machi="21" ten="40,8000,1" yaku="1,1,0,1,8,1,54,1,53,1" doraHai="3" doraHaiUra="22" who="3" fromWho="3" sc="81,-21,620,-41,238,-21,51,93" />
</Scene>
<Scene>
<INIT seed="6,0,0,3,4,101" ten="60,579,217,144" oya="2" hai0="10,120,64,20,27,5,124,134,38,76,34,16,96" hai1="85,133,118,125,65,40,50,68,132,15,78,52,131" hai2="43,18,49,36,73,2,32,117,123,86,37,42,84" hai3="89,128,90,106,35,114,24,19,51,95,82,77,7"/><V119/><F32/><W22/><G128/><T83/><D120/><U110/><E110/><V81/><F123/><W13/><G35/><T30/><D38/><U48/><E131/><V47/><F2/><W91/><G114/><T97/><D124/><U105/><E125/><V126/><F126/><W8/><G106/><T100/><D64/><U62/><E105/><V66/><F66/><W46/><G95/><T63/><D63/><U21/><E118/><V70/><F70/><W75/><REACH who="3" step="1"/><G90/><REACH who="3" ten="60,579,217,134" step="2"/><T17/><D134/><U31/><E133/><V80/><F119/><W108/><G108/><T57/><D34/><U44/><E132/><V116/><F117/><W99/><G99/><T102/><D96/><U72/><E78/><V92/><F116/><W6/><G6/><T56/><D100/><U25/><E68/><V71/><F92/><W127/><G127/><T135/><D135/><U45/><E72/><V87/><F71/><W53/><AGARI ba="0,1" hai="7,8,13,19,22,24,46,51,53,75,77,82,89,91" machi="53" ten="20,2700,0" yaku="1,1,0,1,7,1,53,0" doraHai="101" doraHaiUra="113" who="3" fromWho="3" sc="60,-7,579,-7,217,-13,134,37" />
</Scene>
<Scene>
<INIT seed="7,0,0,1,0,131" ten="53,572,204,171" oya="3" hai0="127,0,53,27,110,116,63,103,29,33,17,7,9" hai1="84,101,36,126,104,45,80,26,111,106,35,68,85" hai2="107,13,4,86,34,10,65,129,55,105,49,75,100" hai3="92,121,97,31,74,130,15,112,77,102,21,25,90"/><W54/><G121/><T118/><D103/><U43/><E111/><V50/><F75/><W8/><G112/><T52/><D110/><U79/><E126/><V20/><F34/><W59/><G130/><T2/><D127/><U124/><E124/><V30/><F129/><W24/><G74/><T28/><D63/><U99/><E68/><V87/><F65/><W57/><G77/><T91/><D91/><U122/><E122/><V6/><F107/><W132/><G132/><T83/><D83/><U135/><E135/><V12/><F105/><W48/><G25/><T89/><D89/><U115/><E115/><V60/><F100/><W40/><G40/><T78/><D78/><U70/><E70/><V76/><F60/><W23/><G23/><T66/><D66/><U117/><E117/><V14/><F49/><W5/><G102/><T133/><D133/><U19/><E104/><V114/><F114/><W73/><G73/><T109/><D109/><U95/><E106/><V98/><F98/><W56/><AGARI ba="0,0" hai="5,8,15,21,24,31,48,54,56,57,59,90,92,97" machi="56" ten="20,3900,0" yaku="0,1,7,1,8,1" doraHai="131" who="3" fromWho="3" sc="53,-13,572,-13,204,-13,171,39" />
</Scene>
<Scene>
<INIT seed="7,1,0,0,3,44" ten="40,559,191,210" oya="3" hai0="99,46,41,114,97,107,12,29,91,65,16,34,27" hai1="9,132,79,26,127,118,55,133,135,87,40,126,88" hai2="130,113,8,121,33,112,19,103,85,22,98,0,73" hai3="83,90,2,129,30,92,115,1,31,60,67,59,109"/><W102/><G109/><T24/><D24/><U25/><E118/><V104/><F73/><W51/><G115/><N who="2" m="44105" /><F121/><W100/><G2/><T56/><D114/><U17/><E79/><V62/><F130/><W123/><G123/><T64/><D107/><U105/><E105/><V35/><F62/><W84/><G1/><T21/><D56/><U5/><E40/><V48/><F85/><W131/><G131/><T10/><D34/><U42/><E42/><V66/><F66/><W28/><G129/><T78/><D78/><U116/><E116/><V111/><F111/><W81/><G51/><T54/><D54/><U72/><E72/><V61/><F61/><W57/><G59/><T58/><D58/><U106/><E106/><V77/><F77/><W68/><G68/><T89/><D97/><U74/><E74/><V7/><F48/><W4/><G4/><T122/><D122/><U101/><E101/><AGARI ba="1,0" hai="28,30,31,57,60,67,81,83,84,90,92,100,101,102" machi="101" ten="40,2000,0" yaku="8,1" doraHai="44" who="3" fromWho="1" sc="40,0,559,-23,191,0,210,23" />
</Scene>
<Scene>
<INIT seed="7,2,0,1,2,80" ten="40,536,191,233" oya="3" hai0="76,40,95,12,49,20,53,129,99,101,34,133,98" hai1="48,131,79,25,1,126,24,92,32,100,113,9,41" hai2="82,44,19,62,10,85,37,2,54,50,67,31,58" hai3="72,45,8,84,116,15,14,42,121,134,114,117,107"/><W57/><G121/><T112/><D34/><U5/><E32/><V75/><F75/><W27/><G72/><T103/><D129/><U23/><E131/><V30/><F37/><W89/><G107/><T78/><D133/><U83/><E113/><V94/><F94/><W119/><G114/><T21/><D112/><U64/><E126/><V39/><F39/><W60/><G134/><T81/><D40/><U74/><E64/><V118/><F118/><W61/><G27/><T69/><D69/><U47/><E23/><V88/><F2/><W102/><G102/><T26/><D12/><AGARI ba="2,0" hai="10,12,19,30,31,44,50,54,58,62,67,82,85,88" machi="12" ten="40,8000,1" yaku="25,2,8,1,52,1,54,1" doraHai="80" who="2" fromWho="0" sc="40,-86,536,0,191,86,233,0" owari="-46,-55.0,536,64.0,277,8.0,233,-17.0" />
</Scene>
</mjloggm>