<mjloggm ver="2.3"><GO type="169" lobby="0"/><UN n0="%E6%A1%9C%E8%8A%B1%E9%96%83%E3%80%85" n1="%E3%83%90%E3%83%89%E3%83%A9%E3%83%83%E3%82%AF" n2="%6B%6F%67%65%70%61%6E" n3="%41%53%41%50%49%4E" dan="18,16,18,19" rate="2206.35,2028.69,2210.24,2323.67" sx="M,M,M,M"/><TAIKYOKU oya="0"/>

<Scene>
<INIT seed="0,0,0,1,0,40" ten="250,250,250,250" oya="0" hai0="47,42,76,85,21,57,78,114,38,14,13,26,73" hai1="53,135,91,9,3,80,81,75,63,97,116,83,95" hai2="7,24,127,71,20,115,32,10,129,70,123,59,18" hai3="37,23,104,107,55,0,117,119,35,112,36,46,126"/><T64/><D73/><U52/><E116/><V28/><F115/><W45/><G112/><T113/><D113/><U92/><E135/><V130/><F123/><W60/><G23/><T61/><D114/><U118/><E118/><V94/><F59/><W77/><G60/><T49/><D38/><U51/><E63/><V89/><F127/><W102/><G102/><T62/><D62/><U74/><E92/><V82/><F82/><W99/><G99/><T8/><D85/><U41/><E41/><V43/><F43/><W67/><G0/><T101/><D101/><U39/><E39/><V69/><F94/><W5/><G5/><T27/><D27/><U131/><E131/><V6/><F89/><W19/><G19/><N who="0" m="8615" /><D14/><U106/><E106/><V17/><F7/><W109/><G126/><T128/><D128/><N who="2" m="49258" /><F32/><W125/><G35/><T50/><D49/><U30/><E3/><AGARI ba="0,0" hai="3,6,10,17,18,20,24,28,69,70,71" m="49258" machi="3" ten="40,1300,0" yaku="19,1" doraHai="40" who="2" fromWho="1" sc="250,0,250,-13,250,13,250,0" />
</Scene>
<Scene>
<INIT seed="1,0,0,3,4,76" ten="250,237,263,250" oya="1" hai0="13,95,90,84,71,28,81,60,106,104,33,15,98" hai1="27,21,14,132,49,129,12,38,0,34,94,54,92" hai2="127,59,74,41,112,8,56,97,11,31,62,125,68" hai3="20,133,73,105,85,25,122,123,42,100,6,10,22"/><U3/><E38/><V57/><F74/><W37/><G73/><T39/><D39/><U82/><E34/><V52/><F112/><W131/><G133/><T117/><D117/><U43/><E132/><V128/><F128/><W80/><G131/><T24/><D104/><U111/><E43/><V91/><F41/><W108/><G108/><T2/><D2/><U23/><E129/><V9/><F31/><W19/><G22/><T78/><REACH who="0" step="1"/><D106/><REACH who="0" ten="240,237,263,250" step="2"/><U53/><E111/><V69/><F62/><W86/><G37/><T1/><D1/><U114/><E114/><V35/><F35/><W61/><G105/><T17/><D17/><U119/><E119/><V103/><F103/><W67/><G19/><T96/><D96/><U45/><E3/><V7/><F7/><W70/><G6/><T83/><D83/><U130/><E0/><V63/><F63/><W88/><G80/><T50/><D50/><U58/><E82/><V135/><F135/><W101/><G61/><T121/><D121/><U26/><E130/><V29/><F29/><W30/><G30/><T99/><D99/><U89/><E92/><V55/><F97/><W64/><G101/><T75/><D75/><U51/><E94/><V134/><F134/><W93/><G100/><T32/><D32/><U40/><E49/><V77/><F77/><W109/><G93/><T44/><D44/><U18/><E45/><V115/><F115/><W110/><G109/><T107/><D107/><U5/><E5/><V46/><F46/><W79/><G110/><T113/><D113/><U48/><E48/><V87/><F91/><RYUUKYOKU ba="0,1" sc="240,30,237,-10,263,-10,250,-10" hai0="13,15,24,28,33,60,71,78,81,84,90,95,98" />
</Scene>
<Scene>
<INIT seed="2,1,1,5,4,37" ten="270,227,253,240" oya="2" hai0="51,95,89,8,20,24,112,65,75,62,61,104,56" hai1="26,91,3,135,19,46,45,119,13,79,110,50,129" hai2="48,47,10,133,32,17,71,29,9,101,57,105,120" hai3="52,43,127,42,107,111,31,40,102,94,67,16,93"/><V106/><F120/><W59/><G107/><T2/><D104/><U121/><E119/><V124/><F71/><W68/><G68/><T38/><D38/><U83/><E3/><V85/><F106/><W103/><G67/><T66/><D75/><U87/><E121/><V35/><F57/><W98/><G111/><T36/><D36/><U90/><E110/><V73/><F73/><W80/><G127/><T6/><D112/><U53/><E129/><V41/><F133/><W74/><G31/><T76/><D76/><U100/><E135/><V97/><F124/><W82/><G74/><T81/><D81/><U1/><E1/><V30/><F85/><W131/><G131/><T130/><D51/><U39/><E100/><V88/><F88/><W118/><G118/><T60/><D66/><U113/><E26/><V134/><F134/><W63/><G16/><T92/><D92/><U21/><REACH who="1" step="1"/><E113/><REACH who="1" ten="270,217,253,240" step="2"/><V58/><F35/><W4/><G4/><T109/><D109/><U84/><E84/><V12/><F32/><W77/><G77/><T0/><D0/><U49/><E49/><V15/><F58/><W33/><G33/><T78/><D78/><U70/><E70/><V132/><F132/><W125/><G125/><T123/><D130/><U114/><E114/><V44/><REACH who="2" step="1"/><F47/><REACH who="2" ten="270,217,243,240" step="2"/><W69/><G69/><T5/><D123/><U72/><E72/><V11/><F11/><W34/><G34/><T126/><D126/><U23/><E23/><V122/><F122/><W99/><AGARI ba="1,3" hai="40,42,43,52,59,63,80,82,93,94,98,99,102,103" machi="99" ten="30,12000,2" yaku="0,1,9,1,8,1,52,3,54,1" doraHai="37" who="3" fromWho="3" sc="270,-31,217,-31,243,-61,240,153" />
</Scene>
<Scene>
<INIT seed="3,0,0,3,1,80" ten="239,186,182,393" oya="3" hai0="84,90,76,120,40,98,44,85,51,9,88,60,55" hai1="106,65,8,121,64,7,27,115,46,15,119,34,86" hai2="56,77,72,22,23,1,26,95,38,41,101,49,39" hai3="17,57,54,47,124,117,37,87,83,12,131,81,5"/><W67/><G117/><T61/><D120/><U109/><E115/><V78/><F1/><W94/><G131/><T48/><D9/><U89/><E121/><V122/><F122/><W97/><G124/><T111/><D111/><U0/><E109/><V30/><F72/><W112/><G112/><T93/><D76/><U135/><E106/><V123/><F123/><W66/><G5/><T13/><D13/><U62/><E119/><V45/><F23/><W92/><G47/><N who="0" m="28159" /><D98/><U126/><E126/><V103/><F39/><W32/><G32/><T28/><D28/><U31/><E135/><V6/><F6/><W52/><G37/><T125/><D125/><U105/><E105/><V104/><F104/><W68/><G68/><T10/><D10/><U129/><E129/><V73/><F73/><W113/><G113/><T58/><D58/><U79/><E79/><V18/><F18/><W20/><G54/><T36/><D36/><U114/><E46/><V21/><F21/><W53/><G53/><T29/><D29/><U16/><E62/><V127/><F127/><W4/><G4/><T132/><D132/><U59/><E59/><V50/><F38/><W96/><G96/><T19/><D19/><U128/><E128/><V2/><F2/><W24/><G97/><T74/><D74/><U82/><E114/><V99/><F103/><W133/><G133/><T116/><D116/><U108/><E108/><V11/><F11/><AGARI ba="0,0" hai="0,7,8,11,15,16,27,31,34,64,65,82,86,89" machi="11" ten="30,3900,0" yaku="7,1,52,1,54,1" doraHai="80" who="1" fromWho="2" sc="239,0,186,39,182,-39,393,0" />
</Scene>
<Scene>
<INIT seed="4,0,0,4,3,124" ten="239,225,143,393" oya="0" hai0="55,87,96,75,10,84,99,119,23,37,27,15,65" hai1="32,85,73,129,76,54,89,88,42,117,51,90,38" hai2="40,107,33,49,101,123,20,7,30,4,53,105,69" hai3="36,13,14,71,92,81,78,98,11,106,103,9,104"/><T57/><D75/><U62/><E32/><V5/><F123/><W22/><G71/><T0/><D0/><U74/><E117/><V111/><F111/><W131/><G36/><T24/><D37/><U21/><E38/><V48/><F69/><W41/><G41/><T122/><D65/><U17/><E42/><V112/><F112/><W61/><G131/><T35/><D35/><U44/><E129/><V114/><F114/><W102/><G61/><N who="0" m="36031" /><D119/><U77/><E62/><V86/><F33/><W60/><G60/><T132/><D132/><U1/><E1/><V39/><F39/><W50/><G50/><T68/><D68/><U95/><E74/><V121/><F121/><W58/><G58/><T34/><D34/><U135/><E135/><V16/><F30/><W63/><G63/><T25/><D23/><U56/><E56/><V12/><F101/><W19/><G103/><T43/><D43/><U47/><E44/><V115/><F115/><W110/><G22/><T64/><D64/><U80/><REACH who="1" step="1"/><E76/><REACH who="1" ten="239,215,143,393" step="2"/><V52/><F40/><W126/><G78/><T6/><D122/><U79/><E79/><V118/><F118/><W125/><G126/><T31/><D31/><U28/><E28/><V45/><REACH who="2" step="1"/><F86/><AGARI ba="0,1" hai="6,10,15,24,25,27,84,86,87,96,99" m="36031" machi="86" ten="30,1500,0" yaku="8,1" doraHai="124" who="0" fromWho="2" sc="239,25,215,0,143,-15,393,0" />
</Scene>
<Scene>
<INIT seed="4,1,0,3,1,91" ten="264,215,128,393" oya="0" hai0="9,126,40,38,48,99,56,129,44,128,102,114,123" hai1="134,22,11,1,75,89,59,98,125,32,52,33,104" hai2="65,41,50,121,95,82,101,83,29,80,71,7,87" hai3="23,113,97,73,28,35,105,36,132,17,135,92,53"/><T39/><D123/><U124/><E75/><V30/><F121/><W5/><G36/><T54/><D114/><U8/><E134/><N who="3" m="51242" /><G73/><T72/><D72/><U116/><E116/><V34/><F34/><W0/><G105/><T131/><D126/><N who="1" m="48747" /><E22/><V27/><F7/><W12/><G113/><T66/><D66/><U84/><E98/><V55/><F41/><W100/><G53/><T10/><REACH who="0" step="1"/><D38/><REACH who="0" ten="254,215,128,393" step="2"/><U112/><E112/><V133/><F133/><W4/><G0/><T69/><D69/><U67/><E67/><V6/><F65/><W2/><G2/><T51/><D51/><U20/><E1/><V81/><F71/><W49/><G49/><T85/><D85/><U19/><E84/><V61/><F87/><W111/><G111/><T58/><D58/><U86/><E86/><V106/><F83/><W103/><G103/><T46/><D46/><U127/><E127/><V63/><F82/><W93/><G100/><T120/><D120/><U74/><E74/><V76/><F81/><W68/><G68/><T90/><D90/><U117/><E89/><V18/><F80/><W37/><G37/><T57/><D57/><U24/><E117/><V130/><F101/><W79/><G79/><T107/><AGARI ba="1,1" hai="9,10,39,40,44,48,54,56,99,102,107,128,129,131" machi="107" ten="30,6000,0" yaku="1,1,0,1,19,1,53,0" doraHai="91" doraHaiUra="31" who="0" fromWho="0" sc="254,73,215,-21,128,-21,393,-21" />
</Scene>
<Scene>
<INIT seed="4,2,0,5,5,102" ten="327,194,107,372" oya="0" hai0="51,16,105,1,4,57,0,113,64,37,134,18,117" hai1="131,129,27,38,94,44,112,23,5,88,12,81,13" hai2="6,119,41,135,87,32,120,54,62,91,31,106,104" hai3="73,8,52,130,43,127,71,75,108,107,42,86,80"/><T101/><D37/><U76/><E38/><V79/><F120/><W95/><G108/><T19/><D117/><U97/><E44/><V25/><F135/><W109/><G109/><T20/><D134/><U96/><E96/><V82/><F119/><W126/><G71/><T47/><D20/><U33/><E33/><V50/><F6/><W103/><G95/><T35/><D35/><U111/><E111/><V39/><F62/><W114/><G114/><T22/><D22/><U89/><E89/><V3/><F3/><W118/><G118/><T133/><D133/><U84/><E112/><V15/><F15/><W11/><G130/><N who="1" m="49674" /><E5/><V34/><F34/><W46/><G43/><T124/><D113/><U67/><E67/><V24/><F24/><W74/><G42/><T40/><D124/><N who="3" m="47657" /><G52/><T61/><REACH who="0" step="1"/><D4/><REACH who="0" ten="317,194,107,372" step="2"/><U69/><E69/><V53/><F39/><W77/><G46/><T9/><D9/><U36/><E36/><V14/><F32/><W28/><G28/><AGARI ba="2,1" hai="12,13,23,27,28,76,81,84,88,94,97" m="49674" machi="28" ten="30,2000,0" yaku="19,1,54,1" doraHai="102" who="1" fromWho="3" sc="317,0,194,36,107,0,372,-26" />
</Scene>
<Scene>
<INIT seed="5,0,0,3,1,28" ten="317,230,107,346" oya="1" hai0="20,110,96,67,122,33,44,41,61,93,126,76,71" hai1="113,74,6,99,31,69,3,42,63,131,50,23,97" hai2="27,105,94,82,1,100,36,81,18,68,134,62,65" hai3="109,7,116,37,48,79,22,86,106,13,121,24,73"/><U114/><E74/><V56/><F134/><W30/><G109/><T135/><D110/><U64/><E131/><V101/><F1/><W32/><G121/><T90/><D135/><U128/><E128/><V34/><F36/><W124/><G37/><T117/><D117/><U39/><E39/><V125/><F125/><W19/><G106/><T95/><D126/><U87/><E87/><V49/><F101/><W88/><G124/><T112/><D112/><N who="1" m="43115" /><E6/><V108/><F108/><W104/><G104/><T75/><D122/><U54/><E42/><V83/><F94/><W5/><G116/><T58/><D20/><U43/><E43/><V85/><F18/><W92/><REACH who="3" step="1"/><G48/><REACH who="3" ten="317,230,107,336" step="2"/><T12/><D96/><U21/><E99/><V2/><F49/><W111/><G111/><T4/><D61/><U133/><E97/><V14/><F105/><W57/><G57/><T130/><D58/><U123/><E123/><V119/><F56/><W84/><G84/><T103/><D130/><U127/><E127/><V45/><F119/><W102/><G102/><T80/><D103/><U51/><E51/><V9/><F100/><W35/><G35/><T107/><D33/><U29/><E133/><V46/><F85/><W98/><G98/><T59/><D59/><N who="1" m="33239" /><E3/><V52/><F2/><W15/><G15/><T115/><D115/><U89/><E89/><V77/><F34/><W11/><G11/><N who="0" m="4199" /><D90/><U26/><E31/><V129/><F129/><W0/><G0/><T38/><D107/><U25/><E29/><V120/><F120/><W47/><G47/><T66/><D71/><U55/><E55/><RYUUKYOKU ba="0,1" sc="317,10,230,10,107,-30,336,10" hai0="38,41,44,66,67,75,76,80,93,95" hai1="21,23,25,26,63,64,69" hai3="5,7,13,19,22,24,30,32,73,79,86,88,92" />
</Scene>
<Scene>
<INIT seed="5,1,1,5,2,39" ten="327,240,77,346" oya="1" hai0="81,61,54,64,43,77,120,29,48,51,84,50,55" hai1="62,109,112,73,102,19,1,71,74,3,18,129,13" hai2="128,118,28,26,23,15,95,46,25,66,126,116,110" hai3="33,78,117,6,16,8,32,52,115,30,67,92,106"/><U57/><E71/><V96/><F110/><W100/><G106/><T114/><D114/><U124/><E112/><V58/><F126/><W103/><G115/><T69/><D120/><U24/><E124/><V38/><F128/><W12/><G117/><T111/><D111/><U42/><E109/><V49/><F38/><W9/><G67/><T2/><D2/><U14/><E129/><V98/><F98/><W41/><G78/><T70/><D70/><U35/><E102/><V0/><F0/><W85/><G41/><T27/><REACH who="0" step="1"/><D43/><REACH who="0" ten="317,240,77,346" step="2"/><U108/><E108/><V72/><F118/><W91/><G33/><AGARI ba="1,2" hai="27,29,33,48,50,51,54,55,61,64,69,77,81,84" machi="33" ten="40,2600,0" yaku="1,1,2,1,53,0" doraHai="39" doraHaiUra="37" who="0" fromWho="3" sc="317,49,240,0,77,0,346,-29" />
</Scene>
<Scene>
<INIT seed="6,0,0,1,0,41" ten="366,240,77,317" oya="2" hai0="12,132,24,128,51,0,103,106,87,27,15,124,76" hai1="56,23,7,6,77,102,31,99,72,98,30,74,110" hai2="117,21,108,109,20,78,116,28,13,71,2,22,120" hai3="52,36,93,113,89,59,85,11,105,32,126,92,125"/><V82/><F71/><W134/><G105/><T1/><D103/><U29/><E23/><N who="2" m="8779" /><F82/><W33/><G36/><T65/><D65/><U97/><E56/><V100/><F100/><W43/><G43/><T18/><D106/><U94/><E94/><V37/><F78/><W64/><G64/><T62/><D62/><U50/><E102/><V66/><F66/><W73/><G73/><N who="1" m="28266" /><E77/><V83/><F83/><W119/><G85/><T46/><D24/><U40/><E40/><V10/><F37/><W9/><G59/><T61/><D27/><U69/><E69/><V127/><F120/><W19/><G89/><T26/><D26/><U91/><E50/><V34/><N who="2" m="8787" /><V70/><DORA hai="130" /><F70/><W101/><G101/><T121/><D51/><U25/><E91/><V90/><F90/><W42/><G93/><T88/><D88/><U80/><E80/><V17/><F2/><W104/><G92/><T114/><D0/><U55/><E55/><V96/><F96/><W16/><G52/><T4/><D1/><U79/><E79/><V67/><F67/><W60/><G104/><T84/><D76/><U5/><E25/><N who="2" m="18703" /><F127/><W63/><G42/><T81/><D81/><U54/><E54/><V58/><F58/><W3/><G3/><T131/><D124/><U14/><E97/><V68/><F68/><W8/><G125/><T122/><D87/><U86/><E86/><V45/><F45/><W133/><G126/><T129/><D46/><U118/><E98/><V38/><F38/><W115/><G9/><N who="0" m="4135" /><D84/><U49/><E99/><V75/><F75/><W112/><G112/><RYUUKYOKU ba="0,0" sc="366,-15,240,-15,77,15,317,15" hai2="10,13,17,108,109,116,117" hai3="8,11,16,19,32,33,60,63,113,115,119,133,134" />
</Scene>
<Scene>
<INIT seed="6,1,0,3,3,35" ten="351,225,92,332" oya="2" hai0="90,29,135,65,30,58,53,133,41,107,110,36,120" hai1="32,92,116,89,7,13,15,126,5,74,51,48,44" hai2="27,100,76,98,28,43,49,69,72,23,96,79,80" hai3="39,8,4,127,52,62,119,93,42,123,16,38,115"/><V59/><F69/><W75/><G123/><T21/><D120/><U57/><E116/><V85/><F100/><W121/><G119/><T87/><D107/><U63/><E32/><V97/><F72/><W46/><G121/><T47/><D65/><U2/><E74/><V105/><F105/><W102/><G75/><T45/><D45/><U9/><E126/><V108/><F108/><W60/><G127/><T18/><D110/><U66/><E5/><V86/><F43/><W78/><G78/><T94/><D133/><U64/><E64/><V103/><F103/><W3/><G38/><T67/><D67/><U70/><E70/><V83/><F49/><W31/><G31/><T122/><D135/><U12/><REACH who="1" step="1"/><E44/><REACH who="1" ten="351,215,92,332" step="2"/><V37/><F37/><W130/><G46/><T84/><D122/><U11/><E11/><V40/><F40/><W17/><G8/><T50/><D47/><U6/><E6/><V56/><AGARI ba="1,1" hai="23,27,28,56,59,76,79,80,83,85,86,96,97,98" machi="56" ten="30,6000,0" yaku="0,1,9,1,8,1" doraHai="35" who="2" fromWho="2" sc="351,-21,215,-21,92,73,332,-21" />
</Scene>
<Scene>
<INIT seed="6,2,0,0,4,13" ten="330,194,165,311" oya="2" hai0="112,28,90,42,92,108,38,59,82,121,64,78,35" hai1="117,73,120,32,54,127,55,129,49,22,34,80,131" hai2="86,122,20,103,107,29,40,19,70,12,63,65,125" hai3="9,36,72,71,11,39,106,89,135,2,18,50,100"/><V0/><F122/><W61/><G72/><T21/><D35/><U7/><E117/><V67/><F125/><W53/><G135/><T119/><D121/><U46/><E127/><V24/><F0/><W69/><G89/><T66/><D108/><U56/><E120/><V51/><F65/><W48/><G61/><T94/><D112/><U30/><E7/><V88/><F40/><W134/><G134/><T57/><D38/><U83/><E22/><V27/><F51/><W77/><G100/><T105/><D105/><U104/><E104/><V47/><F47/><W37/><G106/><T102/><D102/><U14/><E14/><V68/><F68/><W6/><G77/><T98/><D42/><U52/><E30/><V133/><F133/><W128/><G128/><N who="1" m="49226" /><E55/><V79/><F79/><W93/><G93/><T8/><D94/><U15/><E15/><V97/><REACH who="2" step="1"/><F29/><REACH who="2" ten="330,194,155,311" step="2"/><W91/><G2/><T99/><D28/><U17/><E46/><V10/><F10/><W1/><G1/><T45/><D8/><U3/><E3/><V130/><F130/><W126/><G126/><T87/><D45/><U95/><E54/><V75/><F75/><W85/><G53/><T118/><D66/><U44/><E44/><V62/><F62/><W84/><G39/><T33/><D64/><U111/><E49/><V81/><AGARI ba="2,1" hai="12,19,20,24,27,63,67,70,81,86,88,97,103,107" machi="81" ten="20,18000,2" yaku="1,1,0,1,7,1,52,1,54,1,53,1" doraHai="13" doraHaiUra="16" who="2" fromWho="2" sc="330,-62,194,-62,155,196,311,-62" />
</Scene>
<Scene>
<INIT seed="6,3,0,3,4,12" ten="268,132,351,249" oya="2" hai0="20,0,47,19,80,96,48,8,132,53,66,41,104" hai1="94,9,101,95,83,6,76,37,79,88,59,43,98" hai2="73,45,39,68,28,91,112,22,35,38,4,65,93" hai3="107,74,115,2,100,82,17,110,44,50,3,16,57"/><V78/><F35/><W52/><G110/><T131/><D131/><U29/><E29/><V113/><F4/><W77/><G115/><T106/><D66/><U26/><E26/><N who="2" m="16471" /><F65/><W42/><G100/><T130/><D130/><U134/><E37/><V24/><F68/><W27/><G107/><T5/><D132/><U114/><E114/><N who="2" m="44139" /><F24/><W116/><G116/><T124/><D124/><U97/><E134/><V92/><F45/><W102/><G102/><T56/><D80/><U54/><E43/><V1/><F1/><W108/><G108/><T15/><REACH who="0" step="1"/><D96/><REACH who="0" ten="258,132,351,249" step="2"/><U62/><REACH who="1" step="1"/><E83/><REACH who="1" ten="258,122,351,249" step="2"/><N who="2" m="45519" /><F93/><W127/><G82/><T126/><D126/><U128/><E128/><V55/><F55/><W63/><G52/><T71/><D71/><U125/><E125/><V31/><F31/><W61/><G127/><T117/><D117/><U84/><E84/><AGARI ba="3,2" hai="38,39,84,91,92" m="45519,44139,16471" machi="84" ten="30,1500,0" yaku="15,1" doraHai="12" who="2" fromWho="1" sc="258,0,122,-24,351,44,249,0" />
</Scene>
<Scene>
<INIT seed="6,4,0,1,5,41" ten="258,98,395,249" oya="2" hai0="122,19,31,29,32,96,70,14,113,110,34,98,35" hai1="61,52,132,121,107,111,33,50,85,57,135,40,103" hai2="49,71,60,59,104,17,102,130,99,86,27,129,39" hai3="38,92,109,134,73,58,18,55,78,118,83,9,30"/><V105/><F39/><W117/><G109/><T126/><D70/><U75/><E111/><V108/><F105/><W72/><G72/><T125/><D110/><U46/><E75/><V65/><F108/><W120/><G120/><T95/><D122/><U89/><E33/><V67/><F86/><W2/><G134/><T20/><D113/><U48/><E121/><V3/><F3/><W123/><G123/><T91/><REACH who="0" step="1"/><D98/><REACH who="0" ten="248,98,395,249" step="2"/><U81/><REACH who="1" step="1"/><E61/><REACH who="1" ten="248,88,395,249" step="2"/><V51/><F60/><N who="3" m="35935" /><G118/><T79/><D79/><U115/><E115/><V36/><F129/><W90/><G78/><T10/><D10/><U114/><E114/><V24/><F130/><W11/><G9/><T43/><D43/><U1/><E1/><V23/><F71/><W5/><G11/><T54/><D54/><U25/><E25/><V0/><F27/><W133/><G2/><T22/><D22/><U56/><E56/><V53/><F0/><W45/><G117/><T77/><D77/><U127/><E127/><AGARI ba="4,2" hai="14,19,20,29,31,32,34,35,91,95,96,125,126,127" machi="127" ten="50,3200,0" yaku="1,1,18,1,53,0" doraHai="41" doraHaiUra="128" who="0" fromWho="1" sc="248,64,88,-44,395,0,249,0" />
</Scene>
<Scene>
<INIT seed="7,0,0,1,2,65" ten="312,44,395,249" oya="3" hai0="11,125,74,19,28,100,111,88,40,57,36,68,64" hai1="72,133,4,67,35,121,123,16,63,1,55,95,48" hai2="23,46,30,53,41,109,29,85,110,58,2,116,56" hai3="47,81,12,93,37,42,124,115,38,25,21,20,71"/><W122/><G122/><T31/><D74/><U97/><E72/><V117/><F2/><W76/><G115/><T32/><D111/><U77/><E77/><V33/><F33/><W128/><G128/><T90/><D68/><U8/><E35/><V114/><F85/><W107/><G107/><T27/><D100/><U39/><E39/><V6/><F6/><W51/><G124/><T80/><D125/><U83/><E83/><V108/><F114/><W50/><G38/><T102/><D102/><U22/><E133/><V99/><F99/><W84/><G71/><T129/><D129/><U132/><E132/><V104/><F104/><W54/><G93/><T26/><D36/><U94/><E55/><V82/><F82/><W24/><G12/><N who="0" m="7583" /><D40/><U120/><E48/><N who="2" m="26703" /><F23/><N who="3" m="8779" /><G37/><T5/><D5/><U13/><E97/><V44/><F116/><W14/><G14/><T87/><D32/><U7/><E7/><V135/><F117/><W3/><G3/><T126/><D126/><U105/><E105/><V59/><F135/><W43/><G43/><T18/><D90/><U34/><E34/><V119/><F119/><W106/><G106/><T52/><D64/><U92/><E123/><V45/><F53/><W91/><G76/><T118/><D118/><U86/><E86/><V73/><F73/><W70/><G70/><T79/><D79/><U62/><E67/><V113/><F113/><W112/><G112/><T103/><D103/><U9/><E120/><V10/><F110/><W131/><G131/><T130/><D130/><U98/><E121/><V127/><F109/><W49/><G42/><RYUUKYOKU ba="0,0" sc="312,-10,44,-10,395,-10,249,30" hai3="24,25,47,49,50,51,54,81,84,91" />
</Scene>
<Scene>
<INIT seed="7,1,0,4,5,6" ten="302,34,385,279" oya="3" hai0="24,118,80,5,131,41,51,77,115,79,73,78,27" hai1="126,52,109,107,56,85,123,25,2,69,54,108,32" hai2="8,110,88,11,112,106,7,132,45,60,124,18,81" hai3="90,64,121,38,13,93,86,37,53,46,127,20,19"/><W48/><G121/><T114/><D118/><U44/><E2/><V31/><F106/><W1/><G127/><T14/><D131/><U23/><E32/><V9/><F110/><W34/><G34/><T68/><D68/><U61/><E107/><V97/><F31/><W99/><G1/><T16/><D5/><U36/><E85/><V125/><F7/><W66/><G38/><T70/><D70/><U58/><E123/><V72/><F112/><N who="0" m="43050" /><D80/><U120/><E120/><V75/><F18/><W57/><G37/><T74/><D51/><U30/><E69/><V17/><F17/><W76/><G76/><T40/><D40/><U122/><E122/><V3/><F3/><W10/><G20/><N who="0" m="11287" /><D41/><U102/><E126/><V87/><F81/><N who="3" m="49487" /><G57/><T28/><D28/><U21/><E36/><V98/><F125/><W29/><G29/><T103/><D103/><AGARI ba="1,0" hai="10,13,19,46,48,53,64,66,93,99,103" m="49487" machi="103" ten="30,5800,0" yaku="25,1,8,1,52,1" doraHai="6" who="3" fromWho="0" sc="302,-61,34,0,385,0,279,61" />
</Scene>
<Scene>
<INIT seed="7,2,0,5,4,33" ten="241,34,385,340" oya="3" hai0="8,26,75,77,135,17,76,74,27,62,19,14,2" hai1="110,65,71,53,105,51,104,31,18,121,21,43,103" hai2="97,7,87,38,94,16,28,79,10,34,96,127,124" hai3="11,82,72,73,120,47,111,89,84,99,133,98,66"/><W50/><G120/><T81/><D135/><U55/><E31/><V129/><F38/><W52/><G133/><T131/><D131/><U58/><E103/><V13/><F129/><W128/><G128/><T40/><D40/><U36/><E121/><V83/><F7/><W95/><G111/><T117/><D117/><U56/><E110/><V42/><F42/><W112/><G112/><T85/><D62/><U68/><E104/><V69/><F69/><W100/><G66/><T3/><D85/><U23/><E105/><V118/><F118/><W93/><REACH who="3" step="1"/><G11/><REACH who="3" ten="241,34,385,330" step="2"/><T80/><D14/><U92/><E65/><V48/><F48/><W132/><G132/><T57/><D57/><U91/><E36/><V46/><F46/><W109/><G109/><T122/><D122/><U67/><E67/><V15/><F15/><W35/><G35/><T114/><REACH who="0" step="1"/><D8/><REACH who="0" ten="231,34,385,330" step="2"/><U107/><E68/><V78/><F10/><W63/><G63/><T61/><D61/><U25/><E71/><V12/><F13/><W88/><AGARI ba="2,2" hai="47,50,52,72,73,82,84,88,89,93,95,98,99,100" machi="88" ten="20,18000,2" yaku="1,1,0,1,7,1,54,2,53,1" doraHai="33" doraHaiUra="45" who="3" fromWho="3" sc="231,-62,34,-62,385,-62,330,206" owari="169,-23.0,-28,-53.0,323,12.0,536,64.0" />
</Scene>
</mjloggm>