<mjloggm ver="2.3"><GO type="169" lobby="0"/><UN n0="%E3%82%80%E3%83%BC%E3%82%80" n1="%E3%83%8F%E3%83%94%E3%83%8A%E5%90%8D%E6%8E%9B%E4%B8%81" n2="%41%53%41%50%49%4E" n3="%7A%65%72%6F%52%58" dan="16,16,19,17" rate="2094,2088,2220,2139" sx="M,M,M,M"/><TAIKYOKU oya="0"/>

<Scene>
<INIT seed="0,0,0,2,3,123" ten="250,250,250,250" oya="0" hai0="56,103,132,83,24,105,51,61,76,86,53,91,62" hai1="130,43,118,26,90,44,45,72,101,133,8,107,100" hai2="28,15,75,80,0,4,14,106,3,48,94,78,96" hai3="84,32,37,42,50,12,116,39,27,120,6,117,59"/><T89/><D132/><U36/><E118/><V16/><F106/><W40/><G120/><T131/><D131/><U81/><E133/><V127/><F127/><W41/><G84/><T135/><D135/><U97/><E101/><V77/><F28/><W124/><G124/><T98/><D91/><U21/><E130/><V126/><F126/><W110/><G110/><T58/><D24/><U30/><E44/><V92/><F92/><W93/><G93/><T29/><D29/><U57/><E57/><V17/><F4/><W33/><G50/><T114/><D114/><U71/><E71/><V73/><F48/><W23/><G59/><T66/><REACH who="0" step="1"/><D89/><REACH who="0" ten="240,250,250,250" step="2"/><U85/><E8/><V54/><F3/><W112/><G27/><T109/><D109/><U63/><E63/><AGARI ba="0,1" hai="51,53,56,58,61,62,63,66,76,83,86,98,103,105" machi="63" ten="40,2000,0" yaku="1,1,53,0" doraHai="123" doraHaiUra="70" who="0" fromWho="1" sc="240,30,250,-20,250,0,250,0" />
</Scene>
<Scene>
<INIT seed="0,1,0,4,4,71" ten="270,230,250,250" oya="0" hai0="45,79,69,18,106,64,60,81,73,29,37,76,50" hai1="97,129,90,66,74,15,17,21,107,0,48,55,47" hai2="135,80,51,6,57,67,46,33,95,108,134,100,12" hai3="56,109,110,86,28,3,19,54,70,83,4,101,13"/><T117/><D117/><U89/><E74/><V99/><F33/><W1/><G70/><T127/><D127/><U42/><E0/><V104/><F108/><N who="3" m="41579" /><G28/><T98/><D79/><U59/><E129/><V82/><F104/><W35/><G101/><T119/><D119/><U125/><E125/><V14/><F67/><W40/><G40/><T20/><D29/><U113/><E113/><V34/><F34/><W115/><G4/><T93/><D106/><U2/><E2/><V8/><F57/><W52/><G35/><T9/><D9/><U38/><REACH who="1" step="1"/><E66/><REACH who="1" ten="270,220,250,250" step="2"/><V16/><F135/><W120/><G115/><T87/><D73/><U118/><E118/><V92/><F134/><W84/><G1/><T41/><D50/><U43/><E43/><N who="2" m="25055" /><F95/><W44/><G3/><T133/><D133/><U85/><E85/><V116/><F116/><W10/><G86/><T26/><D93/><U88/><E88/><V102/><F100/><AGARI ba="1,1" hai="15,17,21,38,42,47,48,55,59,89,90,97,100,107" machi="100" ten="40,2600,0" yaku="1,1,52,1,53,0" doraHai="71" doraHaiUra="132" who="1" fromWho="2" sc="270,0,220,39,250,-29,250,0" />
</Scene>
<Scene>
<INIT seed="1,0,0,4,4,27" ten="270,259,221,250" oya="1" hai0="93,131,18,11,125,71,118,5,47,107,10,120,23" hai1="104,95,122,53,108,81,77,105,50,76,64,49,39" hai2="89,65,7,3,69,100,12,30,101,22,96,20,35" hai3="86,110,33,83,46,128,25,6,15,74,51,31,16"/><U106/><E122/><V2/><F89/><W52/><G110/><T134/><D107/><U14/><E39/><V72/><F72/><W119/><G128/><T73/><D118/><U8/><E64/><V80/><F80/><W132/><G132/><T34/><D73/><U21/><E21/><V66/><F12/><W133/><G133/><T113/><D71/><U92/><E108/><V111/><F111/><W109/><G109/><T44/><D34/><U41/><E41/><V90/><F90/><W84/><G6/><T123/><D93/><U129/><E129/><V102/><F96/><W45/><G119/><T99/><D99/><U126/><E126/><V91/><F91/><W127/><G127/><T88/><D113/><U103/><E103/><V58/><F69/><W116/><G46/><T28/><D47/><U97/><E97/><V62/><F65/><W94/><G94/><T124/><D44/><U36/><E36/><V98/><F98/><W115/><G115/><T26/><D88/><U9/><E53/><V43/><F43/><W57/><G45/><T1/><D131/><U82/><E106/><V0/><REACH who="2" step="1"/><F7/><REACH who="2" ten="270,259,211,250" step="2"/><W78/><G116/><T112/><D134/><U24/><E14/><V55/><F55/><W117/><REACH who="3" step="1"/><G117/><REACH who="3" ten="270,259,211,240" step="2"/><T70/><D124/><U75/><E75/><V56/><F56/><W19/><G19/><T114/><D125/><U48/><E82/><V121/><F121/><W87/><G87/><T13/><D70/><U32/><E81/><V29/><F29/><W63/><G63/><T42/><D42/><U38/><E95/><V60/><F60/><RYUUKYOKU ba="0,2" sc="270,10,259,-30,211,10,240,10" hai0="1,5,10,11,13,18,23,26,28,112,114,120,123" hai2="0,2,3,20,22,30,35,58,62,66,100,101,102" hai3="15,16,25,31,33,51,52,57,74,78,83,84,86" />
</Scene>
<Scene>
<INIT seed="2,1,2,4,3,19" ten="280,229,221,250" oya="2" hai0="45,112,99,125,81,9,109,61,113,63,30,90,69" hai1="54,22,74,73,75,38,134,65,64,46,88,41,29" hai2="106,122,117,72,100,35,25,55,120,43,110,131,67" hai3="108,53,23,96,95,79,2,115,16,111,40,44,107"/><V48/><F72/><W14/><G2/><T82/><D109/><N who="3" m="42057" /><G115/><T132/><D132/><U7/><E7/><V129/><F110/><W39/><G79/><T49/><D30/><U33/><E33/><V8/><F117/><W52/><G107/><T105/><D9/><U78/><E78/><V57/><F8/><W20/><G20/><T104/><D49/><U70/><E70/><V42/><F100/><AGARI ba="1,2" hai="14,16,23,39,40,44,52,53,95,96,100" m="42057" machi="100" ten="30,7700,0" yaku="14,1,52,1,54,2" doraHai="19" who="3" fromWho="2" sc="280,0,229,0,221,-80,250,100" />
</Scene>
<Scene>
<INIT seed="3,0,0,1,0,96" ten="280,229,141,350" oya="3" hai0="62,5,128,19,55,21,73,52,116,24,20,23,29" hai1="78,63,41,44,64,105,37,9,95,11,50,56,68" hai2="130,65,54,98,106,36,45,117,10,84,100,1,93" hai3="104,51,92,33,132,8,71,122,26,27,111,40,35"/><W77/><G122/><T0/><D116/><U114/><E105/><V6/><F117/><W75/><G104/><T85/><D73/><U32/><E32/><V127/><F130/><W14/><G71/><T43/><D128/><U133/><E133/><V80/><F127/><W3/><G3/><T120/><D120/><U103/><E78/><V48/><F36/><W118/><G118/><T102/><D102/><U129/><E114/><V18/><F65/><W81/><G132/><T112/><D112/><U2/><E2/><V131/><F131/><W97/><G111/><T25/><D43/><U49/><E49/><V16/><REACH who="2" step="1"/><F106/><REACH who="2" ten="280,229,131,350" step="2"/><W47/><G35/><T90/><D62/><U76/><E129/><V113/><F113/><W69/><G33/><T91/><D23/><U126/><E126/><V94/><F94/><W108/><G108/><T109/><D109/><U66/><E66/><V115/><F115/><W39/><G39/><T60/><D60/><U4/><E37/><V123/><F123/><W74/><G69/><T57/><D21/><U59/><E64/><V38/><F38/><W7/><REACH who="3" step="1"/><G75/><REACH who="3" ten="280,229,131,340" step="2"/><T67/><D67/><U17/><E68/><V28/><F28/><W42/><G42/><T121/><D29/><U99/><E41/><V58/><F58/><W15/><G15/><T110/><D57/><U22/><E59/><V72/><F72/><W134/><G134/><T88/><D110/><U107/><E56/><V34/><F34/><W79/><G79/><AGARI ba="0,2" hai="1,6,10,16,18,45,48,54,79,80,84,93,98,100" machi="79" ten="30,12000,2" yaku="1,1,7,1,52,1,54,1,53,2" doraHai="96" doraHaiUra="12" who="2" fromWho="3" sc="280,0,229,0,131,140,340,-120" />
</Scene>
<Scene>
<INIT seed="4,0,0,4,5,49" ten="280,229,271,220" oya="0" hai0="135,133,1,34,56,116,62,40,89,52,36,35,126" hai1="78,109,7,70,23,66,65,83,12,134,26,106,103" hai2="15,111,94,5,72,77,74,79,0,125,46,67,30" hai3="102,124,110,64,58,2,108,81,41,21,99,48,118"/><T53/><D116/><U76/><E109/><V123/><F123/><W107/><G118/><T29/><D1/><U37/><E37/><V18/><F111/><W105/><G2/><T121/><D121/><U33/><E33/><N who="0" m="12297" /><D29/><U14/><E134/><N who="0" m="51209" /><D126/><U27/><E103/><V11/><F30/><W63/><G107/><T86/><D40/><U43/><E43/><V69/><F125/><W6/><G124/><T92/><D36/><U131/><E106/><V16/><F18/><W113/><G6/><T24/><D24/><U25/><E131/><V117/><F117/><W73/><G113/><T91/><D91/><U122/><E122/><V59/><F0/><W130/><G130/><T128/><D128/><U31/><E31/><V3/><F3/><W10/><G10/><T45/><D45/><U20/><E70/><V39/><F69/><W114/><G114/><T28/><D28/><U127/><E127/><V97/><F46/><W22/><G110/><T132/><N who="0" m="51217" /><T87/><DORA hai="101" /><D87/><U119/><E119/><V9/><F39/><W57/><G108/><T129/><D129/><U88/><E26/><V100/><F11/><W19/><G41/><T96/><D96/><U51/><E27/><V4/><F5/><W50/><G21/><T98/><D98/><U112/><E7/><V93/><F4/><W84/><G73/><N who="2" m="28265" /><F97/><W13/><REACH who="3" step="1"/><G58/><REACH who="3" ten="280,229,271,210" step="2"/><T80/><D80/><U104/><E112/><V115/><F115/><W71/><G71/><T90/><D90/><AGARI ba="0,1" hai="13,19,22,48,50,57,63,64,81,84,90,99,102,105" machi="90" ten="30,8000,1" yaku="1,1,7,1,52,1,53,2" doraHai="49,101" doraHaiUra="85,60" who="3" fromWho="0" sc="280,-80,229,0,271,0,210,90" />
</Scene>
<Scene>
<INIT seed="5,0,0,4,2,59" ten="200,229,271,300" oya="1" hai0="41,80,54,101,66,115,89,29,124,0,63,128,62" hai1="125,58,33,24,90,3,48,86,117,9,2,17,39" hai2="57,127,20,30,123,31,7,70,1,6,5,106,113" hai3="79,102,37,71,28,61,64,120,77,12,14,72,105"/><U104/><E39/><V133/><F123/><W74/><G120/><T23/><D0/><U81/><E117/><V56/><F70/><W107/><G37/><T40/><D115/><U118/><E118/><V75/><F75/><W19/><G74/><T99/><D124/><U34/><E104/><V18/><F106/><W134/><G134/><T15/><D128/><U103/><E103/><V94/><F113/><W121/><G121/><T84/><D54/><U68/><E68/><V42/><F133/><W97/><G105/><T25/><D15/><U67/><E125/><V93/><F127/><W88/><G28/><N who="2" m="10793" /><F42/><N who="0" m="16490" /><D66/><U112/><E112/><V110/><F1/><W51/><G14/><T16/><D29/><U108/><E108/><V131/><F131/><W32/><G32/><T50/><D50/><U85/><E33/><V55/><F57/><W69/><G69/><T21/><D21/><N who="1" m="13359" /><E34/><V92/><F110/><W116/><G116/><T122/><D122/><U38/><E38/><V46/><F46/><W35/><G35/><T53/><D53/><N who="1" m="32039" /><E2/><V98/><F55/><W132/><G132/><T76/><D101/><U65/><E3/><V109/><F56/><W10/><G72/><T49/><D49/><U95/><E9/><V36/><F36/><W26/><G51/><T4/><D4/><U43/><E43/><V119/><F109/><W11/><G11/><T83/><D83/><U96/><E81/><V45/><F119/><W82/><G26/><T114/><D114/><U78/><E78/><V44/><F5/><W111/><G111/><T129/><D129/><U100/><E100/><RYUUKYOKU ba="0,0" sc="200,10,229,10,271,-30,300,10" hai0="16,23,25,62,63,76,80,84,89,99" hai1="65,67,85,86,90,95,96" hai3="10,12,19,61,64,71,77,79,82,88,97,102,107" />
</Scene>
<Scene>
<INIT seed="5,1,0,3,1,3" ten="210,239,241,310" oya="1" hai0="20,60,21,50,6,66,31,16,69,84,102,51,97" hai1="68,74,8,133,33,17,126,23,107,92,100,71,11" hai2="119,130,131,118,18,105,63,34,59,14,99,2,91" hai3="104,39,93,64,81,79,45,38,19,57,9,40,109"/><U83/><E33/><V47/><F34/><W90/><G104/><T67/><D67/><U70/><E107/><V15/><F2/><W7/><G109/><T5/><D84/><U134/><E126/><V0/><F0/><N who="3" m="231" /><G19/><T101/><D31/><U115/><E115/><V108/><F108/><W41/><G64/><T127/><D127/><U116/><E116/><V56/><F47/><N who="3" m="23959" /><G57/><N who="0" m="37135" /><D21/><U125/><E125/><V4/><F105/><W88/><G93/><N who="0" m="58543" /><D102/><U80/><E92/><V10/><F118/><W135/><G135/><N who="1" m="51722" /><E100/><V75/><F119/><W120/><G120/><T12/><D69/><U24/><E74/><AGARI ba="1,0" hai="39,41,45,74,79,81,88,90" m="23959,231" machi="74" ten="30,3900,0" yaku="25,1,52,1,54,1" doraHai="3" who="3" fromWho="1" sc="210,0,239,-42,241,0,310,42" />
</Scene>
<Scene>
<INIT seed="6,0,0,0,5,114" ten="210,197,241,352" oya="2" hai0="104,8,4,71,50,72,122,19,130,39,84,33,13" hai1="26,74,112,96,41,61,106,101,37,38,92,29,113" hai2="76,52,110,31,81,129,7,18,14,88,59,70,35" hai3="77,62,36,66,90,32,128,119,127,67,111,1,12"/><V17/><F70/><W118/><G1/><T46/><D122/><U64/><E92/><V108/><F129/><W63/><G111/><N who="2" m="42537" /><F31/><W116/><G36/><T91/><D72/><U75/><E113/><V98/><F35/><W54/><G32/><T2/><D130/><U0/><E112/><V65/><F65/><W80/><G128/><T28/><D39/><N who="1" m="14859" /><E0/><V44/><F44/><W78/><G54/><T49/><D104/><U134/><E41/><V82/><F7/><W121/><G121/><T89/><D71/><N who="1" m="42383" /><E134/><V25/><F25/><W45/><G45/><T20/><D84/><U22/><E22/><N who="2" m="11575" /><F76/><W51/><G78/><T58/><D58/><U6/><E6/><V30/><F30/><W135/><G77/><T34/><D34/><N who="1" m="20791" /><E75/><V95/><F18/><W24/><G135/><T79/><D79/><U99/><E99/><V125/><F125/><W105/><G127/><T56/><D56/><U87/><E87/><V11/><F11/><W123/><G123/><T85/><D85/><U126/><E74/><V48/><AGARI ba="0,0" hai="48,52,59,81,82,88,95,98" m="11575,42537" machi="48" ten="30,6000,0" yaku="10,1,54,2" doraHai="114" who="2" fromWho="2" sc="210,-20,197,-20,241,60,352,-20" />
</Scene>
<Scene>
<INIT seed="6,1,0,5,5,97" ten="190,177,301,332" oya="2" hai0="57,100,105,31,91,4,49,99,13,19,98,51,114" hai1="62,68,33,23,112,52,131,70,55,8,28,75,120" hai2="102,47,78,14,107,116,113,46,123,127,45,79,104" hai3="84,37,103,90,17,3,10,69,93,65,7,66,40"/><V85/><F116/><W27/><G69/><T111/><D111/><U86/><E75/><V122/><F113/><W18/><G37/><T130/><D114/><U125/><E33/><V87/><F14/><W119/><G40/><T92/><D31/><U94/><E112/><V43/><F43/><W34/><G119/><T110/><D110/><U135/><E135/><V83/><F127/><W35/><G103/><T39/><D39/><U20/><E125/><V95/><F95/><W9/><G9/><T63/><D4/><U59/><E131/><V29/><F29/><W61/><G66/><T60/><D130/><U2/><E120/><V15/><F15/><W38/><G38/><T1/><D1/><U133/><E133/><V67/><F67/><W80/><G93/><T89/><D89/><N who="1" m="53559" /><E2/><V6/><F6/><W96/><G96/><T77/><D77/><U24/><E70/><V76/><F102/><W106/><G106/><T12/><D12/><U48/><E68/><V72/><F72/><W42/><G42/><T22/><REACH who="0" step="1"/><D60/><REACH who="0" ten="180,177,301,332" step="2"/><U81/><E81/><V41/><F83/><N who="3" m="49439" /><G3/><T32/><D32/><U64/><E23/><V132/><F132/><W117/><G80/><T50/><D50/><U128/><E128/><V16/><F122/><W118/><G35/><T30/><D30/><U82/><E82/><V129/><F123/><W109/><G109/><T115/><D115/><U74/><E74/><V108/><F129/><W71/><G118/><T126/><D126/><U0/><E48/><V121/><F121/><W21/><G117/><T25/><D25/><U54/><E0/><RYUUKYOKU ba="1,1" sc="180,15,177,15,301,-15,332,-15" hai0="13,19,22,49,51,57,63,91,92,98,99,100,105" hai1="8,20,24,28,52,54,55,59,62,64" />
</Scene>
<Scene>
<INIT seed="7,2,1,4,5,14" ten="195,192,286,317" oya="3" hai0="45,79,96,23,64,12,115,126,116,65,1,17,124" hai1="103,0,72,15,110,54,99,73,67,37,9,132,94" hai2="43,21,30,3,118,101,53,74,75,123,50,77,27" hai3="58,8,134,102,82,52,66,33,78,47,90,68,55"/><W129/><G33/><T44/><D116/><U85/><E0/><V18/><F118/><W20/><G68/><T121/><D1/><U36/><E110/><V111/><F111/><W49/><G134/><T107/><D121/><U88/><E67/><N who="0" m="25673" /><D79/><U29/><E132/><V80/><F3/><W7/><G129/><T32/><D32/><U57/><E29/><V38/><F123/><W48/><G66/><T41/><D41/><U60/><E73/><V51/><F101/><W106/><G90/><T63/><D63/><U109/><E72/><V19/><F74/><W104/><G20/><T127/><D115/><U89/><E109/><V2/><F2/><W39/><G102/><AGARI ba="2,1" hai="12,17,23,44,45,96,102,107,124,126,127" m="25673" machi="102" ten="40,2600,0" yaku="18,1,52,1" doraHai="14" who="0" fromWho="3" sc="195,42,192,0,286,0,317,-32" />
</Scene>
<Scene>
<INIT seed="8,0,0,0,0,83" ten="237,192,286,285" oya="0" hai0="31,28,24,40,72,60,45,119,91,62,52,93,63" hai1="101,85,75,66,69,117,88,15,120,84,57,110,33" hai2="114,95,135,42,67,16,49,65,121,21,47,94,14" hai3="125,32,13,97,115,34,22,86,3,96,81,98,38"/><T10/><D72/><U5/><E110/><V39/><F114/><W30/><G115/><T77/><D119/><U122/><E75/><V48/><F121/><W44/><G3/><T78/><D10/><N who="1" m="4559" /><E122/><V131/><F131/><W133/><G133/><T102/><D102/><U2/><E120/><V124/><F135/><W129/><G129/><T23/><D28/><U87/><E2/><V41/><F124/><W109/><G109/><T61/><D40/><N who="2" m="15466" /><F39/><W37/><G125/><T11/><D11/><U59/><E33/><V128/><F128/><W132/><G132/><T53/><D45/><U25/><E69/><V36/><F36/><W130/><G130/><T111/><D111/><U7/><E117/><V89/><F95/><W90/><G38/><T70/><D70/><U6/><E25/><V100/><F100/><W19/><G37/><T107/><D107/><U4/><E101/><V105/><F105/><W58/><G44/><T50/><D50/><N who="2" m="19562" /><F47/><W43/><G43/><T134/><D134/><U71/><E71/><V112/><F112/><W35/><REACH who="3" step="1"/><G58/><REACH who="3" ten="237,192,286,275" step="2"/><N who="1" m="22026" /><E66/><V46/><F46/><W106/><G106/><T20/><D53/><U73/><E73/><V51/><F51/><W8/><G8/><T113/><D52/><U17/><E17/><V26/><F26/><AGARI ba="0,1" hai="13,19,22,26,30,32,34,35,81,86,90,96,97,98" machi="26" ten="40,5200,0" yaku="1,1,52,1,53,1" doraHai="83" doraHaiUra="79" who="3" fromWho="2" sc="237,0,192,0,286,-52,275,62" owari="237,4.0,192,-31.0,234,-17.0,337,44.0" />
</Scene>
</mjloggm>