<mjloggm ver="2.3"><GO type="169" lobby="0"/><UN n0="%4C%44" n1="%E4%BF%BA%E3%81%A4%E3%81%88%E3%81%88%E3%81%88%EF%BD%9E" n2="%41%53%41%50%49%4E" n3="%E3%82%B9%E3%82%BF%E3%83%BC%E3%83%93%E3%83%83%E3%83%81" dan="16,17,19,16" rate="2070.36,2191.99,2276.75,2113.19" sx="M,M,M,M"/><TAIKYOKU oya="0"/>

<Scene>
<INIT seed="0,0,0,2,0,43" ten="250,250,250,250" oya="0" hai0="69,109,40,105,27,13,63,111,127,5,112,100,45" hai1="3,110,53,92,114,57,32,131,12,98,88,86,36" hai2="48,128,76,17,129,80,94,2,84,121,58,24,108" hai3="60,8,62,23,39,119,91,26,81,68,71,96,65"/><T38/><D127/><U77/><E3/><V135/><F121/><W125/><G119/><T49/><D112/><U10/><E32/><V50/><F2/><W67/><G125/><T9/><D27/><U6/><E114/><V25/><F108/><N who="0" m="41546" /><D100/><U46/><E110/><V74/><F135/><W75/><G39/><T34/><D105/><U59/><E131/><N who="2" m="50251" /><F58/><W124/><G124/><T42/><D34/><U16/><E6/><V30/><F17/><W31/><G8/><T90/><D90/><U83/><E36/><V130/><F130/><W116/><G116/><T117/><D117/><U106/><E106/><V89/><F25/><W4/><G4/><T104/><D104/><U56/><REACH who="1" step="1"/><E46/><REACH who="1" ten="250,240,250,250" step="2"/><V72/><F72/><W51/><G75/><T70/><D63/><AGARI ba="0,1" hai="10,12,16,53,56,57,59,63,77,83,86,88,92,98" machi="63" ten="30,12000,2" yaku="1,1,2,1,7,1,8,1,54,2,53,1" doraHai="43" doraHaiUra="79" who="1" fromWho="0" sc="250,-120,240,130,250,0,250,0" />
</Scene>
<Scene>
<INIT seed="1,0,0,2,3,12" ten="130,370,250,250" oya="1" hai0="98,94,46,80,132,75,106,60,70,96,24,111,52" hai1="25,89,92,67,28,6,14,2,43,32,54,74,48" hai2="114,103,66,53,87,13,27,8,0,119,115,120,97" hai3="56,131,57,112,47,64,86,38,82,16,134,129,42"/><U31/><E74/><V45/><F119/><W122/><G122/><T102/><D111/><U121/><E121/><V93/><F120/><W33/><G33/><T101/><D132/><U85/><E67/><V130/><F130/><N who="3" m="49675" /><G112/><T10/><D70/><U44/><E2/><V62/><F0/><W81/><G134/><T104/><D10/><U30/><E6/><V99/><F27/><W37/><G37/><T1/><D1/><U7/><E7/><V39/><F87/><W73/><G64/><T100/><D24/><U71/><E71/><V123/><F123/><W65/><G65/><T4/><D4/><U34/><E14/><V108/><F108/><W72/><G82/><T58/><D101/><U20/><REACH who="1" step="1"/><E43/><REACH who="1" ten="130,360,250,250" step="2"/><V35/><F13/><W113/><G73/><T124/><D124/><U88/><E88/><V29/><F66/><W22/><G72/><T55/><D75/><U125/><E125/><V133/><F115/><W18/><G113/><T117/><D117/><U68/><E68/><V76/><F114/><W21/><G57/><T69/><D69/><U51/><E51/><V23/><F133/><W3/><G56/><T9/><D102/><U41/><E41/><V127/><F103/><W128/><G3/><T40/><D100/><U84/><E84/><V135/><F127/><W11/><G128/><T15/><D40/><U90/><E90/><V118/><F135/><W5/><G86/><T63/><D15/><U36/><E36/><V109/><F39/><W95/><G38/><T19/><D58/><U107/><E107/><V91/><F118/><W49/><G42/><RYUUKYOKU ba="0,1" sc="130,-10,360,30,250,-10,250,-10" hai1="20,25,28,30,31,32,34,44,48,54,85,89,92" />
</Scene>
<Scene>
<INIT seed="1,1,1,2,4,63" ten="120,390,240,240" oya="1" hai0="41,1,132,67,102,3,113,21,73,106,95,104,121" hai1="37,78,105,107,31,91,45,51,74,6,72,30,89" hai2="13,2,112,123,97,5,125,10,29,87,92,116,111" hai3="101,27,58,16,94,88,134,54,35,130,119,19,129"/><U24/><E6/><V70/><F111/><W18/><G101/><T11/><D73/><U52/><E37/><V22/><F125/><W39/><G39/><T108/><D108/><U47/><E78/><V76/><F116/><W26/><G119/><T14/><D21/><U80/><E80/><V48/><F123/><W53/><G134/><T96/><D132/><U57/><E57/><V100/><F112/><W117/><G117/><T135/><D135/><U84/><E84/><V23/><F70/><W62/><G53/><T20/><D20/><U133/><E133/><V15/><F2/><W90/><G35/><T0/><D41/><U60/><E60/><V8/><F29/><W103/><G103/><T55/><D55/><U68/><E52/><V83/><REACH who="2" step="1"/><F48/><REACH who="2" ten="120,390,230,240" step="2"/><W17/><G27/><T32/><D113/><U46/><E51/><V79/><F79/><W118/><G118/><T66/><D121/><U75/><E68/><V120/><F120/><W34/><G34/><T25/><D32/><U50/><E50/><V122/><F122/><W12/><G26/><T7/><REACH who="0" step="1"/><D25/><REACH who="0" ten="110,390,230,240" step="2"/><U69/><E24/><V98/><F98/><W110/><G110/><T81/><D81/><U99/><E99/><V82/><F82/><W85/><REACH who="3" step="1"/><G90/><REACH who="3" ten="110,390,230,230" step="2"/><T127/><D127/><U109/><E109/><V64/><F64/><AGARI ba="1,4" hai="0,1,3,7,11,14,64,66,67,95,96,102,104,106" machi="64" ten="40,8000,1" yaku="1,1,52,3,53,0" doraHai="63" doraHaiUra="71" who="0" fromWho="2" sc="110,123,390,0,230,-83,230,0" />
</Scene>
<Scene>
<INIT seed="2,0,0,0,3,121" ten="233,390,147,230" oya="2" hai0="27,31,9,48,135,116,40,105,38,114,66,120,52" hai1="69,13,126,107,108,8,96,17,125,68,95,58,70" hai2="25,101,55,87,22,86,128,56,18,24,60,100,53" hai3="20,71,122,93,57,118,64,109,129,37,81,14,89"/><V10/><F128/><W134/><G122/><T45/><D135/><U124/><E107/><V76/><F24/><W85/><G118/><T0/><D120/><U50/><E108/><V90/><F76/><W84/><G37/><T65/><D114/><U33/><E33/><V7/><F55/><W34/><G34/><T130/><D130/><U113/><E113/><V51/><F60/><N who="3" m="37903" /><G71/><T29/><D105/><U32/><E32/><V62/><F62/><W79/><G134/><T59/><D116/><U1/><E1/><V61/><F61/><W2/><G2/><T77/><D31/><U103/><E58/><V72/><F72/><W106/><G106/><T54/><D77/><U36/><E50/><V21/><F21/><W115/><G109/><T104/><D104/><U4/><REACH who="1" step="1"/><E36/><REACH who="1" ten="233,380,147,230" step="2"/><V6/><F86/><W110/><G115/><T131/><D38/><U23/><E23/><V39/><F39/><W3/><G110/><T63/><D131/><U15/><E15/><N who="2" m="5599" /><F6/><AGARI ba="0,1" hai="4,6,8,13,17,68,69,70,95,96,103,124,125,126" machi="6" ten="50,6400,0" yaku="1,1,18,1,53,1" doraHai="121" doraHaiUra="98" who="1" fromWho="2" sc="233,0,380,74,147,-64,230,0" />
</Scene>
<Scene>
<INIT seed="3,0,0,1,4,19" ten="233,454,83,230" oya="3" hai0="98,22,39,115,78,110,31,5,57,81,97,47,86" hai1="109,1,87,33,92,60,71,105,59,20,0,68,127" hai2="94,29,77,89,15,52,100,44,54,90,133,93,9" hai3="2,16,114,124,116,117,76,30,64,3,21,34,45"/><W113/><G64/><T95/><D110/><U121/><E105/><V101/><F133/><W10/><G45/><T24/><D115/><N who="3" m="44041" /><G76/><T36/><D97/><U23/><E33/><V63/><F77/><W84/><G84/><T112/><D112/><U128/><E121/><V132/><F132/><W48/><G48/><T4/><D57/><U49/><E109/><V123/><F123/><W91/><G91/><T8/><D47/><U111/><E111/><V7/><F29/><W14/><G124/><T35/><D35/><U125/><E49/><V65/><F44/><W66/><G66/><T27/><D27/><U17/><E87/><V69/><F90/><W103/><G103/><T130/><D130/><U67/><E128/><V55/><REACH who="2" step="1"/><F94/><REACH who="2" ten="233,454,73,230" step="2"/><W41/><G41/><T38/><D95/><U82/><E92/><V40/><F40/><W62/><G62/><T75/><D78/><U25/><E125/><V18/><F18/><N who="3" m="8535" /><G30/><T72/><D31/><U102/><E127/><V12/><F12/><N who="3" m="9351" /><G34/><T119/><D81/><U96/><E60/><V42/><F42/><W129/><G129/><T80/><D80/><U70/><E82/><V131/><F131/><W28/><G28/><T107/><D107/><U13/><E102/><V104/><F104/><W26/><G26/><T32/><D24/><U58/><E96/><AGARI ba="0,1" hai="7,9,15,52,54,55,63,65,69,89,93,96,100,101" machi="96" ten="40,2600,0" yaku="1,1,54,1,53,0" doraHai="19" doraHaiUra="43" who="2" fromWho="1" sc="233,0,454,-26,73,36,230,0" />
</Scene>
<Scene>
<INIT seed="4,0,0,3,2,80" ten="233,428,109,230" oya="0" hai0="66,77,102,89,93,97,99,74,117,83,121,75,25" hai1="112,27,94,86,123,120,30,71,12,17,81,13,95" hai2="50,49,53,57,24,15,26,69,96,129,18,132,52" hai3="85,91,0,92,48,111,40,51,35,39,33,62,31"/><T19/><D66/><U106/><E71/><V98/><F69/><W73/><G111/><T76/><D25/><U55/><E106/><V34/><F129/><W116/><G116/><T103/><D19/><U82/><E112/><V110/><F110/><W32/><G73/><T29/><D29/><U59/><E123/><V42/><F132/><W84/><G0/><T131/><D131/><U114/><E120/><V130/><F130/><W20/><G62/><T115/><D121/><U64/><E64/><V118/><F118/><W36/><G20/><T2/><D2/><U43/><E43/><V23/><F42/><W63/><G31/><T107/><D117/><U113/><E113/><V78/><F78/><N who="0" m="30314" /><D115/><U45/><E45/><V60/><F60/><W119/><G63/><T22/><D22/><N who="1" m="15735" /><E114/><V122/><F122/><W58/><G119/><T109/><D109/><U68/><E68/><V70/><F70/><W108/><G108/><T46/><D46/><U124/><E13/><V104/><F34/><W134/><G134/><T101/><D101/><U67/><E67/><V10/><F104/><W38/><G40/><T79/><D103/><U90/><E55/><V47/><REACH who="2" step="1"/><F26/><REACH who="2" ten="233,428,99,230" step="2"/><W9/><G33/><T1/><D1/><U7/><E59/><V100/><F100/><W65/><G58/><T28/><D28/><AGARI ba="0,1" hai="10,15,18,23,24,28,47,49,50,52,53,57,96,98" machi="28" ten="30,7700,0" yaku="1,1,7,1,8,1,54,1,53,0" doraHai="80" doraHaiUra="72" who="2" fromWho="0" sc="233,-77,428,0,99,87,230,0" />
</Scene>
<Scene>
<INIT seed="5,0,0,4,1,133" ten="156,428,186,230" oya="1" hai0="106,25,127,54,59,131,55,13,61,113,126,47,5" hai1="3,71,62,63,39,103,105,48,70,42,108,52,110" hai2="96,18,123,43,94,14,8,34,116,46,35,49,57" hai3="66,128,93,107,2,7,109,104,91,118,4,119,68"/><U135/><E3/><V73/><F116/><N who="3" m="44587" /><G109/><N who="1" m="42090" /><E103/><V100/><F123/><W65/><G128/><T86/><D113/><U77/><E105/><N who="3" m="40522" /><G68/><N who="1" m="26154" /><E77/><V82/><F73/><W99/><G2/><T17/><D131/><U122/><E135/><V121/><F121/><W9/><G9/><T28/><D106/><U0/><E0/><V27/><F82/><W30/><G30/><T51/><D5/><AGARI ba="0,0" hai="4,5,7,65,66,91,93,99" m="40522,44587" machi="5" ten="30,1000,0" yaku="12,1" doraHai="133" who="3" fromWho="0" sc="156,-10,428,0,186,0,230,10" />
</Scene>
<Scene>
<INIT seed="6,0,0,3,4,52" ten="146,428,186,240" oya="2" hai0="10,87,89,23,14,105,37,122,64,104,85,42,0" hai1="44,65,48,123,3,13,75,93,106,70,125,68,131" hai2="111,91,114,24,72,113,26,99,102,130,71,56,53" hai3="54,128,124,39,81,19,34,107,55,97,112,47,133"/><V116/><F116/><W83/><G34/><T84/><D122/><U6/><E106/><V134/><F71/><W74/><G133/><T101/><D0/><U38/><E75/><V32/><F72/><W60/><G128/><T35/><D35/><U2/><E123/><V46/><F130/><W49/><G124/><T118/><D118/><U88/><E38/><V22/><F134/><W92/><G107/><T126/><D126/><U82/><E82/><V51/><F111/><W20/><G39/><T95/><D23/><U59/><E125/><V67/><F91/><N who="3" m="55455" /><G74/><T94/><D64/><U90/><E131/><V43/><F67/><W119/><G112/><N who="2" m="43113" /><F22/><W78/><G78/><T80/><D42/><U40/><E68/><V63/><F32/><W31/><G31/><T73/><D37/><U9/><E70/><V18/><F18/><W120/><G120/><T29/><D29/><U17/><E17/><V11/><F11/><W132/><G132/><T110/><D110/><U27/><E27/><V15/><F15/><N who="3" m="9343" /><G119/><T100/><D14/><U30/><E30/><V50/><F26/><W96/><G96/><N who="0" m="59415" /><D10/><U129/><E129/><V45/><F24/><W5/><G5/><T16/><D16/><U41/><E3/><V86/><F86/><N who="0" m="33386" /><D101/><U28/><E2/><V25/><F25/><W1/><G1/><T57/><D57/><AGARI ba="0,0" hai="47,49,54,55,57,60,81,83" m="9343,55455" machi="57" ten="30,2000,0" yaku="8,1,52,1" doraHai="52" who="3" fromWho="0" sc="146,-20,428,0,186,0,240,20" />
</Scene>
<Scene>
<INIT seed="7,0,0,4,2,126" ten="126,428,186,260" oya="3" hai0="124,38,41,4,102,68,33,55,39,36,77,35,40" hai1="6,105,85,30,88,86,29,99,82,81,116,44,72" hai2="70,46,78,8,74,118,61,93,106,19,73,9,37" hai3="117,92,121,5,131,122,133,69,108,95,17,52,90"/><W49/><G69/><T13/><D102/><U113/><E72/><V94/><F118/><W119/><G117/><T1/><D77/><U53/><E116/><V21/><F106/><W110/><G119/><T67/><D13/><U127/><E127/><V96/><F93/><W7/><G133/><T43/><D4/><U26/><E113/><V2/><F37/><W111/><G17/><T45/><D1/><U16/><E6/><N who="3" m="2058" /><G131/><T120/><D124/><U50/><E99/><V129/><F129/><W34/><G34/><T104/><D104/><U58/><E44/><V87/><F2/><W84/><G95/><T134/><D33/><U65/><E65/><V63/><F46/><AGARI ba="0,0" hai="46,49,52,84,90,92,108,110,111,121,122" m="2058" machi="46" ten="30,2900,0" yaku="10,1,54,1" doraHai="126" who="3" fromWho="2" sc="126,0,428,0,186,-29,260,29" />
</Scene>
<Scene>
<INIT seed="7,1,0,1,4,18" ten="126,428,157,289" oya="3" hai0="99,39,42,5,111,8,49,130,14,47,81,117,77" hai1="83,68,91,74,21,48,36,16,87,124,56,37,98" hai2="127,43,10,75,23,72,122,31,118,69,24,9,93" hai3="44,4,120,34,115,20,79,86,33,133,52,15,131"/><W106/><G120/><T6/><D130/><U7/><E74/><V95/><F118/><W102/><G133/><T110/><D117/><U66/><E7/><V60/><F122/><W46/><G115/><T26/><D5/><U51/><E124/><V129/><F127/><W65/><G131/><T101/><D39/><U70/><E37/><V76/><F129/><W59/><G65/><T28/><D99/><U53/><E36/><V73/><F76/><W29/><G4/><T116/><D101/><U100/><E51/><V85/><F43/><W125/><G125/><T2/><D2/><U3/><E66/><V109/><F109/><W40/><G102/><T30/><D116/><U108/><E3/><V62/><F69/><W25/><G106/><T103/><D103/><U96/><E108/><V13/><F10/><W41/><G41/><T11/><D11/><U67/><E67/><V126/><F126/><W54/><G54/><T22/><REACH who="0" step="1"/><D28/><REACH who="0" ten="116,428,157,289" step="2"/><U55/><E98/><V134/><F134/><W105/><G105/><T97/><D97/><U35/><E96/><V0/><F0/><W90/><G79/><T32/><D32/><N who="3" m="12393" /><G40/><T128/><D128/><U123/><E35/><V58/><F9/><W80/><G15/><T121/><D121/><U82/><E100/><V63/><F13/><W92/><G92/><T112/><D112/><U113/><E123/><V132/><F132/><W57/><G57/><T78/><D78/><U107/><E107/><V12/><F12/><W61/><G59/><T50/><D50/><U135/><E135/><V84/><F58/><W89/><G89/><RYUUKYOKU ba="1,1" sc="116,10,428,-30,157,10,289,10" hai0="6,8,14,22,26,30,42,47,49,77,81,110,111" hai2="23,24,31,60,62,63,72,73,75,84,85,93,95" hai3="20,25,29,44,46,52,61,80,86,90" />
</Scene>
<Scene>
<INIT seed="7,2,1,3,0,99" ten="126,398,167,299" oya="3" hai0="76,102,26,73,61,30,91,106,95,129,108,14,18" hai1="58,71,37,36,8,121,124,97,47,10,112,9,100" hai2="31,81,4,19,126,130,79,122,101,68,98,69,125" hai3="93,62,16,70,56,135,54,33,80,88,53,116,51"/><W105/><G116/><T2/><D108/><U90/><E71/><V103/><F130/><W127/><G105/><T96/><D129/><U52/><E121/><V44/><F122/><W48/><G33/><T119/><D119/><U49/><E112/><V32/><F4/><W115/><G115/><T107/><D2/><U87/><E124/><N who="2" m="47723" /><F19/><W20/><G127/><T38/><D38/><U86/><E58/><V64/><F64/><W21/><G135/><T45/><D45/><U0/><E0/><V46/><F31/><W75/><G21/><T7/><D7/><U29/><E29/><V39/><F32/><W131/><G131/><T94/><D76/><U65/><E65/><V109/><F109/><W114/><G114/><T35/><D73/><U89/><E87/><N who="2" m="48575" /><F103/><W40/><G40/><T22/><REACH who="0" step="1"/><D61/><REACH who="0" ten="116,398,167,299" step="2"/><U55/><E37/><V67/><F39/><W57/><G75/><T120/><D120/><U3/><E36/><V85/><F85/><AGARI ba="2,2" hai="14,18,22,26,30,35,85,91,94,95,96,102,106,107" machi="85" ten="30,3900,0" yaku="1,1,7,1,52,1,53,0" doraHai="99" doraHaiUra="72" who="0" fromWho="2" sc="116,65,398,0,167,-45,299,0" owari="181,-22.0,398,50.0,122,-38.0,299,10.0" />
</Scene>
</mjloggm>