<mjloggm ver="2.3"><GO type="169"/><UN n0="%41%6B%61%2D%75%72%61" n1="%41%53%41%50%49%4E" n2="%E7%8C%AA%E6%9C%A8%E5%A4%A7%E5%AB%8C%E3%81%84%EF%BC%81" n3="%6B%65%72%6F%62%6F%75" dan="17,18,17,16" rate="2076,2235,2115,2114" sx="M,M,F,M"/><TAIKYOKU oya="0"/>

<Scene>
<INIT seed="0,0,0,1,5,125" ten="250,250,250,250" oya="0" hai0="54,70,38,111,96,60,65,118,99,78,126,87,24" hai1="128,134,4,75,120,31,21,51,71,116,98,92,103" hai2="40,129,22,34,47,10,88,50,59,109,57,53,13" hai3="35,82,1,107,97,62,135,8,117,14,28,81,44"/><T17/><D118/><U61/><E120/><V73/><F34/><W20/><G117/><T39/><D126/><U66/><E116/><V132/><F73/><W68/><G135/><T74/><D74/><U48/><E75/><V19/><F132/><W133/><G133/><T7/><D7/><U72/><E72/><V104/><F104/><W124/><G1/><T18/><D111/><U16/><E134/><V122/><F122/><W29/><G44/><T90/><D78/><U83/><E83/><V2/><F109/><W43/><G43/><T27/><D54/><U110/><E110/><V0/><F129/><W121/><G20/><T84/><D60/><U93/><E128/><V46/><F88/><W33/><G121/><T41/><D41/><U49/><E4/><V102/><F102/><N who="3" m="62927" /><G29/><T130/><D70/><U52/><E31/><V32/><F32/><W42/><G42/><T25/><D130/><U30/><E30/><V105/><F105/><W3/><G3/><T69/><D69/><U108/><E92/><V23/><F0/><W112/><G112/><T11/><D27/><U64/><E64/><V45/><F59/><W123/><G123/><T106/><D106/><U36/><E36/><V86/><F86/><W119/><G119/><T131/><D131/><U79/><E79/><V76/><F76/><W77/><G124/><T80/><D90/><U9/><E108/><V94/><F94/><W37/><G37/><T89/><D89/><U100/><E100/><V26/><F2/><W6/><G28/><T15/><D38/><U12/><E52/><V115/><F53/><RYUUKYOKU ba="0,0" sc="250,-10,250,30,250,-10,250,-10" hai1="9,12,16,21,48,49,51,61,66,71,93,98,103" />
</Scene>
<Scene>
<INIT seed="1,1,0,3,5,115" ten="240,280,240,240" oya="1" hai0="15,131,61,91,118,66,97,110,101,83,35,54,82" hai1="130,41,127,12,28,107,1,6,19,96,3,125,68" hai2="85,24,95,38,10,117,64,65,102,47,60,106,17" hai3="122,29,55,59,80,77,11,42,27,30,16,40,46"/><U121/><E121/><V111/><F111/><W8/><G122/><T74/><D110/><U13/><E68/><V132/><F132/><W134/><G134/><T119/><D35/><U93/><E107/><V32/><F47/><W0/><G0/><T44/><D131/><U18/><E130/><V92/><F38/><W63/><G42/><T87/><D82/><U57/><E41/><V25/><F85/><W86/><G8/><T21/><D74/><U53/><E28/><V79/><F79/><W2/><G2/><T36/><D15/><N who="1" m="5707" /><E18/><V128/><F128/><W120/><G120/><T34/><D34/><U94/><E19/><V123/><F123/><W56/><G56/><T22/><D36/><U23/><E23/><V103/><F17/><W31/><G11/><T89/><D89/><N who="1" m="55343" /><E94/><N who="2" m="35883" /><F10/><W81/><G81/><T62/><D97/><U50/><E6/><V105/><F32/><W116/><G116/><T39/><D101/><N who="2" m="38410" /><F117/><W100/><G100/><T124/><D39/><U5/><E5/><V73/><F73/><W26/><REACH who="3" step="1"/><G16/><REACH who="3" ten="240,280,240,230" step="2"/><T49/><D119/><U113/><E3/><V48/><F106/><W78/><G78/><T126/><D118/><U45/><E1/><V109/><F105/><W135/><G135/><T4/><D4/><U75/><E57/><N who="2" m="36879" /><F109/><W58/><G58/><N who="0" m="37207" /><D61/><U69/><E69/><V71/><F48/><AGARI ba="1,1" hai="26,27,29,30,31,40,46,48,55,59,63,77,80,86" machi="48" ten="40,2600,0" yaku="1,1,8,1,53,0" doraHai="115" doraHaiUra="99" who="3" fromWho="2" sc="240,0,280,0,240,-29,230,39" />
</Scene>
<Scene>
<INIT seed="2,0,0,2,5,63" ten="240,280,211,269" oya="2" hai0="10,95,7,49,111,127,52,106,81,44,33,125,18" hai1="124,100,122,59,109,105,51,114,23,45,56,65,64" hai2="21,102,121,133,38,36,77,22,37,99,17,116,1" hai3="73,32,130,110,50,119,88,58,57,117,62,28,128"/><V3/><F77/><W123/><G73/><T53/><D106/><U115/><E105/><V84/><F84/><W79/><G79/><T66/><D111/><U74/><E74/><V98/><F17/><W4/><G4/><T131/><D131/><N who="3" m="50217" /><G123/><T24/><D81/><U60/><E23/><N who="2" m="8715" /><F121/><W15/><G110/><T48/><D18/><U113/><E100/><V96/><F116/><W25/><G15/><T12/><D95/><U46/><E122/><V75/><F75/><W69/><G69/><T8/><D8/><U83/><E83/><V86/><F86/><W70/><G70/><T31/><REACH who="0" step="1"/><D66/><REACH who="0" ten="230,280,211,269" step="2"/><N who="1" m="39175" /><E109/><V107/><F107/><W34/><G119/><T67/><D67/><N who="1" m="25675" /><E124/><V2/><F102/><W82/><G117/><T27/><D27/><U72/><E72/><V108/><F108/><W76/><G82/><T43/><D43/><U20/><E20/><V80/><F80/><W135/><G34/><T54/><D54/><AGARI ba="0,1" hai="45,46,51,54,59,113,114,115" m="25675,39175" machi="54" ten="40,12000,2" yaku="34,2,52,4" doraHai="63" who="1" fromWho="0" sc="230,-120,280,130,211,0,269,0" />
</Scene>
<Scene>
<INIT seed="3,0,0,2,1,41" ten="110,410,211,269" oya="3" hai0="86,80,5,108,13,77,6,19,101,59,118,52,17" hai1="20,75,37,56,48,29,63,36,83,65,70,100,87" hai2="44,135,46,104,123,74,71,122,131,68,92,110,24" hai3="79,97,39,14,57,26,58,127,116,12,78,89,25"/><W2/><G116/><T99/><D118/><U15/><E75/><V82/><F104/><W42/><G2/><T66/><D66/><U27/><E100/><V96/><F24/><W8/><G127/><T72/><D72/><U119/><E119/><V130/><F110/><W9/><G39/><T73/><D73/><U128/><E128/><N who="2" m="49195" /><F135/><W45/><G42/><T107/><D108/><U115/><E115/><V55/><F55/><W94/><G79/><T84/><D84/><U120/><E120/><N who="2" m="46123" /><F82/><W28/><G78/><T132/><D132/><U16/><E48/><V49/><F49/><W76/><G76/><T129/><D129/><U117/><E70/><N who="2" m="26667" /><F74/><W105/><G105/><T35/><D35/><U32/><E117/><V31/><F31/><W88/><G28/><T0/><D0/><U54/><E54/><V114/><F114/><W113/><G113/><T62/><REACH who="0" step="1"/><D19/><REACH who="0" ten="100,410,211,269" step="2"/><U51/><E87/><V133/><F133/><W7/><G97/><T61/><D61/><U91/><E63/><V43/><F43/><W34/><G34/><T126/><D126/><U18/><E65/><V53/><F53/><W85/><G85/><T112/><D112/><U121/><E18/><V50/><F50/><W124/><G124/><T95/><D95/><U93/><E93/><V23/><F23/><AGARI ba="0,1" hai="5,6,13,17,23,52,59,62,77,80,86,99,101,107" machi="23" ten="30,7700,0" yaku="1,1,7,1,54,1,53,1" doraHai="41" doraHaiUra="103" who="0" fromWho="2" sc="100,87,410,0,211,-77,269,0" />
</Scene>
<Scene>
<INIT seed="4,0,0,5,2,59" ten="187,410,134,269" oya="0" hai0="134,31,35,78,126,1,41,120,8,116,128,50,115" hai1="17,26,51,36,114,0,58,109,61,87,29,93,43" hai2="104,80,63,47,56,64,18,54,33,84,52,86,74" hai3="69,76,100,89,45,81,19,123,28,5,110,107,49"/><T73/><RYUUKYOKU type="yao9" ba="0,0" sc="187,0,410,0,134,0,269,0" hai0="1,8,31,35,41,50,73,78,115,116,120,126,128,134" />
</Scene>
<Scene>
<INIT seed="4,1,0,1,0,118" ten="187,410,134,269" oya="0" hai0="88,28,128,125,108,77,66,65,30,34,6,12,103" hai1="70,99,79,58,15,101,21,36,31,112,19,39,4" hai2="135,57,84,100,75,23,81,20,129,22,89,69,68" hai3="60,104,64,32,107,67,73,122,131,0,38,121,82"/><T61/><D125/><U26/><E70/><V123/><F75/><W1/><G32/><T29/><D34/><U48/><E112/><V92/><F135/><W43/><G131/><T127/><D127/><U115/><E115/><V116/><F116/><W51/><G67/><T126/><D126/><U40/><E79/><V63/><F129/><W93/><G93/><T120/><D120/><N who="3" m="46185" /><G51/><T27/><D128/><U33/><E4/><V5/><F5/><W85/><G73/><T46/><D103/><U78/><E78/><V7/><F7/><W50/><G38/><T35/><D77/><U114/><E114/><V24/><F123/><W54/><G43/><T133/><D133/><U74/><E74/><V59/><F24/><W80/><G80/><T97/><D108/><U53/><E40/><V96/><REACH who="2" step="1"/><F59/><REACH who="2" ten="187,410,124,269" step="2"/><N who="3" m="36895" /><G1/><T49/><D35/><U18/><E58/><V87/><F87/><W110/><G0/><T130/><D130/><U16/><E26/><V10/><F10/><W55/><G110/><T76/><D27/><U52/><E33/><V56/><F56/><N who="3" m="32855" /><G55/><AGARI ba="1,1" hai="20,22,23,55,57,63,68,69,81,84,89,92,96,100" machi="55" ten="40,1300,0" yaku="1,1,53,0" doraHai="118" doraHaiUra="25" who="2" fromWho="3" sc="187,0,410,0,124,26,269,-16" />
</Scene>
<Scene>
<INIT seed="5,0,0,3,4,25" ten="187,410,150,253" oya="1" hai0="10,100,60,95,93,74,30,12,77,39,134,36,33" hai1="14,50,122,45,131,102,48,21,133,43,35,15,22" hai2="130,66,120,67,123,46,73,24,126,84,3,9,42" hai3="112,44,79,11,26,110,127,88,69,37,59,52,34"/><U125/><E122/><V29/><F73/><W111/><G69/><T117/><D117/><U80/><E35/><V8/><F3/><W53/><G79/><T113/><D134/><U129/><E133/><V106/><F106/><W49/><G127/><T5/><D113/><U27/><E125/><V70/><F126/><W20/><G112/><T16/><D95/><U6/><E102/><V128/><F84/><W0/><G34/><T94/><D93/><U115/><E115/><V62/><F67/><W109/><G88/><T47/><D5/><U86/><E48/><N who="2" m="26711" /><F8/><W135/><G135/><T101/><D60/><U57/><E57/><V31/><F9/><W19/><G37/><T107/><D107/><U92/><E92/><V119/><F24/><W108/><G108/><T89/><D77/><N who="1" m="46351" /><E21/><V28/><F119/><W82/><G82/><T54/><D74/><U72/><E72/><V58/><F58/><W4/><REACH who="3" step="1"/><G59/><REACH who="3" ten="187,410,150,243" step="2"/><T91/><D91/><U87/><E87/><V68/><F68/><W132/><G132/><T32/><D39/><U55/><E131/><AGARI ba="0,1" hai="28,29,31,62,66,70,120,123,128,130,131" m="26711" machi="131" ten="30,7700,0" yaku="19,1,52,3" doraHai="25" who="2" fromWho="1" sc="187,0,410,-77,150,87,243,0" />
</Scene>
<Scene>
<INIT seed="6,0,0,4,2,30" ten="187,333,237,243" oya="2" hai0="39,31,8,99,132,51,25,52,101,49,34,47,67" hai1="96,4,56,18,118,77,11,75,121,69,90,7,43" hai2="89,74,36,82,114,73,131,28,14,45,124,22,130" hai3="128,57,21,32,134,109,55,0,81,106,95,98,125"/><V71/><F71/><W120/><G109/><T53/><D39/><U86/><E69/><V129/><F124/><W15/><G125/><T54/><D132/><U2/><E118/><V84/><F114/><W115/><G120/><T9/><D67/><U113/><E121/><V33/><F36/><W59/><G134/><T79/><D79/><U5/><E113/><V117/><F117/><W92/><G32/><T72/><D72/><U111/><E111/><V110/><F110/><W50/><G0/><T119/><D119/><U19/><E43/><V65/><F65/><W61/><G115/><T127/><D127/><U93/><E75/><V23/><F45/><W66/><G128/><T37/><D37/><U64/><E2/><V108/><F108/><W3/><G3/><T6/><D6/><U16/><E11/><V62/><F62/><W27/><G15/><T44/><D53/><U100/><E77/><V78/><F14/><W97/><G81/><T135/><D135/><U91/><E86/><V76/><F74/><W35/><G35/><T17/><D17/><U126/><E126/><V87/><F73/><W63/><G63/><AGARI ba="0,0" hai="4,5,7,16,18,19,56,63,64,90,91,93,96,100" machi="63" ten="40,2600,0" yaku="8,1,54,1" doraHai="30" who="1" fromWho="3" sc="187,0,333,26,237,0,243,-26" />
</Scene>
<Scene>
<INIT seed="7,0,0,0,3,132" ten="187,359,237,217" oya="3" hai0="57,94,91,127,98,115,117,60,62,109,32,18,47" hai1="103,124,131,48,59,75,0,112,44,26,25,102,46" hai2="33,87,17,95,38,122,42,36,133,58,9,86,135" hai3="35,126,105,41,6,82,101,22,128,83,16,74,108"/><W65/><G35/><T93/><D117/><U88/><E124/><V50/><F33/><W31/><G108/><T125/><D109/><U106/><E0/><V61/><F122/><W67/><G41/><T4/><D32/><U130/><E75/><V111/><F111/><W52/><G126/><N who="0" m="48139" /><D115/><U1/><E1/><V68/><F68/><W5/><G128/><T11/><D18/><U24/><E112/><V43/><F50/><W134/><G134/><N who="2" m="51209" /><F95/><W7/><G105/><T15/><D57/><U69/><E88/><V71/><F71/><W23/><G101/><N who="0" m="60623" /><D47/><U64/><E46/><N who="2" m="23879" /><F17/><W78/><G83/><T70/><D70/><U3/><E44/><N who="2" m="23671" /><F9/><W66/><G31/><T90/><D90/><U20/><E130/><V121/><F121/><W97/><G97/><AGARI ba="0,0" hai="4,11,15,60,62,91,94,97" m="60623,48139" machi="97" ten="30,7700,0" yaku="18,1,52,3" doraHai="132" who="0" fromWho="3" sc="187,77,359,0,237,0,217,-77" owari="264,6.0,359,46.0,237,-16.0,140,-36.0" />
</Scene>
</mjloggm>