<mjloggm ver="2.3"><GO type="169"/><UN n0="%E7%AB%8B%E8%8F%AF%E5%A5%8F" n1="%E2%84%83%2D%75%74%65" n2="%41%53%41%50%49%4E" n3="%E3%81%91%E3%82%93%31%39%37%30" dan="16,17,19,16" rate="2089,2105,2284,2131" sx="F,M,M,M"/><TAIKYOKU oya="0"/>

<Scene>
<INIT seed="0,0,0,3,5,51" ten="250,250,250,250" oya="0" hai0="46,17,58,39,65,11,135,74,113,130,89,101,87" hai1="96,98,92,86,78,91,128,13,120,106,7,77,112" hai2="63,50,33,90,43,49,19,102,4,83,61,24,127" hai3="97,119,52,37,99,16,14,64,0,117,75,15,126"/><T84/><D113/><U31/><E120/><V18/><F127/><W132/><G0/><T53/><D74/><U3/><E3/><V118/><F118/><W95/><G37/><T5/><D130/><U123/><E123/><V32/><F4/><W34/><G34/><T93/><D135/><U6/><E128/><V42/><F83/><W55/><G64/><T131/><D131/><U26/><E112/><V70/><F90/><W80/><G126/><T81/><D65/><U28/><E28/><V2/><F2/><W103/><G132/><T94/><D17/><U20/><E106/><V38/><F102/><W121/><G121/><T109/><D109/><U60/><E60/><V25/><REACH who="2" step="1"/><F38/><REACH who="2" ten="250,250,240,250" step="2"/><W107/><G119/><T71/><D101/><U85/><E6/><V114/><F114/><W116/><G117/><T108/><D39/><U111/><E111/><V56/><F56/><W69/><G116/><T48/><D71/><AGARI ba="0,1" hai="18,19,24,25,32,33,42,43,49,50,61,63,70,71" machi="71" ten="25,3200,0" yaku="1,1,22,2,53,0" doraHai="51" doraHaiUra="104" who="2" fromWho="0" sc="250,-32,250,0,240,42,250,0" />
</Scene>
<Scene>
<INIT seed="1,0,0,4,5,23" ten="218,250,282,250" oya="1" hai0="79,15,115,33,67,75,86,97,107,122,22,50,12" hai1="127,128,102,83,130,9,42,68,39,58,131,14,78" hai2="112,10,133,32,7,77,27,30,93,52,34,63,81" hai3="132,44,126,108,55,66,103,95,16,101,119,109,48"/><U96/><E68/><V100/><F112/><W41/><G66/><T113/><D33/><U88/><E58/><V120/><F120/><W114/><G114/><T5/><D75/><U59/><E59/><V49/><F63/><W29/><G119/><T61/><D122/><U2/><E2/><V31/><F133/><W74/><G74/><T11/><D50/><U98/><E42/><V105/><F105/><W72/><G72/><T110/><D110/><U25/><E39/><V116/><F116/><W90/><G132/><T70/><D79/><U123/><E123/><V17/><F17/><W129/><G29/><T8/><D86/><N who="1" m="50271" /><E78/><V36/><F36/><W82/><G82/><T84/><D84/><U80/><E80/><V89/><F100/><W21/><G41/><T40/><D40/><U35/><E102/><V56/><F81/><W135/><G135/><T87/><D87/><U91/><E91/><V76/><F93/><W24/><G126/><T111/><D111/><N who="3" m="42569" /><G129/><T60/><D60/><U0/><E0/><V125/><F89/><W46/><G46/><T65/><D65/><U57/><E127/><V13/><F125/><W18/><G18/><T28/><D107/><U51/><E57/><V121/><F121/><W117/><G117/><T4/><D97/><AGARI ba="0,0" hai="16,21,24,44,48,55,90,95,97,101,103" m="42569" machi="97" ten="30,3900,0" yaku="14,1,52,1,54,1" doraHai="23" who="3" fromWho="0" sc="218,-39,250,0,282,0,250,39" />
</Scene>
<Scene>
<INIT seed="2,0,0,2,2,61" ten="179,250,282,289" oya="2" hai0="49,135,85,78,35,1,26,68,56,23,125,51,116" hai1="24,73,127,99,70,97,38,124,77,65,101,80,120" hai2="39,41,64,118,28,44,66,54,20,10,33,2,7" hai3="45,47,36,113,42,96,92,75,121,14,91,89,12"/><V108/><F118/><W131/><G121/><T31/><D116/><U37/><E99/><V72/><F33/><W59/><G75/><T79/><D1/><U63/><E120/><V71/><F71/><W60/><G113/><T29/><D68/><U93/><REACH who="1" step="1"/><E24/><REACH who="1" ten="179,240,282,289" step="2"/><V16/><F108/><W123/><G123/><T46/><D26/><U82/><E82/><V53/><F72/><W122/><G122/><T109/><D109/><U112/><E112/><V128/><F128/><W95/><G131/><T133/><D85/><U81/><E81/><V129/><F129/><W8/><G8/><T130/><D130/><U40/><E40/><V110/><F110/><W15/><G42/><T18/><D135/><U13/><E13/><V103/><F103/><W4/><G4/><T90/><D133/><U114/><E114/><V32/><F10/><W19/><G36/><AGARI ba="0,1" hai="36,37,38,63,65,70,73,77,80,93,97,101,124,127" machi="36" ten="40,2600,0" yaku="1,1,52,1,53,0" doraHai="61" doraHaiUra="11" who="1" fromWho="3" sc="179,0,240,36,282,0,289,-26" />
</Scene>
<Scene>
<INIT seed="3,0,0,5,4,74" ten="179,276,282,263" oya="3" hai0="112,101,41,21,45,20,75,33,106,100,99,94,120" hai1="70,105,36,57,97,19,123,130,81,133,128,126,0" hai2="118,73,50,23,43,127,62,125,76,37,95,117,84" hai3="17,103,12,22,49,69,42,80,32,52,134,18,44"/><W67/><G32/><T31/><D120/><U68/><E123/><V104/><F104/><W8/><G134/><T72/><D112/><U56/><E36/><V47/><F73/><W90/><G103/><T53/><D33/><U16/><E0/><V71/><F23/><W135/><G135/><T85/><D53/><U65/><E133/><V98/><F50/><W92/><G69/><T4/><D4/><U15/><E126/><N who="2" m="48139" /><F62/><W93/><G67/><T116/><D116/><U27/><E27/><V24/><F24/><W39/><G39/><T48/><D31/><U40/><E40/><V54/><F54/><W131/><G131/><N who="1" m="50218" /><E19/><V108/><F108/><W3/><G3/><T119/><D119/><U46/><E46/><V115/><F71/><N who="1" m="27177" /><E65/><V6/><F6/><W132/><G132/><T107/><D20/><N who="1" m="11295" /><E81/><N who="2" m="47143" /><F115/><W2/><G2/><T124/><D124/><U129/><E129/><V59/><F59/><W96/><G42/><T121/><D121/><U34/><E34/><V89/><AGARI ba="0,0" hai="37,43,47,89,95,98,117,118" m="47143,48139" machi="89" ten="30,2000,0" yaku="18,1,52,1" doraHai="74" who="2" fromWho="2" sc="179,-5,276,-5,282,20,263,-10" />
</Scene>
<Scene>
<INIT seed="4,0,0,4,2,134" ten="174,271,302,253" oya="0" hai0="80,64,17,61,110,46,6,47,103,31,128,125,9" hai1="114,81,55,13,19,25,32,53,10,83,72,20,35" hai2="37,26,56,117,14,1,79,101,126,118,22,5,124" hai3="21,7,3,58,104,12,108,86,97,99,63,102,129"/><T133/><D110/><U107/><E107/><V87/><F37/><W94/><G108/><T65/><D133/><U96/><E96/><V109/><F109/><W69/><G69/><T34/><D128/><U57/><E114/><V119/><F1/><W60/><G129/><T39/><D103/><U30/><E55/><V38/><F38/><W28/><G3/><T50/><D39/><U115/><E115/><V106/><F101/><W44/><G44/><T84/><D17/><U116/><E116/><V113/><F106/><W73/><G73/><T135/><D135/><U49/><E72/><V92/><F113/><W27/><G63/><T41/><D47/><U78/><E78/><V90/><F79/><W74/><G74/><T51/><D51/><U105/><E105/><V98/><F98/><W127/><G86/><T66/><D31/><U77/><E77/><V121/><F121/><W95/><G104/><T89/><D34/><U122/><E122/><V4/><F56/><W48/><G48/><T36/><D36/><U120/><E120/><V11/><F5/><W67/><G12/><T111/><D111/><U62/><E62/><V18/><AGARI ba="0,0" hai="4,11,14,18,22,26,87,90,92,117,118,119,124,126" machi="18" ten="40,8000,1" yaku="0,1,12,1,52,2" doraHai="134" who="2" fromWho="2" sc="174,-40,271,-20,302,80,253,-20" />
</Scene>
<Scene>
<INIT seed="5,0,0,2,0,43" ten="134,251,382,233" oya="1" hai0="91,116,17,24,120,48,110,107,3,25,27,42,64" hai1="63,90,98,132,126,88,135,51,70,15,50,95,41" hai2="127,109,96,93,125,69,5,44,106,29,45,124,117" hai3="2,35,73,97,67,10,56,39,16,104,133,134,26"/><U101/><E126/><V18/><F109/><W46/><G73/><T102/><D110/><U55/><E41/><V89/><F117/><W65/><G104/><T99/><D116/><U131/><E131/><V34/><F69/><W11/><G97/><T30/><D120/><U108/><E108/><V36/><F36/><W129/><G129/><T7/><D64/><U54/><E15/><V128/><F128/><W12/><G2/><T86/><D17/><U6/><E6/><V103/><F5/><W23/><G35/><T14/><D3/><U22/><E22/><V87/><F18/><W113/><G113/><T21/><D14/><U78/><E78/><V105/><F105/><W31/><G11/><T20/><D7/><U40/><E40/><V52/><F52/><N who="1" m="20009" /><E63/><V115/><F115/><W0/><G0/><T94/><REACH who="0" step="1"/><D21/><REACH who="0" ten="124,251,382,233" step="2"/><U72/><E70/><V9/><F9/><W130/><G130/><T76/><D76/><U111/><E111/><V8/><F8/><W38/><G67/><T77/><D77/><U37/><E72/><V59/><F59/><W84/><G56/><T32/><D32/><U118/><E118/><V58/><F58/><W122/><G65/><T53/><D53/><U60/><E60/><V79/><F79/><W66/><G66/><T71/><D71/><U68/><E68/><V121/><F121/><W75/><G122/><T13/><D13/><U80/><E135/><V119/><F119/><W4/><G75/><T62/><D62/><U33/><E132/><V47/><F34/><W74/><G134/><T112/><D112/><U100/><E33/><RYUUKYOKU ba="0,1" sc="124,15,251,-15,382,15,233,-15" hai0="20,24,25,27,30,42,48,86,91,94,99,102,107" hai2="29,44,45,47,87,89,93,96,103,106,124,125,127" />
</Scene>
<Scene>
<INIT seed="6,1,1,0,3,116" ten="139,236,397,218" oya="2" hai0="18,98,22,27,73,60,9,39,82,87,99,34,46" hai1="78,121,69,61,130,44,128,75,96,64,124,40,132" hai2="104,101,7,26,113,33,14,106,81,70,53,50,55" hai3="63,93,102,54,114,47,100,119,59,67,88,123,5"/><V48/><F70/><W97/><G119/><T41/><D73/><U112/><E112/><V84/><F113/><W24/><G114/><T3/><D34/><U2/><E96/><V127/><F127/><W0/><G0/><T12/><D3/><U8/><E124/><V135/><F135/><W72/><G72/><T51/><D39/><N who="1" m="21535" /><E132/><V65/><F65/><W49/><G5/><T38/><D38/><U129/><E121/><V118/><F118/><W90/><G123/><T20/><D60/><U11/><E2/><V133/><F133/><W45/><G45/><T19/><REACH who="0" step="1"/><D9/><REACH who="0" ten="129,236,397,218" step="2"/><U86/><E75/><V125/><F33/><W25/><G102/><T91/><AGARI ba="1,2" hai="12,18,19,20,22,27,41,46,51,82,87,91,98,99" machi="91" ten="20,12000,2" yaku="1,1,2,1,0,1,7,1,8,1,53,1" doraHai="116" doraHaiUra="43" who="0" fromWho="0" sc="129,143,236,-31,397,-61,218,-31" />
</Scene>
<Scene>
<INIT seed="7,0,0,1,1,32" ten="272,205,336,187" oya="3" hai0="56,59,1,80,123,111,8,102,83,0,29,64,42" hai1="94,127,34,81,89,82,101,96,87,68,79,98,20" hai2="62,103,5,91,72,106,52,122,18,44,39,15,36" hai3="128,46,55,54,90,49,61,93,133,78,33,31,9"/><W60/><G78/><T75/><D111/><U97/><E34/><V69/><F72/><W11/><G128/><T12/><D123/><U23/><E68/><V21/><F122/><W19/><G133/><T130/><D130/><U51/><E127/><V35/><F35/><W92/><G33/><T25/><D102/><U37/><E37/><V65/><F5/><W16/><G46/><T117/><D117/><U63/><E63/><V125/><F125/><W45/><G45/><T116/><D116/><U77/><E51/><V112/><F112/><W47/><G47/><T13/><D8/><U6/><E6/><V118/><F118/><W14/><G90/><T107/><D25/><U126/><E126/><V70/><F70/><W43/><G14/><T27/><D27/><U71/><E71/><V121/><F121/><W40/><REACH who="3" step="1"/><G49/><REACH who="3" ten="272,205,336,177" step="2"/><T86/><D13/><U85/><E101/><V48/><F91/><W24/><G24/><T108/><D12/><U115/><E115/><V76/><F76/><W10/><G10/><T135/><D135/><U30/><E30/><AGARI ba="0,1" hai="9,11,16,19,30,31,40,43,54,55,60,61,92,93" machi="30" ten="25,12000,1" yaku="1,1,22,2,8,1,54,1,53,0" doraHai="32" doraHaiUra="113" who="3" fromWho="1" sc="272,0,205,-120,336,0,177,130" />
</Scene>
<Scene>
<INIT seed="7,1,0,5,3,20" ten="272,85,336,307" oya="3" hai0="111,47,68,13,65,49,118,71,22,85,40,78,53" hai1="17,9,4,88,24,5,134,123,96,41,110,112,82" hai2="117,57,6,126,97,75,35,81,125,33,59,122,34" hai3="55,69,48,28,102,103,127,46,80,66,21,56,100"/><W26/><G127/><N who="2" m="48649" /><F117/><W54/><G69/><T114/><D118/><U52/><E110/><V104/><F122/><W124/><G124/><T109/><D78/><U115/><E123/><V132/><F132/><W15/><G80/><T116/><D85/><U12/><E134/><V131/><F131/><W11/><G66/><T58/><D116/><U76/><E41/><V0/><F0/><W19/><G56/><N who="2" m="21577" /><F6/><W95/><G95/><T74/><D74/><U133/><E133/><V43/><F43/><AGARI ba="1,0" hai="11,15,19,21,26,28,43,46,48,54,55,100,102,103" machi="43" ten="40,3900,0" yaku="8,1,52,1" doraHai="20" who="3" fromWho="2" sc="272,0,85,0,336,-42,307,42" owari="272,-13.0,85,-41.0,294,9.0,349,45.0" />
</Scene>
</mjloggm>