<mjloggm ver="2.3"><GO type="169" lobby="0"/><UN n0="%E5%A4%A9%E7%A9%BA%E3%81%AE%E7%99%BD%E3%82%82%E3%82%93%E3%81%9F" n1="%41%53%41%50%49%4E" n2="%E3%81%B4%E3%81%AE" n3="%47%61%4B%75" dan="16,19,16,16" rate="2105.32,2306.72,2089.80,2088.98" sx="F,M,M,M"/><TAIKYOKU oya="0"/>

<Scene>
<INIT seed="0,0,0,0,2,135" ten="250,250,250,250" oya="0" hai0="8,123,74,32,101,26,43,84,55,7,134,34,112" hai1="129,94,77,100,113,58,3,47,131,114,11,128,116" hai2="115,13,99,120,83,0,108,95,111,38,22,70,25" hai3="82,124,78,17,75,79,56,48,57,50,60,1,76"/><T68/><D74/><U4/><E116/><V30/><F0/><W90/><G1/><T45/><D123/><U125/><E77/><V133/><F115/><N who="1" m="44041" /><E58/><V106/><F133/><W130/><G75/><T53/><D68/><U62/><E62/><V14/><F70/><W88/><G130/><T61/><D134/><U31/><E31/><V86/><F38/><W6/><G6/><T46/><D101/><U126/><E47/><V64/><F64/><W127/><G17/><T98/><D98/><AGARI ba="0,0" hai="3,4,11,94,98,100,125,126,128,129,131" m="44041" machi="98" ten="40,8000,1" yaku="19,1,11,1,52,2" doraHai="135" who="1" fromWho="0" sc="250,-80,250,80,250,0,250,0" />
</Scene>
<Scene>
<INIT seed="1,0,0,1,1,34" ten="170,330,250,250" oya="1" hai0="95,113,91,74,45,24,32,103,52,81,11,89,133" hai1="124,80,99,12,109,22,101,44,3,135,94,102,119" hai2="55,87,35,36,105,63,57,129,47,114,61,23,17" hai3="48,37,19,28,13,98,131,18,110,90,86,54,120"/><U68/><E119/><V97/><F129/><W20/><G131/><T130/><D130/><U58/><E68/><V111/><F114/><W42/><G110/><T59/><D113/><U93/><E135/><V31/><F111/><W56/><G120/><T73/><D133/><U49/><E109/><V51/><F35/><W123/><G123/><T67/><D11/><U14/><E124/><V118/><F31/><W116/><G116/><T96/><D67/><U33/><E33/><V72/><F72/><W39/><G98/><T70/><D70/><U62/><E3/><V10/><F118/><W6/><G42/><T104/><D45/><U4/><E4/><V16/><F105/><W15/><G28/><T92/><D104/><U29/><E80/><V121/><F121/><W43/><G43/><T122/><D122/><U0/><E0/><V46/><F97/><W107/><G107/><T83/><D103/><U7/><E94/><V85/><F10/><W50/><G50/><T77/><D32/><U132/><E7/><V8/><F8/><W84/><G6/><T41/><D41/><N who="1" m="24719" /><E102/><V26/><F17/><W9/><G86/><N who="2" m="32777" /><F36/><W127/><G127/><T134/><D134/><U30/><E132/><V38/><F38/><W53/><REACH who="3" step="1"/><G54/><REACH who="3" ten="170,330,250,240" step="2"/><T112/><D112/><U79/><E30/><V100/><F100/><W21/><G21/><T69/><D73/><U108/><E108/><V64/><F51/><W71/><G71/><T65/><D69/><U82/><E29/><V75/><F75/><W2/><G2/><T115/><D74/><N who="1" m="43383" /><E22/><V106/><F106/><W27/><G27/><RYUUKYOKU ba="0,1" sc="170,-30,330,10,250,10,240,10" hai1="12,14,58,62,93,99,101" hai2="16,23,26,46,47,55,57,61,63,64" hai3="9,13,15,18,19,20,37,39,48,53,56,84,90" />
</Scene>
<Scene>
<INIT seed="1,1,1,5,3,121" ten="140,340,260,250" oya="1" hai0="88,97,79,29,98,58,82,40,24,111,64,32,14" hai1="8,78,73,123,2,106,26,16,84,56,38,33,6" hai2="76,37,17,9,85,129,102,81,83,12,99,132,23" hai3="122,10,52,91,114,65,116,57,36,1,18,31,108"/><U100/><E123/><V60/><F132/><W74/><G122/><T107/><D111/><U71/><E38/><V110/><F129/><W87/><G74/><T118/><D118/><U11/><E71/><V109/><F37/><W113/><G116/><T66/><D40/><U19/><E73/><V95/><F60/><W77/><G77/><T15/><D107/><U41/><E41/><V103/><F103/><W21/><G36/><T39/><D39/><U131/><E131/><V43/><F43/><W42/><G42/><T48/><D98/><U127/><E127/><V63/><F63/><W112/><G65/><T96/><D96/><U44/><E44/><V0/><REACH who="2" step="1"/><F83/><REACH who="2" ten="140,340,250,250" step="2"/><W35/><G112/><T115/><D115/><U72/><E100/><V93/><F93/><W86/><G113/><T30/><D66/><U105/><E106/><V120/><F120/><W124/><G114/><T7/><D64/><U13/><E105/><V75/><F75/><W104/><G124/><T49/><D48/><U90/><E72/><V130/><F130/><W20/><G104/><T61/><D49/><U133/><E133/><V128/><F128/><W4/><G87/><T27/><D61/><U67/><E67/><V59/><F59/><W134/><G86/><N who="0" m="48479" /><D58/><U54/><E56/><V46/><F46/><W70/><G57/><T68/><D68/><U3/><E84/><V135/><F135/><W55/><G70/><T62/><D62/><U126/><E126/><V25/><F25/><N who="3" m="18927" /><G134/><T117/><D117/><U92/><E92/><V22/><F22/><W45/><G20/><N who="0" m="15495" /><D7/><AGARI ba="1,2" hai="0,7,9,12,17,23,76,81,85,95,99,102,109,110" machi="7" ten="40,8000,1" yaku="1,1,52,2,53,1" doraHai="121" doraHaiUra="80" who="2" fromWho="0" sc="140,-83,340,0,250,103,250,0" />
</Scene>
<Scene>
<INIT seed="2,0,0,3,2,17" ten="57,340,353,250" oya="2" hai0="77,95,88,125,59,122,99,58,70,96,62,63,0" hai1="78,67,113,81,61,39,64,101,19,18,38,127,100" hai2="10,35,128,28,84,14,75,87,5,43,9,103,52" hai3="130,80,66,123,121,56,85,8,134,40,50,49,37"/><V94/><F128/><W20/><G130/><T15/><D122/><U69/><E113/><V109/><F75/><W26/><G134/><T60/><D70/><U51/><E127/><V110/><F43/><W11/><G37/><T74/><D125/><U92/><E67/><V98/><F28/><W7/><G121/><T31/><D0/><U13/><E19/><V47/><F35/><W107/><G107/><T105/><D31/><U135/><E135/><V93/><F10/><W54/><G123/><T124/><D124/><U65/><E65/><V29/><F29/><N who="3" m="17607" /><G66/><T102/><REACH who="0" step="1"/><D15/><REACH who="0" ten="47,340,353,250" step="2"/><U106/><E13/><V41/><F14/><W25/><G25/><T12/><D12/><U48/><E69/><V6/><F6/><W120/><G7/><T27/><D27/><U68/><E68/><V129/><F5/><W117/><G120/><T3/><D3/><U97/><E18/><V34/><F129/><W133/><G133/><T76/><D76/><U73/><E78/><V114/><F9/><W83/><G117/><T89/><D89/><U111/><E100/><V132/><F103/><W23/><G8/><T22/><D22/><U131/><E101/><V55/><F132/><W1/><G11/><T42/><D42/><U118/><E131/><V90/><F90/><W46/><G1/><T126/><D126/><U16/><E16/><V72/><F34/><W82/><G23/><T108/><D108/><U36/><E111/><V112/><F110/><W79/><AGARI ba="0,1" hai="40,46,49,50,54,56,79,80,82,83,85" m="17607" machi="79" ten="30,2000,0" yaku="8,1,52,1" doraHai="17" who="3" fromWho="3" sc="47,-5,340,-5,353,-10,250,30" />
</Scene>
<Scene>
<INIT seed="3,0,0,3,5,5" ten="42,335,343,280" oya="3" hai0="97,120,85,89,55,28,116,38,70,102,44,118,36" hai1="15,9,125,114,35,73,121,67,107,105,103,1,82" hai2="124,95,66,51,134,3,20,99,96,18,21,53,65" hai3="49,23,64,50,87,24,11,16,32,79,29,108,52"/><W42/><G108/><T98/><D120/><U30/><E114/><V110/><F3/><W93/><G64/><T106/><D70/><U57/><E121/><V33/><F33/><W78/><G42/><T80/><D98/><U115/><E115/><V63/><F134/><W129/><G129/><T133/><D133/><U2/><E125/><V19/><F124/><W71/><G71/><T68/><D68/><U75/><E30/><V135/><F135/><W41/><G41/><T88/><D89/><U25/><E25/><V122/><F63/><W0/><G50/><T27/><D55/><U46/><E35/><V77/><F77/><W61/><G61/><T22/><REACH who="0" step="1"/><D44/><REACH who="0" ten="32,335,343,280" step="2"/><U123/><E46/><N who="2" m="27895" /><F122/><W10/><G79/><T14/><D14/><U54/><E15/><N who="2" m="9311" /><F110/><W6/><G78/><T8/><D8/><U112/><E9/><V12/><F99/><W56/><G0/><T90/><D90/><AGARI ba="0,1" hai="12,19,21,65,66,90,95,96" m="9311,27895" machi="90" ten="30,1000,0" yaku="8,1" doraHai="5" who="2" fromWho="0" sc="32,-10,335,0,343,20,280,0" />
</Scene>
<Scene>
<INIT seed="4,0,0,2,1,97" ten="22,335,363,280" oya="0" hai0="102,17,51,46,29,15,69,35,28,86,85,79,84" hai1="121,99,74,94,13,0,4,91,119,115,82,31,72" hai2="6,24,5,20,125,70,34,39,23,89,30,123,11" hai3="128,131,124,33,126,111,135,36,118,106,75,26,58"/><T8/><D69/><U52/><E119/><V1/><F70/><W25/><G36/><T127/><D127/><N who="3" m="48681" /><G106/><T55/><D35/><U81/><E121/><V61/><F39/><W42/><G42/><T80/><REACH who="0" step="1"/><D102/><REACH who="0" ten="12,335,363,280" step="2"/><U76/><E115/><V64/><F125/><W21/><G118/><T93/><D93/><U3/><E94/><V44/><F34/><W98/><G98/><T40/><D40/><U38/><E99/><V112/><F123/><W110/><G58/><T48/><D48/><U59/><E59/><V108/><F112/><W104/><G104/><T83/><D83/><U32/><E82/><V113/><F113/><W100/><G100/><T62/><D62/><U50/><E38/><V16/><F61/><W37/><G37/><T71/><D71/><U68/><E68/><V18/><F108/><N who="3" m="41515" /><G75/><AGARI ba="0,1" hai="8,15,17,28,29,46,51,55,75,79,80,84,85,86" machi="75" ten="40,2000,0" yaku="1,1,53,0" doraHai="97" doraHaiUra="92" who="0" fromWho="3" sc="12,30,335,0,363,0,280,-20" />
</Scene>
<Scene>
<INIT seed="4,1,0,4,1,119" ten="42,335,363,260" oya="0" hai0="15,26,17,118,39,106,68,6,51,126,52,5,114" hai1="125,82,115,98,65,56,48,90,104,3,102,8,105" hai2="79,87,92,72,101,4,11,60,58,110,116,0,54" hai3="75,70,112,111,88,49,27,44,99,7,131,22,31"/><T97/><D118/><U80/><E125/><V18/><F110/><W83/><G111/><T133/><D126/><U74/><E105/><V13/><F116/><W132/><G112/><T12/><D114/><U134/><E115/><V50/><F72/><W64/><G131/><T32/><D68/><U1/><E134/><V89/><F79/><W123/><G132/><T84/><D39/><U10/><E74/><V109/><F109/><W103/><G7/><T20/><D133/><U66/><E90/><V86/><F101/><W71/><G64/><T121/><D121/><U95/><E104/><V38/><F38/><W36/><G36/><T14/><D32/><U73/><E73/><V59/><F86/><W69/><G75/><T24/><D26/><U45/><E1/><V37/><F37/><W57/><G57/><T128/><D128/><U2/><E2/><V43/><F43/><W16/><G123/><T9/><D84/><U129/><E129/><V40/><F40/><W76/><G76/><T30/><D106/><U25/><E25/><V113/><F113/><W19/><G88/><T130/><D97/><U47/><E3/><V107/><F107/><W85/><G85/><T28/><D130/><U63/><E65/><N who="2" m="39063" /><F0/><W127/><G83/><N who="1" m="31786" /><E47/><V33/><F33/><W67/><G67/><T100/><D100/><U77/><E77/><V29/><F29/><N who="0" m="11370" /><D9/><U61/><E61/><V122/><F122/><W93/><REACH who="3" step="1"/><G127/><REACH who="3" ten="42,335,363,250" step="2"/><T91/><D91/><U34/><E34/><V94/><F4/><W62/><G62/><T55/><D55/><AGARI ba="1,1" hai="8,10,45,48,55,56,63,66,95,98,102" m="31786" machi="55" ten="30,1000,0" yaku="8,1" doraHai="119" who="1" fromWho="0" sc="42,-13,335,23,363,0,250,0" /><AGARI ba="1,0" hai="16,19,22,27,31,44,49,55,69,70,71,93,99,103" machi="55" ten="40,5200,0" yaku="1,1,54,1,53,1" doraHai="119" doraHaiUra="96" who="3" fromWho="0" sc="29,-52,358,0,363,0,250,52" owari="-23,-52.0,358,16.0,363,46.0,302,-10.0" />
</Scene>
</mjloggm>