<mjloggm ver="2.3"><GO type="169"/><UN n0="%E3%83%97%E3%83%AD%E3%82%B8%E3%83%A3%E3%83%B3%E6%B0%8F" n1="%E4%BD%90%E5%80%89%E7%B4%97%E7%B9%94" n2="%E5%A5%88%E8%90%BD%E3%81%AE%E7%8E%8B" n3="%41%53%41%50%49%4E" dan="17,16,17,18" rate="2217,2082,2182,2230" sx="M,F,M,M"/><TAIKYOKU oya="0"/>

<Scene>
<INIT seed="0,0,0,3,5,31" ten="250,250,250,250" oya="0" hai0="80,55,18,125,58,60,110,25,35,98,37,73,76" hai1="68,117,100,122,69,26,14,85,91,6,21,53,3" hai2="39,27,22,87,19,43,9,70,119,47,112,118,7" hai3="5,130,8,129,50,86,82,107,66,2,0,72,62"/><T36/><D125/><U106/><E122/><V105/><F112/><W52/><G72/><T40/><D40/><U94/><E117/><V79/><F105/><W90/><G107/><T41/><D41/><U116/><E3/><V29/><F70/><W131/><G2/><T32/><D110/><U30/><E116/><N who="2" m="44587" /><F79/><W44/><REACH who="3" step="1"/><G131/><REACH who="3" ten="250,250,250,240" step="2"/><T45/><D45/><U54/><E106/><V59/><F47/><W61/><G61/><T109/><D109/><U64/><E69/><AGARI ba="0,1" hai="0,5,8,44,50,52,62,66,69,82,86,90,129,130" machi="69" ten="40,2600,0" yaku="1,1,54,1,53,0" doraHai="31" doraHaiUra="97" who="3" fromWho="1" sc="250,0,250,-26,250,0,240,36" />
</Scene>
<Scene>
<INIT seed="1,0,0,3,3,83" ten="250,224,250,276" oya="1" hai0="134,96,57,54,18,12,53,97,40,128,41,33,120" hai1="94,19,55,133,110,47,36,111,90,24,30,31,95" hai2="131,127,9,107,26,77,23,75,100,118,5,66,20" hai3="13,0,32,17,68,104,126,89,76,106,112,35,3"/><U73/><E73/><V93/><F118/><W130/><G112/><T116/><D128/><U6/><E6/><V72/><F107/><W16/><G130/><T1/><D1/><U109/><E133/><V34/><F131/><W105/><G68/><T122/><D33/><N who="1" m="20679" /><E31/><V27/><F34/><W132/><G126/><T87/><D134/><U81/><E19/><V115/><F66/><W61/><G132/><T37/><D116/><U85/><E55/><N who="0" m="21001" /><D57/><U10/><E10/><V46/><F77/><W15/><G76/><T51/><D37/><U67/><E67/><V58/><F58/><W84/><G61/><T42/><D51/><U101/><E101/><V2/><F100/><W99/><G99/><N who="0" m="37963" /><D87/><U114/><E114/><V92/><F115/><W79/><G79/><T88/><D88/><U69/><E69/><V78/><F78/><W49/><G49/><T28/><D28/><U63/><E63/><V74/><F74/><W38/><G38/><T98/><D98/><U82/><E82/><V8/><F2/><W119/><G119/><T50/><D50/><U21/><E21/><V14/><F75/><W108/><G104/><T39/><D39/><U103/><E103/><V135/><F72/><W44/><G89/><T80/><D80/><U121/><E121/><N who="0" m="46697" /><D18/><U52/><E52/><V7/><F135/><W22/><G105/><T91/><D91/><U70/><E70/><V123/><F123/><W71/><G106/><T11/><D11/><U45/><E45/><V25/><F46/><W48/><G44/><T60/><D60/><U64/><E64/><V29/><F9/><RYUUKYOKU ba="0,0" sc="250,15,224,15,250,-15,276,-15" hai0="12,40,41,42" hai1="36,47,81,85,90,94,95,109,110,111" />
</Scene>
<Scene>
<INIT seed="1,1,0,4,4,60" ten="265,239,235,261" oya="1" hai0="36,26,114,62,83,124,51,63,45,119,57,31,104" hai1="79,129,3,28,95,94,25,85,59,117,46,115,107" hai2="47,24,64,35,58,81,18,34,38,112,10,88,56" hai3="109,19,105,86,23,15,78,65,118,43,12,66,120"/><U135/><E117/><V134/><F134/><W32/><G120/><T39/><D114/><U89/><E135/><V8/><F112/><W90/><G105/><T122/><D119/><U91/><E115/><V84/><F35/><W16/><G32/><T30/><D122/><U74/><E3/><V41/><F58/><W70/><G70/><T99/><D124/><U77/><E46/><V14/><F34/><W37/><G118/><T27/><D63/><U101/><E59/><V125/><F125/><W44/><G78/><N who="1" m="29706" /><E25/><V54/><F24/><W7/><G7/><T108/><D108/><U71/><E28/><V123/><F123/><W130/><G130/><T87/><D27/><U121/><E71/><V33/><F33/><W22/><G109/><T68/><D68/><U67/><E67/><V93/><F64/><W127/><G127/><T0/><D0/><U80/><E121/><V98/><F10/><W1/><G1/><T116/><D116/><U92/><E129/><V4/><F4/><W53/><G53/><T111/><D111/><U17/><E17/><V76/><F54/><W61/><G61/><T49/><D30/><U131/><E131/><V20/><F56/><W133/><G133/><T106/><D26/><U50/><E50/><V9/><AGARI ba="1,0" hai="8,9,14,18,20,38,41,47,76,81,84,88,93,98" machi="9" ten="30,2000,0" yaku="0,1,54,1" doraHai="60" who="2" fromWho="2" sc="265,-6,239,-11,235,23,261,-6" />
</Scene>
<Scene>
<INIT seed="2,0,0,2,1,88" ten="259,228,258,255" oya="2" hai0="33,63,2,115,96,40,61,82,128,120,99,69,102" hai1="41,123,38,119,54,4,67,50,68,100,14,124,104" hai2="81,97,46,42,70,91,56,78,45,74,10,131,101" hai3="109,127,110,116,62,95,75,134,60,112,83,21,79"/><V35/><F70/><W58/><G116/><T5/><D115/><U106/><E119/><V87/><F35/><W130/><G112/><T92/><D120/><U111/><E100/><V51/><F131/><W133/><G21/><T65/><D128/><U24/><E24/><V53/><F10/><W125/><G130/><T34/><D40/><U103/><E103/><V129/><F129/><W59/><G83/><T108/><D108/><N who="3" m="41577" /><G79/><T12/><D2/><U84/><E84/><V113/><F113/><W32/><G32/><T37/><D37/><U98/><E98/><V43/><F43/><W90/><G75/><T0/><D0/><U64/><E123/><V73/><F78/><W39/><G39/><T17/><D5/><U117/><E111/><V1/><F1/><W57/><G95/><T36/><D36/><U25/><E4/><V94/><REACH who="2" step="1"/><F46/><REACH who="2" ten="259,228,248,255" step="2"/><W27/><G134/><T121/><D121/><U66/><E117/><V16/><F16/><W86/><G133/><T22/><D69/><U19/><E68/><V89/><F89/><W7/><G7/><T71/><D34/><U3/><E19/><V8/><F8/><W26/><G90/><T13/><D33/><U118/><E3/><V105/><F105/><W132/><G132/><T49/><D71/><U30/><E106/><V15/><F15/><W80/><G26/><T77/><D12/><U48/><E14/><V52/><F52/><W114/><G27/><T20/><D13/><U28/><E104/><V23/><F23/><W135/><G135/><T47/><D22/><U31/><E25/><V9/><F9/><RYUUKYOKU ba="0,1" sc="259,-10,228,-10,248,30,255,-10" hai2="42,45,51,53,56,73,74,81,87,91,94,97,101" />
</Scene>
<Scene>
<INIT seed="2,1,1,1,5,135" ten="249,218,278,245" oya="2" hai0="28,82,21,51,118,79,70,120,24,22,77,25,122" hai1="106,56,61,59,89,49,65,130,14,26,100,68,126" hai2="95,66,54,36,8,98,11,35,69,50,132,84,19" hai3="71,92,105,113,13,125,104,94,9,32,107,27,83"/><V134/><F36/><W128/><G71/><T72/><D70/><U55/><E89/><V85/><F35/><W90/><G113/><T102/><D118/><U4/><E26/><V6/><F66/><W97/><G128/><T43/><D79/><U15/><E4/><V16/><F69/><W75/><G32/><T57/><D102/><U67/><E100/><N who="2" m="60511" /><F132/><W116/><G27/><T127/><D127/><U87/><E106/><V114/><F114/><W121/><G121/><T5/><D5/><U31/><E87/><N who="2" m="33355" /><F134/><W63/><G116/><T30/><REACH who="0" step="1"/><D43/><REACH who="0" ten="239,218,278,245" step="2"/><U2/><E126/><V110/><F110/><W99/><G125/><T64/><D64/><U124/><E65/><V86/><F6/><W10/><G105/><T17/><D17/><N who="2" m="6730" /><F86/><W29/><G104/><T34/><D34/><U42/><E67/><V101/><F101/><W91/><G107/><T74/><D74/><U47/><E68/><V88/><F88/><W111/><G75/><T78/><D78/><U112/><E124/><V117/><F117/><W23/><G111/><T108/><D108/><U80/><E112/><V96/><F96/><W12/><G97/><T18/><D18/><U48/><E42/><V131/><F131/><W109/><G99/><T62/><D62/><U7/><E61/><V20/><F20/><W81/><G109/><T123/><D123/><U33/><E130/><V44/><AGARI ba="1,2" hai="8,11,44,50,54" m="6730,33355,60511" machi="44" ten="30,3000,0" yaku="8,1,54,1" doraHai="135" who="2" fromWho="2" sc="239,-11,218,-11,278,53,245,-11" />
</Scene>
<Scene>
<INIT seed="2,2,0,0,2,64" ten="228,207,331,234" oya="2" hai0="28,117,94,20,96,31,70,86,18,126,106,122,82" hai1="46,114,103,77,102,56,0,89,40,112,10,19,91" hai2="67,111,109,79,69,38,14,83,45,61,101,97,95" hai3="118,27,4,128,72,5,115,105,108,100,116,123,11"/><V51/><F14/><W75/><G123/><T88/><D122/><U32/><E56/><V15/><F15/><W134/><G108/><N who="2" m="41545" /><F38/><W73/><G134/><T35/><D126/><U62/><E10/><V76/><F83/><W23/><G128/><T107/><D117/><U41/><E0/><V49/><F49/><W2/><G115/><T26/><D70/><U71/><E114/><V113/><F113/><W80/><G5/><T33/><D31/><U84/><E112/><V63/><F63/><W24/><G24/><T50/><D50/><U110/><E62/><V132/><F132/><W21/><G21/><T53/><D53/><AGARI ba="2,0" hai="45,51,53,61,67,69,76,79,95,97,101" m="41545" machi="53" ten="30,5800,0" yaku="14,1,10,1,52,1" doraHai="64" who="2" fromWho="0" sc="228,-64,207,0,331,64,234,0" />
</Scene>
<Scene>
<INIT seed="2,3,0,0,3,127" ten="164,207,395,234" oya="2" hai0="85,93,44,30,18,121,17,34,14,105,41,52,97" hai1="75,22,4,27,74,120,99,119,9,47,135,35,77" hai2="64,130,69,104,122,26,113,42,33,101,106,23,86" hai3="60,53,20,46,61,31,3,100,8,43,110,13,49"/><V134/><F113/><W116/><G116/><T87/><D121/><U70/><E35/><V81/><F122/><W63/><G3/><T131/><D131/><U28/><E120/><V115/><F42/><W78/><G110/><T80/><D105/><U111/><E119/><V108/><F115/><W129/><G100/><T84/><D34/><U39/><E111/><V40/><F40/><W107/><G107/><T1/><D1/><U6/><E70/><V19/><F33/><W112/><G112/><T55/><D30/><U123/><E123/><V68/><F108/><W133/><G133/><T24/><D24/><U90/><E135/><V50/><F50/><W88/><G78/><T96/><D80/><U15/><E6/><V71/><F64/><W21/><G129/><T73/><D73/><U82/><E75/><V89/><F130/><W103/><G103/><T132/><D132/><U117/><E117/><V62/><F134/><W98/><G31/><T25/><D25/><U16/><E39/><V67/><F101/><W57/><G98/><N who="0" m="37995" /><D93/><U48/><E99/><V72/><F72/><W126/><G88/><T65/><D65/><U125/><E125/><V79/><F89/><W10/><G126/><T102/><D102/><U95/><E95/><V109/><F109/><W37/><REACH who="3" step="1"/><G10/><REACH who="3" ten="164,207,395,224" step="2"/><N who="0" m="6359" /><D18/><AGARI ba="3,1" hai="8,13,18,20,21,37,43,46,49,53,57,60,61,63" machi="18" ten="40,1300,0" yaku="1,1,53,0" doraHai="127" doraHaiUra="66" who="3" fromWho="0" sc="164,-22,207,0,395,0,224,32" />
</Scene>
<Scene>
<INIT seed="3,0,0,4,2,133" ten="142,207,395,256" oya="3" hai0="52,41,32,128,86,115,65,62,53,106,100,117,112" hai1="68,12,122,97,129,108,16,40,0,20,123,124,120" hai2="14,59,51,15,99,111,49,60,70,27,73,23,116" hai3="35,94,107,82,127,4,67,64,110,132,121,29,119"/><W24/><G119/><T54/><D32/><U114/><E68/><V72/><F70/><W93/><G121/><T109/><D106/><U2/><E40/><V47/><F73/><W21/><G107/><T125/><D100/><U7/><E97/><V57/><F72/><W88/><G132/><T135/><D86/><U61/><E61/><V6/><F111/><W66/><G110/><T34/><D34/><U92/><E92/><V63/><F99/><W13/><G127/><T87/><D87/><U45/><E45/><V74/><F74/><W19/><G93/><T98/><D98/><U84/><E84/><V134/><F116/><W131/><G131/><T76/><D76/><U102/><E102/><V55/><F6/><W113/><G113/><N who="0" m="43595" /><D135/><U28/><E108/><V77/><F77/><W90/><G94/><T9/><D9/><N who="1" m="4159" /><E114/><V38/><F38/><W104/><G104/><T1/><D1/><N who="1" m="619" /><E129/><V118/><F118/><W58/><G4/><T10/><D128/><U31/><E124/><V8/><F134/><W101/><G101/><T42/><D125/><U33/><E33/><V79/><F79/><W22/><G35/><T48/><D109/><U95/><E95/><V105/><F105/><W18/><G82/><T126/><D126/><U80/><E80/><V91/><F91/><N who="3" m="34859" /><G58/><N who="0" m="37079" /><D117/><U81/><E81/><V26/><F59/><W103/><G103/><T56/><D10/><U37/><E37/><V5/><F8/><W69/><G69/><T50/><D54/><U46/><E46/><AGARI ba="0,0" hai="41,42,46,48,50,52,53,56" m="37079,43595" machi="46" ten="30,7700,0" yaku="11,1,34,2,54,1" doraHai="133" who="0" fromWho="1" sc="142,77,207,-77,395,0,256,0" />
</Scene>
<Scene>
<INIT seed="4,0,0,1,3,126" ten="219,130,395,256" oya="0" hai0="110,109,8,7,11,116,33,98,77,72,93,27,131" hai1="62,57,37,20,68,122,75,101,16,127,96,42,66" hai2="43,5,6,79,18,12,28,23,29,45,133,39,10" hai3="63,0,53,59,94,48,65,80,36,130,67,38,90"/><T49/><D116/><U123/><E75/><V89/><F133/><W60/><G0/><T64/><D64/><N who="3" m="24649" /><G94/><T97/><D131/><U3/><E3/><V135/><F135/><W70/><G80/><T83/><D49/><U14/><E127/><V44/><F79/><W115/><G90/><T85/><D72/><U2/><E2/><V25/><F29/><W26/><G26/><T76/><D76/><U125/><E125/><V55/><F89/><W84/><G84/><T32/><D97/><U114/><E114/><V100/><F100/><W134/><G134/><T40/><D40/><U22/><E22/><V52/><F45/><W50/><G115/><T31/><D33/><U108/><E108/><N who="0" m="41577" /><D7/><U124/><E124/><V102/><F102/><AGARI ba="0,0" hai="8,11,27,31,32,77,83,85,93,98,102" m="41577" machi="102" ten="30,1500,0" yaku="10,1" doraHai="126" who="0" fromWho="2" sc="219,15,130,0,395,-15,256,0" />
</Scene>
<Scene>
<INIT seed="4,1,0,2,4,51" ten="234,130,380,256" oya="0" hai0="112,46,43,57,40,8,70,130,124,37,128,113,95" hai1="86,52,132,23,121,4,66,14,117,84,99,30,20" hai2="92,32,111,31,13,53,54,116,82,94,97,27,115" hai3="67,29,21,16,87,123,88,17,114,126,22,108,61"/><T48/><D8/><U18/><E132/><V83/><F111/><W3/><G108/><T58/><D95/><U28/><E117/><V72/><F116/><W59/><G3/><T50/><D70/><U80/><E121/><V76/><F83/><W106/><G106/><T0/><D0/><U62/><E4/><V25/><F115/><N who="0" m="44106" /><D124/><U41/><E41/><N who="0" m="15945" /><D37/><U44/><E99/><V55/><F97/><W38/><G38/><T125/><D125/><U69/><E23/><V39/><F39/><W101/><G114/><T71/><D71/><U11/><E11/><V35/><F13/><N who="3" m="9359" /><G126/><T45/><D50/><U7/><E7/><V47/><F47/><N who="0" m="17930" /><D48/><U65/><E65/><V60/><F60/><W93/><G123/><T119/><D119/><U89/><REACH who="1" step="1"/><E84/><REACH who="1" ten="234,120,380,256" step="2"/><V42/><F42/><W122/><G122/><T77/><D77/><U120/><E120/><V36/><F36/><W74/><G67/><T49/><D49/><AGARI ba="1,1" hai="14,18,20,28,30,44,49,52,62,66,69,80,86,89" machi="49" ten="40,5200,0" yaku="1,1,52,1,54,1,53,0" doraHai="51" doraHaiUra="105" who="1" fromWho="0" sc="234,-55,120,65,380,0,256,0" />
</Scene>
<Scene>
<INIT seed="5,0,0,4,0,63" ten="179,185,380,256" oya="1" hai0="98,10,118,13,73,78,19,75,29,96,15,35,20" hai1="9,77,97,88,115,58,41,74,66,94,132,8,59" hai2="81,45,55,46,80,69,26,27,86,49,103,110,67" hai3="131,25,126,68,76,105,129,90,125,91,107,22,30"/><U16/><E115/><V12/><F110/><W70/><G76/><T119/><D119/><U120/><E120/><V11/><F103/><W44/><G44/><T21/><D118/><U6/><E132/><V123/><F123/><W53/><G53/><T7/><D35/><U34/><E34/><V106/><F106/><N who="3" m="40459" /><G91/><T0/><D15/><N who="1" m="5527" /><E74/><V135/><F135/><W128/><G90/><T24/><REACH who="0" step="1"/><D78/><REACH who="0" ten="169,185,380,256" step="2"/><U61/><E77/><V43/><F12/><W127/><AGARI ba="0,1" hai="22,25,30,68,70,125,126,127,128,129,131" m="40459" machi="127" ten="50,3200,0" yaku="18,1,19,1" doraHai="63" who="3" fromWho="3" sc="169,-8,185,-16,380,-8,256,42" />
</Scene>
<Scene>
<INIT seed="6,0,0,5,0,82" ten="161,169,372,298" oya="2" hai0="5,108,39,15,103,63,13,10,51,101,41,20,119" hai1="97,76,122,52,79,83,106,2,55,18,132,27,102" hai2="62,66,125,8,47,128,29,84,129,14,16,118,88" hai3="49,45,30,81,11,69,121,56,46,96,111,94,42"/><V93/><F118/><W0/><G121/><T75/><D75/><U123/><E2/><V37/><F29/><W126/><G111/><T73/><D73/><N who="1" m="43407" /><E79/><V40/><REACH who="2" step="1"/><F125/><REACH who="2" ten="161,169,362,298" step="2"/><W64/><G30/><T53/><D119/><U61/><E123/><V3/><F3/><W134/><G0/><T48/><D108/><U127/><E122/><V87/><F87/><W26/><G126/><T28/><D28/><U67/><E127/><V131/><F131/><W89/><G96/><T17/><D39/><U78/><E97/><V59/><AGARI ba="0,1" hai="8,14,16,37,40,47,59,62,66,84,88,93,128,129" machi="59" ten="30,18000,2" yaku="1,1,0,1,52,1,54,2,53,1" doraHai="82" doraHaiUra="43" who="2" fromWho="2" sc="161,-60,169,-60,362,190,298,-60" />
</Scene>
<Scene>
<INIT seed="6,1,0,4,3,79" ten="101,109,552,238" oya="2" hai0="52,50,60,24,97,58,28,94,26,9,61,59,81" hai1="99,80,64,130,22,48,113,83,109,76,85,96,73" hai2="98,29,57,110,78,68,112,35,56,126,74,44,1" hai3="69,39,0,133,11,20,32,38,70,40,116,119,67"/><V47/><F68/><W127/><G32/><T17/><D81/><N who="1" m="45199" /><E64/><V53/><F1/><W66/><G20/><T103/><D50/><U55/><E22/><V15/><F15/><W121/><G11/><T77/><D77/><N who="1" m="46223" /><E48/><V131/><F98/><N who="1" m="37417" /><E55/><V72/><F29/><W27/><G27/><T93/><D93/><U108/><E113/><V111/><F53/><W90/><G0/><T95/><D95/><U18/><E18/><V82/><F35/><W65/><G40/><T14/><REACH who="0" step="1"/><D28/><REACH who="0" ten="91,109,552,238" step="2"/><U23/><E23/><V71/><F112/><W100/><G69/><T124/><D124/><U128/><E83/><V91/><F82/><W54/><G127/><T132/><D132/><U3/><E3/><V5/><F126/><W87/><G133/><T37/><D37/><U10/><E10/><V12/><F71/><W123/><G70/><T114/><D114/><U92/><E92/><V4/><F78/><W46/><G39/><T135/><D135/><U33/><E33/><V105/><F74/><W120/><G38/><T51/><D51/><U41/><E41/><V101/><F72/><W134/><G134/><T16/><D16/><U2/><E2/><V106/><F5/><W30/><G30/><T118/><D118/><U63/><E63/><V7/><F7/><W62/><G116/><T129/><D129/><AGARI ba="1,1" hai="108,109,128,129,130" m="37417,46223,45199" machi="129" ten="30,8000,1" yaku="19,1,34,2,52,2" doraHai="79" who="1" fromWho="0" sc="91,-83,109,93,552,0,238,0" />
</Scene>
<Scene>
<INIT seed="7,0,0,0,3,126" ten="8,202,552,238" oya="3" hai0="18,130,15,9,10,17,55,92,94,77,29,99,89" hai1="36,3,88,8,93,33,67,66,121,128,11,7,75" hai2="81,12,56,52,119,39,70,34,134,45,104,133,35" hai3="0,31,85,44,122,101,27,132,28,16,112,84,111"/><W23/><G111/><T79/><D29/><N who="3" m="11337" /><G122/><T73/><D73/><U6/><E33/><V127/><F119/><W74/><G74/><T48/><D48/><U72/><E128/><V62/><F127/><W117/><G117/><T120/><D120/><U86/><E121/><V95/><F104/><W19/><G0/><T102/><D130/><U14/><E36/><V30/><F70/><W26/><G112/><T97/><D55/><U4/><E4/><V24/><F35/><W100/><G132/><T82/><D82/><U58/><REACH who="1" step="1"/><E67/><REACH who="1" ten="8,192,552,238" step="2"/><V61/><F39/><W78/><G44/><T63/><D63/><AGARI ba="0,1" hai="3,6,7,8,11,14,58,63,66,72,75,86,88,93" machi="63" ten="40,5200,0" yaku="1,1,2,1,54,1,53,0" doraHai="126" doraHaiUra="129" who="1" fromWho="0" sc="8,-52,192,62,552,0,238,0" owari="-44,-54.0,254,5.0,552,65.0,238,-16.0" />
</Scene>
</mjloggm>