<mjloggm ver="2.3"><GO type="169" lobby="0"/><UN n0="%EF%BC%A0%E6%A3%AE" n1="%61%6B%69%6E%61%72%69%30" n2="%41%53%41%50%49%4E" n3="%70%69%79%6F%65%6D%6F%6E" dan="16,17,19,16" rate="2122.81,2187.49,2324.89,2041.85" sx="F,F,M,M"/><TAIKYOKU oya="0"/>

<Scene>
<INIT seed="0,0,0,3,0,2" ten="250,250,250,250" oya="0" hai0="39,35,8,68,11,52,32,48,23,135,34,19,54" hai1="130,58,91,92,110,75,6,33,129,21,53,18,97" hai2="37,134,65,126,104,71,80,40,86,38,115,89,42" hai3="90,36,122,60,95,31,77,100,101,17,125,111,73"/><T22/><D39/><U94/><E33/><V120/><F115/><W109/><G36/><T30/><D68/><U81/><E110/><N who="3" m="41994" /><G60/><T102/><D135/><U98/><E75/><V57/><F71/><W56/><G56/><T79/><D102/><N who="3" m="39529" /><G31/><T15/><D79/><U61/><E81/><V119/><F57/><W132/><G132/><T70/><D70/><U93/><E6/><V47/><F65/><W88/><G17/><T123/><D123/><U107/><E107/><V9/><F104/><W103/><G122/><T46/><REACH who="0" step="1"/><D54/><REACH who="0" ten="240,250,250,250" step="2"/><U69/><E69/><V84/><F37/><W59/><G125/><T44/><D44/><U108/><E108/><V99/><F47/><W74/><G59/><T127/><D127/><U131/><REACH who="1" step="1"/><E97/><REACH who="1" ten="240,240,250,250" step="2"/><V83/><F99/><N who="3" m="59903" /><G77/><T87/><D87/><U55/><E55/><V7/><F84/><W105/><G105/><T66/><D66/><U24/><AGARI ba="0,2" hai="18,21,24,53,58,61,91,92,93,94,98,129,130,131" machi="24" ten="30,8000,1" yaku="1,1,0,1,25,2,19,1,53,0" doraHai="2" doraHaiUra="62" who="1" fromWho="1" sc="240,-40,240,100,250,-20,250,-20" />
</Scene>
<Scene>
<INIT seed="1,0,0,1,5,64" ten="200,340,230,230" oya="1" hai0="8,48,61,56,72,27,60,109,28,46,133,74,20" hai1="101,47,95,58,84,93,41,36,5,23,1,118,34" hai2="59,78,44,121,26,66,10,42,135,30,88,62,14" hai3="83,43,102,75,92,63,31,112,116,70,94,33,85"/><U73/><E34/><V38/><F135/><W110/><G112/><T17/><D133/><U69/><E69/><V77/><F121/><W40/><G75/><T15/><D109/><U2/><E118/><V126/><F126/><W111/><G116/><T124/><D124/><U65/><E73/><V16/><REACH who="2" step="1"/><F88/><REACH who="2" ten="200,340,220,230" step="2"/><N who="3" m="51263" /><G102/><T37/><D37/><U45/><E36/><V105/><F105/><W25/><G40/><T129/><D129/><U19/><E41/><V49/><F49/><W115/><G43/><T50/><D50/><U104/><E104/><V57/><F57/><W97/><G115/><T76/><D56/><U86/><E58/><V89/><F89/><W39/><G39/><T55/><REACH who="0" step="1"/><D76/><REACH who="0" ten="190,340,220,230" step="2"/><U22/><E101/><V80/><F80/><W103/><G110/><T128/><D128/><U122/><E122/><V32/><AGARI ba="0,2" hai="10,14,16,26,30,32,38,42,44,59,62,66,77,78" machi="32" ten="20,8000,1" yaku="1,1,0,1,7,1,54,1,53,1" doraHai="64" doraHaiUra="11" who="2" fromWho="2" sc="190,-20,340,-40,220,100,230,-20" />
</Scene>
<Scene>
<INIT seed="2,0,0,2,0,19" ten="170,300,320,210" oya="2" hai0="84,17,75,27,119,58,135,23,22,131,57,88,111" hai1="20,64,56,61,132,52,110,55,7,91,108,76,72" hai2="65,89,54,15,8,71,74,114,59,130,118,3,12" hai3="126,77,96,32,117,122,103,123,95,48,113,67,25"/><V106/><F114/><W116/><G113/><T49/><D135/><U107/><E132/><V92/><F118/><W24/><G77/><T68/><D68/><U109/><E107/><V97/><F74/><W36/><G36/><T125/><D75/><U37/><E37/><V45/><F130/><W18/><G67/><T86/><D119/><U60/><E7/><V14/><F106/><W9/><G116/><T35/><D35/><U85/><E61/><V133/><F133/><W26/><G117/><T39/><D39/><U129/><E129/><V50/><F3/><W101/><G101/><T31/><D111/><U1/><E1/><V66/><F71/><W94/><G94/><N who="0" m="54535" /><D125/><U0/><E0/><V4/><F14/><W100/><G126/><T42/><D131/><U120/><E120/><V13/><F13/><W11/><G103/><T47/><D86/><U87/><E72/><V78/><F78/><W40/><G32/><T93/><D93/><N who="1" m="54511" /><E20/><V83/><F83/><AGARI ba="0,0" hai="52,55,56,60,64,76,83,87,108,109,110" m="54511" machi="83" ten="30,2000,0" yaku="14,1,54,1" doraHai="19" who="1" fromWho="2" sc="170,0,300,20,320,-20,210,0" />
</Scene>
<Scene>
<INIT seed="3,0,0,1,1,85" ten="170,320,300,210" oya="3" hai0="57,3,125,106,27,92,54,116,84,10,80,129,32" hai1="120,46,89,117,22,122,5,124,72,55,109,103,112" hai2="36,15,100,119,60,26,30,6,83,44,90,43,4" hai3="105,133,66,70,101,114,11,9,86,87,95,48,31"/><W34/><G114/><T38/><D116/><U126/><E112/><V59/><F119/><W96/><G133/><T76/><D38/><U135/><E117/><V17/><F100/><W2/><G48/><T104/><D125/><U42/><E135/><V111/><F111/><W102/><G102/><T132/><D129/><U73/><E103/><V8/><F83/><W78/><G87/><T74/><D132/><U56/><E109/><V61/><F90/><N who="3" m="53719" /><G78/><T65/><D65/><U134/><E134/><V25/><F61/><N who="3" m="40271" /><G2/><T18/><D3/><U52/><E5/><V49/><F36/><W37/><G37/><T62/><D74/><U0/><E0/><V97/><F97/><W13/><G13/><T40/><D40/><U63/><E22/><N who="2" m="15703" /><F25/><AGARI ba="0,0" hai="9,11,25,31,34,96,101,105" m="40271,53719" machi="25" ten="30,2900,0" yaku="25,1,52,1" doraHai="85" who="3" fromWho="2" sc="170,0,320,0,300,-29,210,29" />
</Scene>
<Scene>
<INIT seed="3,1,0,0,0,2" ten="170,320,271,239" oya="3" hai0="116,9,85,123,53,87,30,61,125,89,43,66,0" hai1="7,79,112,68,11,91,4,42,81,78,25,21,33" hai2="27,31,13,34,103,46,18,5,60,92,134,71,54" hai3="57,133,58,37,105,131,16,129,88,104,114,47,48"/><W44/><G114/><T6/><D123/><U23/><E68/><V55/><F134/><W121/><G121/><T20/><D116/><U122/><E122/><V59/><F71/><W126/><G133/><T28/><D125/><U40/><E33/><V39/><F103/><W51/><G126/><T19/><D43/><N who="1" m="16427" /><E11/><V124/><F124/><W96/><G37/><T52/><D85/><N who="1" m="50607" /><E112/><V94/><F39/><W130/><G105/><T8/><D9/><U93/><E93/><V90/><F90/><W49/><G16/><T29/><D87/><U1/><E1/><V107/><F107/><W14/><G14/><T95/><D89/><U75/><E75/><V63/><F18/><W64/><G104/><T80/><D95/><U110/><E110/><V86/><F86/><W38/><G38/><T10/><D80/><U83/><E83/><V26/><F26/><W135/><G135/><T50/><D10/><U12/><E12/><V72/><F72/><W106/><G106/><T97/><D97/><U65/><E65/><V82/><F82/><W15/><G15/><T70/><REACH who="0" step="1"/><D50/><REACH who="0" ten="160,320,271,239" step="2"/><U73/><E73/><V98/><F98/><W41/><G96/><T74/><D74/><U115/><E115/><V101/><F94/><W132/><G132/><T99/><D99/><U127/><E127/><V108/><F92/><W45/><G88/><T100/><D100/><U56/><E78/><V109/><F101/><W77/><G77/><T118/><D118/><U32/><E79/><V36/><F36/><N who="3" m="21543" /><G64/><T119/><D119/><U17/><E32/><V3/><F34/><W67/><G67/><RYUUKYOKU ba="1,1" sc="160,15,320,-15,271,-15,239,15" hai0="0,6,8,19,20,28,29,30,52,53,61,66,70" hai3="45,47,48,49,51,57,58,129,130,131" />
</Scene>
<Scene>
<INIT seed="3,2,1,1,0,128" ten="175,305,256,254" oya="3" hai0="55,19,12,122,102,32,108,103,91,5,98,92,57" hai1="113,95,89,96,130,51,35,54,0,7,65,37,24" hai2="9,25,72,110,135,112,100,44,87,21,105,79,14" hai3="111,88,106,81,16,61,69,2,80,71,23,126,56"/><W77/><G2/><T31/><D122/><U74/><E37/><V114/><F110/><W127/><G111/><T123/><D123/><U36/><E36/><V125/><F72/><W50/><G106/><T104/><D108/><U116/><E113/><V4/><F125/><N who="3" m="47627" /><G50/><T134/><D5/><U86/><E74/><V93/><F105/><W129/><G129/><T101/><D134/><U99/><E65/><V83/><F135/><W73/><G88/><T62/><D32/><U26/><E130/><V40/><F100/><W58/><G81/><T42/><D31/><U33/><E116/><V6/><F6/><W20/><G20/><T68/><D42/><U1/><E35/><V115/><F93/><W76/><G76/><T59/><D104/><U131/><E131/><V17/><REACH who="2" step="1"/><F115/><REACH who="2" ten="175,305,246,254" step="2"/><W47/><G58/><N who="0" m="35167" /><D68/><U22/><E95/><V70/><F70/><W64/><G47/><T84/><D98/><U13/><E96/><V117/><F117/><W27/><AGARI ba="2,2" hai="16,23,27,56,61,64,69,71,73,77,80" m="47627" machi="27" ten="30,3000,0" yaku="18,1,54,1" doraHai="128" who="3" fromWho="3" sc="175,-12,305,-12,246,-12,254,56" />
</Scene>
<Scene>
<INIT seed="3,3,0,3,1,49" ten="163,293,234,310" oya="3" hai0="125,79,40,57,81,33,76,22,29,119,94,14,96" hai1="54,63,44,90,99,133,17,23,117,93,7,10,107" hai2="3,109,68,28,56,13,25,126,74,64,50,39,5" hai3="89,43,112,104,60,118,108,4,95,80,42,116,9"/><W48/><G112/><T97/><D119/><U66/><E107/><V134/><F74/><W65/><G104/><T121/><D121/><U91/><E117/><V85/><F39/><W106/><G106/><T24/><D125/><U46/><E133/><V38/><F38/><W16/><G80/><T92/><D40/><U128/><E91/><V113/><F3/><W123/><G123/><T62/><D33/><U30/><E30/><V11/><F113/><W20/><G108/><T61/><D14/><N who="1" m="5471" /><E66/><V1/><F126/><W122/><G122/><T36/><D36/><U21/><E128/><V55/><F134/><W78/><G78/><T131/><D62/><U86/><E86/><V52/><F109/><W19/><G116/><T130/><D92/><U120/><E120/><V47/><F1/><W114/><G118/><T102/><D97/><U101/><E101/><V58/><F85/><N who="3" m="52655" /><G114/><T84/><REACH who="0" step="1"/><D79/><REACH who="0" ten="153,293,234,310" step="2"/><U27/><E63/><V111/><F111/><W31/><G60/><T18/><D18/><U53/><E23/><N who="2" m="15423" /><F68/><W75/><G20/><T12/><D12/><U37/><E37/><V45/><F64/><AGARI ba="3,1" hai="22,24,29,57,61,64,76,81,84,94,96,102,130,131" machi="64" ten="40,5200,0" yaku="1,1,25,2,53,0" doraHai="49" doraHaiUra="70" who="0" fromWho="2" sc="153,71,293,0,234,-61,310,0" />
</Scene>
<Scene>
<INIT seed="4,0,0,4,5,28" ten="224,293,173,310" oya="0" hai0="41,85,135,84,56,61,23,99,38,117,98,45,103" hai1="126,77,66,64,107,34,121,86,53,37,26,106,128" hai2="49,79,96,68,110,36,104,24,113,69,111,100,72" hai3="14,30,81,62,50,82,119,18,55,33,76,92,8"/><T44/><D117/><U39/><E121/><V78/><F36/><W74/><G119/><T75/><D75/><U5/><E5/><V43/><F113/><W93/><G82/><T115/><D135/><U80/><E126/><V57/><F72/><W105/><G62/><T6/><D98/><U112/><E128/><V32/><F79/><W130/><G105/><T35/><D35/><U11/><E11/><V60/><F78/><W94/><G130/><T42/><D6/><U65/><E112/><V88/><F49/><W133/><G133/><T116/><D115/><U59/><E106/><V87/><F43/><W129/><G129/><T120/><D120/><U70/><E107/><V2/><F2/><W71/><G71/><T19/><D116/><U108/><E108/><V97/><F97/><W46/><REACH who="3" step="1"/><G94/><REACH who="3" ten="224,293,173,300" step="2"/><T22/><D61/><U54/><E70/><V3/><F69/><W131/><G131/><T132/><D132/><U83/><E83/><V52/><F68/><W40/><G40/><T51/><D56/><U101/><E59/><V48/><F60/><W7/><G7/><T10/><D41/><U63/><E63/><V29/><F3/><W89/><G89/><T13/><D38/><U1/><E1/><V90/><F90/><W134/><G134/><T125/><D45/><U102/><E39/><V122/><F122/><W12/><G12/><T4/><D4/><U118/><E37/><V109/><F110/><W127/><G127/><T25/><D125/><U124/><E124/><V16/><F109/><W17/><G17/><T9/><D19/><U73/><E118/><RYUUKYOKU ba="0,1" sc="224,-10,293,-10,173,-10,300,30" hai3="8,14,18,30,33,46,50,55,74,76,81,92,93" />
</Scene>
<Scene>
<INIT seed="5,1,1,3,2,11" ten="214,283,163,330" oya="1" hai0="76,95,80,52,96,118,15,64,36,127,131,66,12" hai1="14,113,70,62,9,117,132,7,1,25,45,31,130" hai2="41,21,81,19,75,110,86,57,100,56,50,101,114" hai3="126,23,112,128,10,69,43,121,98,18,73,116,39"/><U49/><E117/><V67/><F110/><W89/><G98/><T123/><D118/><U103/><E130/><V60/><F75/><W124/><G89/><N who="0" m="55407" /><D36/><U35/><E132/><V34/><F34/><W109/><G43/><T84/><D131/><U108/><E108/><V85/><F114/><W44/><G44/><T58/><D123/><U71/><E113/><V133/><F133/><W92/><G10/><T77/><D77/><U20/><E103/><V90/><F85/><W65/><G65/><N who="0" m="25195" /><D127/><U61/><E70/><V106/><F106/><W59/><G69/><T54/><D54/><N who="1" m="29999" /><E71/><V29/><F29/><W51/><G124/><T79/><D79/><U40/><E40/><V42/><F42/><W102/><G112/><T82/><D82/><U68/><E68/><V16/><F19/><AGARI ba="1,1" hai="1,7,9,14,19,20,25,31,35,61,62" m="29999" machi="19" ten="30,2900,0" yaku="24,1,52,1" doraHai="11" who="1" fromWho="2" sc="214,0,283,42,163,-32,330,0" />
</Scene>
<Scene>
<INIT seed="5,2,0,2,0,36" ten="214,325,131,330" oya="1" hai0="112,90,67,62,9,41,56,79,124,20,87,54,5" hai1="25,108,75,4,44,93,52,34,88,16,83,18,99" hai2="39,72,35,57,42,68,84,89,71,48,40,111,19" hai3="63,69,49,7,26,98,117,121,33,50,110,65,128"/><U14/><E108/><V32/><F111/><W30/><G110/><T120/><D124/><U15/><E75/><V80/><F39/><W24/><G121/><T123/><D112/><U31/><E83/><V8/><F72/><W118/><G128/><T126/><D79/><U125/><E125/><V131/><F131/><W61/><G63/><T105/><D105/><U97/><E97/><V132/><F132/><W55/><G24/><T27/><D41/><U114/><E114/><V43/><F19/><W59/><G7/><T81/><D67/><U11/><REACH who="1" step="1"/><E14/><REACH who="1" ten="214,315,131,330" step="2"/><V91/><F91/><W104/><G118/><T127/><D126/><U17/><E17/><V109/><F109/><W82/><G117/><T122/><D127/><U129/><E129/><V106/><F106/><W3/><G82/><T92/><D81/><U86/><E86/><V66/><F89/><W0/><G49/><AGARI ba="2,1" hai="4,11,15,16,18,25,31,34,44,49,52,88,93,99" machi="49" ten="40,12000,1" yaku="1,1,54,3,53,0" doraHai="36" doraHaiUra="73" who="1" fromWho="3" sc="214,0,315,136,131,0,330,-126" />
</Scene>
<Scene>
<INIT seed="5,3,0,2,0,118" ten="214,451,131,204" oya="1" hai0="52,76,31,65,26,124,119,96,114,132,61,133,129" hai1="1,5,17,102,32,0,50,120,108,88,97,4,73" hai2="105,9,68,35,8,41,57,63,104,106,24,95,110" hai3="135,93,98,103,112,6,43,23,21,70,125,14,28"/><U91/><E73/><V80/><F110/><W89/><G70/><T30/><D119/><U71/><E108/><V34/><F68/><W54/><G112/><T13/><D114/><U56/><E120/><V48/><F80/><W7/><G125/><T85/><D124/><U127/><E32/><V131/><F131/><W18/><G135/><N who="0" m="51787" /><D96/><U40/><E71/><V64/><F35/><W130/><G130/><T92/><D65/><U101/><E40/><V45/><REACH who="2" step="1"/><F95/><REACH who="2" ten="214,451,121,204" step="2"/><W49/><G103/><T19/><D92/><U90/><E101/><V39/><F39/><W58/><G43/><T82/><D129/><U51/><E102/><V29/><AGARI ba="3,1" hai="8,9,24,29,34,41,45,48,57,63,64,104,105,106" machi="29" ten="40,5200,0" yaku="1,1,0,1,53,1" doraHai="118" doraHaiUra="36" who="2" fromWho="2" sc="214,-16,451,-29,121,71,204,-16" />
</Scene>
<Scene>
<INIT seed="6,0,0,4,2,131" ten="198,422,192,188" oya="2" hai0="2,74,79,37,82,65,85,57,75,33,66,46,112" hai1="24,3,34,23,56,91,64,113,53,35,105,96,18" hai2="128,1,98,110,97,111,0,48,12,87,115,69,5" hai3="78,108,63,14,70,92,43,39,116,20,15,19,6"/><V27/><F69/><W61/><G116/><T132/><D2/><U45/><E3/><V77/><F128/><W90/><G108/><N who="2" m="41513" /><F115/><W44/><G78/><T59/><D33/><U26/><E113/><V80/><F97/><W8/><REACH who="3" step="1"/><G70/><REACH who="3" ten="198,422,192,178" step="2"/><T52/><D112/><U13/><E35/><V102/><F27/><W60/><G60/><T93/><D79/><U11/><E34/><V127/><F127/><W21/><G21/><T58/><D75/><U54/><E23/><V67/><F67/><W31/><G31/><T101/><D74/><U83/><E64/><V9/><F48/><W89/><G89/><T120/><D66/><U124/><E26/><V68/><F68/><W22/><G22/><T38/><D65/><U103/><E24/><V81/><F81/><W29/><G29/><T30/><D30/><U84/><E124/><V130/><F130/><W32/><G32/><T47/><D82/><U126/><E126/><V99/><F99/><AGARI ba="0,1" hai="6,8,14,15,19,20,39,43,44,61,63,90,92,99" machi="99" ten="30,2000,0" yaku="1,1,7,1,53,0" doraHai="131" doraHaiUra="118" who="3" fromWho="2" sc="198,0,422,0,192,-20,178,30" />
</Scene>
<Scene>
<INIT seed="7,0,0,5,4,51" ten="198,422,172,208" oya="3" hai0="20,79,126,28,32,97,49,52,40,119,63,115,88" hai1="25,73,69,107,122,38,121,91,108,48,84,102,37" hai2="117,133,101,61,39,89,116,68,44,132,82,47,14" hai3="57,55,3,90,72,56,77,1,81,85,111,10,5"/><W113/><G113/><T15/><D119/><N who="2" m="45642" /><F14/><W95/><G111/><T41/><D126/><U19/><E69/><V131/><F89/><W54/><REACH who="3" step="1"/><G1/><REACH who="3" ten="198,422,172,198" step="2"/><T26/><D115/><U59/><E108/><V53/><F131/><W9/><G9/><T2/><D2/><U31/><E121/><V135/><F101/><W67/><G67/><T83/><D40/><U100/><E102/><V62/><F82/><W27/><G27/><T80/><D83/><U70/><E100/><V127/><F127/><W110/><G110/><T123/><D80/><U34/><E25/><V6/><F6/><W128/><G128/><T35/><D41/><U17/><E122/><V129/><F129/><W66/><G66/><T98/><D123/><U94/><E37/><V4/><F4/><W76/><G76/><T12/><D79/><U43/><E38/><V21/><F21/><W74/><G74/><T125/><D125/><U118/><E73/><V87/><F87/><W134/><G134/><T42/><D42/><U58/><E43/><N who="2" m="22655" /><F68/><W96/><G96/><T46/><D97/><U33/><E70/><V45/><F62/><W78/><G78/><T104/><D63/><U105/><E118/><V30/><F30/><W112/><G112/><T124/><D124/><U22/><E31/><V8/><F8/><W24/><G24/><T16/><D26/><U18/><E22/><V130/><F130/><W13/><G13/><T36/><D12/><U65/><E65/><V60/><F60/><W0/><G0/><T109/><D28/><U75/><E75/><V92/><F92/><W64/><G64/><RYUUKYOKU ba="0,1" sc="198,-15,422,-15,172,15,198,15" hai2="45,47,53,61,132,133,135" hai3="3,5,10,54,55,56,57,72,77,81,85,90,95" />
</Scene>
<Scene>
<INIT seed="7,1,1,4,4,14" ten="183,407,187,213" oya="3" hai0="101,41,132,27,6,57,29,25,48,47,95,55,56" hai1="37,74,12,127,90,131,65,75,32,33,7,68,52" hai2="92,8,115,84,104,135,124,46,18,30,21,20,5" hai3="113,1,116,60,24,64,17,19,88,77,76,69,109"/><W61/><G116/><T100/><D132/><U3/><E3/><V128/><F104/><W114/><G1/><T110/><D110/><U45/><E127/><V15/><F135/><W122/><G122/><T58/><D6/><U79/><E131/><V120/><F128/><W63/><G109/><T89/><D41/><U44/><E90/><N who="2" m="53319" /><F124/><W133/><G133/><T99/><REACH who="0" step="1"/><D25/><REACH who="0" ten="173,407,187,213" step="2"/><U91/><E7/><V31/><F120/><W50/><G24/><T82/><D82/><U94/><E74/><V126/><F126/><W59/><G113/><T96/><D96/><U26/><E75/><V130/><F130/><W51/><G114/><T103/><D103/><U106/><E26/><N who="2" m="14615" /><F115/><W36/><G76/><T83/><D83/><U16/><E79/><V38/><F38/><W43/><G77/><T22/><AGARI ba="1,2" hai="22,27,29,47,48,55,56,57,58,89,95,99,100,101" machi="22" ten="30,4000,0" yaku="1,1,0,1,8,1,53,0" doraHai="14" doraHaiUra="66" who="0" fromWho="0" sc="173,63,407,-11,187,-11,213,-21" owari="236,4.0,396,49.0,176,-32.0,192,-21.0" />
</Scene>
</mjloggm>