<mjloggm ver="2.3"><GO type="169"/><UN n0="%E3%82%A2%E3%83%8A%E3%83%AB%E5%85%84%E5%BC%9F" n1="%E3%83%97%E3%83%AD%E3%82%B8%E3%83%A3%E3%83%B3%E6%B0%8F" n2="%41%53%41%50%49%4E" n3="%E8%8D%89%E5%8E%9F%E3%81%AE%E6%B6%BC%E9%A2%A8" dan="16,18,18,16" rate="2078,2223,2244,2131" sx="M,M,M,F"/><TAIKYOKU oya="0"/>

<Scene>
<INIT seed="0,0,0,3,4,107" ten="250,250,250,250" oya="0" hai0="129,108,111,54,30,29,79,116,97,13,1,46,60" hai1="51,3,10,18,106,90,96,110,16,53,40,105,56" hai2="42,89,80,134,130,6,9,100,125,71,27,0,64" hai3="86,43,50,117,92,17,28,73,72,76,52,69,81"/><T115/><D1/><U19/><E110/><N who="0" m="42025" /><D116/><U124/><E124/><V120/><F125/><W34/><G117/><T14/><D115/><U15/><E3/><V68/><F120/><W22/><G69/><T112/><D112/><U31/><E31/><N who="0" m="11785" /><D129/><U78/><E78/><V99/><F130/><W103/><G43/><T83/><D97/><U20/><E40/><V37/><F134/><W57/><G28/><T49/><D60/><U8/><E8/><V91/><F27/><W95/><G34/><T122/><D122/><U12/><REACH who="1" step="1"/><E18/><REACH who="1" ten="250,240,250,250" step="2"/><V24/><F9/><W32/><G32/><T5/><D5/><U88/><E88/><V123/><F91/><W45/><G103/><T7/><D7/><U41/><E41/><V21/><F42/><W101/><G101/><T58/><D58/><U65/><E65/><V33/><F64/><W26/><REACH who="3" step="1"/><G57/><REACH who="3" ten="250,240,250,240" step="2"/><T135/><D135/><U47/><E47/><V66/><F100/><W77/><G77/><T35/><D35/><U67/><E67/><V94/><F33/><W74/><AGARI ba="0,2" hai="17,22,26,45,50,52,72,73,74,76,81,86,92,95" machi="74" ten="30,12000,2" yaku="1,1,0,1,52,3,54,1,53,0" doraHai="107" doraHaiUra="4" who="3" fromWho="3" sc="250,-60,240,-30,250,-30,240,140" />
</Scene>
<Scene>
<INIT seed="1,0,0,0,4,33" ten="190,210,220,380" oya="1" hai0="24,123,44,19,126,6,45,58,119,67,86,93,42" hai1="13,109,27,23,108,105,94,20,124,81,70,66,31" hai2="12,29,36,99,102,47,30,78,22,130,84,16,85" hai3="35,95,63,120,97,107,25,98,96,0,72,46,116"/><U132/><E105/><V8/><F130/><W129/><G120/><T38/><D45/><U5/><E132/><V101/><F36/><W121/><G121/><T83/><D123/><U41/><E41/><V89/><F47/><W75/><G107/><T127/><D93/><U80/><E124/><N who="0" m="47657" /><D119/><U131/><E131/><V37/><F37/><W14/><G116/><T26/><D19/><N who="1" m="10351" /><E5/><V52/><F78/><W7/><G14/><T111/><D111/><N who="1" m="42571" /><E94/><N who="2" m="58615" /><F102/><W117/><G95/><T61/><D6/><U92/><E92/><N who="2" m="54311" /><F85/><W114/><G114/><T115/><D115/><U57/><E70/><V65/><F65/><W77/><G117/><T32/><D32/><U113/><E113/><V82/><F82/><N who="1" m="31849" /><E57/><V53/><F30/><W88/><G129/><T103/><D103/><U62/><E62/><V51/><F51/><W10/><G7/><T3/><D3/><U17/><E66/><V91/><F91/><AGARI ba="0,0" hai="24,26,38,42,44,58,61,67,83,86,91" m="47657" machi="91" ten="30,1000,0" yaku="18,1" doraHai="33" who="0" fromWho="2" sc="190,10,210,0,220,-10,380,0" />
</Scene>
<Scene>
<INIT seed="2,0,0,0,0,82" ten="200,210,210,380" oya="2" hai0="129,70,37,127,84,17,55,41,73,18,116,92,43" hai1="83,135,79,66,25,110,89,80,126,45,39,62,11" hai2="71,10,23,7,99,1,51,101,15,14,59,46,20" hai3="0,63,88,36,53,26,32,50,13,85,78,49,40"/><V67/><F71/><W128/><G78/><T68/><D92/><U72/><E110/><V122/><F122/><W113/><G0/><T61/><D55/><U109/><E109/><V86/><F1/><W132/><G132/><T125/><D61/><U29/><E135/><V31/><F31/><W22/><G128/><T123/><D37/><U19/><E126/><V64/><F14/><W112/><G32/><T21/><D21/><U65/><E65/><V106/><F64/><W74/><G74/><T28/><D73/><U9/><E39/><V38/><F38/><W98/><G98/><T94/><D94/><U111/><E45/><V52/><F67/><W27/><G36/><T3/><D28/><U44/><E44/><V118/><F118/><W117/><G117/><T34/><D3/><U12/><E111/><V97/><F97/><W121/><G121/><T87/><D116/><U75/><E89/><V48/><REACH who="2" step="1"/><F86/><REACH who="2" ten="200,210,200,380" step="2"/><N who="0" m="32810" /><D123/><U90/><E75/><V93/><F93/><W134/><G85/><T54/><D129/><U120/><E72/><V124/><F124/><N who="0" m="47690" /><D34/><U107/><E120/><V108/><F108/><W81/><G134/><T60/><D68/><U16/><E29/><V105/><F105/><W115/><G115/><T133/><D133/><U69/><E107/><V77/><F77/><W114/><G113/><T6/><D70/><U95/><E69/><V5/><F5/><W30/><G114/><T33/><D6/><U130/><E79/><V91/><F91/><W47/><G112/><T76/><D76/><U131/><E130/><V42/><AGARI ba="0,1" hai="7,10,15,20,23,42,46,48,51,52,59,99,101,106" machi="42" ten="20,12000,1" yaku="1,1,0,1,7,1,54,1,53,1" doraHai="82" doraHaiUra="96" who="2" fromWho="2" sc="200,-40,210,-40,200,130,380,-40" />
</Scene>
<Scene>
<INIT seed="2,1,0,3,0,12" ten="160,170,330,340" oya="2" hai0="124,106,24,64,57,44,91,68,87,17,125,126,121" hai1="41,58,39,48,38,92,72,65,110,99,25,56,103" hai2="107,43,105,127,49,130,29,79,26,76,21,3,80" hai3="97,51,77,36,135,94,13,50,8,115,14,47,129"/><V108/><F3/><W98/><G129/><T46/><D106/><U61/><E110/><V33/><F130/><W45/><G135/><T111/><D68/><U102/><E72/><V34/><F108/><W6/><G115/><T114/><D121/><U123/><E123/><V27/><F127/><W55/><G36/><T59/><D114/><U53/><E103/><V73/><F76/><W122/><G122/><T71/><D71/><U15/><E41/><V35/><REACH who="2" step="1"/><F27/><REACH who="2" ten="160,170,320,340" step="2"/><W10/><G77/><T119/><D111/><U86/><E25/><V66/><F66/><W18/><REACH who="3" step="1"/><G94/><REACH who="3" ten="160,170,320,330" step="2"/><N who="0" m="54655" /><D119/><U5/><E92/><V9/><F9/><W88/><G88/><T75/><D64/><U96/><E65/><V116/><F116/><W11/><G11/><T69/><D75/><U78/><E78/><V104/><F104/><W40/><AGARI ba="1,2" hai="6,8,10,13,14,18,40,45,47,50,51,55,97,98" machi="40" ten="20,8000,1" yaku="1,1,0,1,7,1,8,1,52,1,53,0" doraHai="12" doraHaiUra="31" who="3" fromWho="3" sc="160,-21,170,-21,320,-41,330,103" />
</Scene>
<Scene>
<INIT seed="3,0,0,4,5,63" ten="139,149,279,433" oya="3" hai0="89,0,84,96,25,72,34,19,27,62,70,4,111" hai1="102,53,39,3,129,74,100,112,47,75,64,105,132" hai2="20,43,130,87,115,124,85,118,48,79,76,104,82" hai3="8,86,31,30,126,95,12,10,61,1,116,15,54"/><W122/><G122/><T131/><D72/><U24/><E3/><V52/><F118/><W29/><G116/><T113/><D0/><U78/><E112/><V128/><F115/><W66/><G126/><T103/><D4/><U98/><E102/><V51/><F104/><W21/><G1/><T90/><D113/><U26/><E132/><V49/><F124/><W71/><G54/><T42/><D42/><U73/><E129/><N who="2" m="49771" /><F43/><W40/><G40/><T28/><D131/><U5/><E5/><V13/><F13/><W119/><G119/><T46/><D46/><U97/><E97/><V33/><F20/><W107/><G107/><N who="0" m="63975" /><D84/><N who="2" m="32330" /><F33/><W123/><G123/><T60/><D60/><U44/><E39/><V2/><F2/><W108/><G108/><T36/><D36/><U22/><E78/><N who="2" m="29739" /><F82/><W121/><G121/><T88/><D111/><U93/><E105/><V69/><F69/><W117/><G117/><T55/><D55/><AGARI ba="0,0" hai="48,49,51,52,55" m="29739,32330,49771" machi="55" ten="40,8000,1" yaku="28,2,19,1,54,1" doraHai="63" who="2" fromWho="0" sc="139,-80,149,0,279,80,433,0" />
</Scene>
<Scene>
<INIT seed="4,0,0,4,0,133" ten="59,149,359,433" oya="0" hai0="99,17,128,7,73,134,85,123,36,117,63,41,0" hai1="54,115,77,37,122,35,89,1,34,104,11,10,55" hai2="94,2,8,106,67,71,131,50,32,6,132,51,79" hai3="48,61,90,65,78,129,80,81,53,57,3,130,12"/><T62/><D17/><U21/><E104/><V19/><F106/><W18/><G3/><T58/><D99/><U91/><E37/><V22/><F32/><W120/><G120/><T107/><D85/><U76/><E21/><V45/><F132/><W43/><G90/><T135/><D7/><U60/><E60/><V92/><F131/><N who="3" m="50187" /><G43/><T116/><D107/><U4/><E4/><V121/><F121/><W14/><G18/><T13/><D73/><U40/><E40/><V83/><F67/><W16/><G78/><T72/><D13/><N who="3" m="5225" /><G16/><T86/><D0/><U114/><REACH who="1" step="1"/><E1/><REACH who="1" ten="59,139,359,433" step="2"/><V5/><F22/><W9/><G9/><T102/><D72/><U66/><E66/><V95/><F8/><W46/><AGARI ba="0,1" hai="46,48,53,57,61,65,80,81" m="5225,50187" machi="46" ten="30,1100,0" yaku="19,1" doraHai="133" who="3" fromWho="3" sc="59,-5,139,-3,359,-3,433,21" />
</Scene>
<Scene>
<INIT seed="5,0,0,2,3,26" ten="54,136,356,454" oya="1" hai0="55,111,120,3,77,135,97,14,124,20,82,99,23" hai1="131,4,85,92,107,74,29,130,75,81,79,108,105" hai2="68,13,109,32,134,95,47,21,33,5,98,115,66" hai3="106,83,17,103,112,113,123,58,28,15,49,1,34"/><U127/><E4/><V132/><F109/><W88/><G1/><T2/><D55/><U70/><E70/><V76/><F115/><N who="3" m="44107" /><G123/><T12/><D82/><U101/><E29/><V37/><F76/><W117/><G117/><T24/><D77/><U110/><E127/><V121/><F121/><W86/><G103/><T126/><D120/><U71/><E71/><V84/><F84/><W61/><G49/><T35/><D99/><N who="1" m="59623" /><E107/><V0/><F0/><N who="0" m="42" /><D97/><U104/><E104/><V69/><F47/><W57/><G106/><T48/><D48/><U125/><E125/><N who="0" m="48233" /><D111/><N who="1" m="42539" /><E105/><V30/><F68/><W39/><G39/><T53/><D53/><U119/><E119/><V65/><F37/><W43/><G43/><T38/><D38/><U40/><E40/><V7/><F69/><W90/><G90/><T9/><D135/><U46/><E46/><V45/><F45/><W31/><G34/><T6/><D12/><U93/><E93/><V44/><F44/><W78/><G78/><T52/><D52/><U122/><E122/><V10/><F95/><W36/><G36/><T116/><D116/><U16/><E75/><V87/><F134/><W100/><G100/><T80/><D80/><U133/><E74/><V19/><F132/><W63/><G63/><T89/><D89/><U42/><E133/><V11/><F13/><W60/><G60/><T128/><D128/><N who="1" m="49195" /><E42/><V129/><F129/><W22/><G58/><T94/><D94/><U41/><E41/><V18/><F98/><W96/><G96/><T64/><D64/><AGARI ba="0,0" hai="15,17,22,28,31,57,61,64,83,86,88" m="44107" machi="64" ten="30,7700,0" yaku="15,1,52,2,54,1" doraHai="26" who="3" fromWho="0" sc="54,-77,136,0,356,0,454,77" owari="-23,-52.0,136,-26.0,356,16.0,531,62.0" />
</Scene>
</mjloggm>