<mjloggm ver="2.3"><GO type="169" lobby="0"/><UN n0="%E6%9C%AC%E5%A0%82%E6%B2%99%E4%B9%9F%E5%8A%A0" n1="%41%53%41%50%49%4E" n2="%E3%81%8E%E3%81%A3%E3%81%97%E3%82%8A%E5%8E%B3%E9%81%B8" n3="%E3%81%8F%E3%82%89%E3%81%8F%E3%82%89" dan="16,19,16,16" rate="2073,2205,2081,2074" sx="F,M,M,M"/><TAIKYOKU oya="0"/>

<Scene>
<INIT seed="0,0,0,4,4,58" ten="250,250,250,250" oya="0" hai0="85,51,122,2,95,5,23,127,99,131,81,71,63" hai1="32,106,79,101,27,134,61,107,126,29,115,38,68" hai2="118,103,42,22,111,89,49,109,135,67,15,55,40" hai3="10,48,12,65,77,92,47,97,53,20,112,50,120"/><T45/><D122/><U96/><E134/><V121/><F135/><W87/><G112/><T37/><D131/><U128/><E128/><V8/><F103/><W119/><G119/><T36/><D127/><U1/><E126/><V34/><F34/><W16/><G65/><T114/><D114/><U108/><E108/><N who="2" m="41547" /><F67/><W98/><G120/><T110/><D110/><U41/><E115/><V113/><F113/><W54/><G77/><T117/><D117/><U72/><E106/><V56/><F118/><W14/><G87/><T94/><D23/><U28/><E28/><V93/><F22/><W46/><G92/><T59/><D71/><U73/><E79/><V116/><F121/><W26/><REACH who="3" step="1"/><G14/><REACH who="3" ten="250,250,250,240" step="2"/><T13/><D13/><U104/><E104/><V76/><F76/><W132/><G132/><T44/><D2/><U24/><E1/><V124/><F116/><W19/><AGARI ba="0,1" hai="10,12,16,19,20,26,46,47,48,50,53,54,97,98" machi="19" ten="20,12000,2" yaku="1,1,0,1,7,1,9,1,8,1,54,1,53,1" doraHai="58" doraHaiUra="9" who="3" fromWho="3" sc="250,-60,250,-30,250,-30,240,130" />
</Scene>
<Scene>
<INIT seed="1,0,0,0,2,67" ten="190,220,220,370" oya="1" hai0="14,26,74,59,128,37,100,63,41,99,24,57,117" hai1="66,39,56,82,76,58,19,83,91,6,32,111,118" hai2="16,5,123,53,36,110,96,34,134,62,78,51,72" hai3="30,1,21,35,42,3,20,98,15,88,28,27,33"/><U92/><E118/><V2/><F36/><W47/><G42/><T133/><D74/><U94/><E32/><N who="3" m="12362" /><G88/><T48/><D37/><U102/><E39/><V0/><F123/><W29/><G47/><T12/><D117/><U40/><E40/><V115/><F115/><W45/><G45/><T7/><D41/><U13/><E6/><V50/><F34/><W86/><G98/><T124/><D124/><U81/><E111/><V60/><F110/><W93/><G93/><N who="1" m="35946" /><E102/><V87/><F96/><W89/><G89/><T106/><D99/><U122/><E122/><V130/><F72/><W71/><G86/><T46/><D100/><U54/><E91/><V25/><F87/><W75/><G75/><T103/><D103/><U55/><E76/><V121/><F78/><W77/><G77/><T23/><D46/><U43/><E43/><V69/><F121/><W73/><G73/><T68/><D106/><U114/><E114/><V116/><F116/><W61/><G61/><T38/><D38/><U64/><E64/><V135/><F62/><W105/><G105/><T109/><D63/><N who="1" m="38263" /><E56/><V113/><F60/><W18/><G71/><T129/><D68/><U85/><E85/><V17/><F69/><W125/><G125/><T79/><D79/><U11/><AGARI ba="0,0" hai="11,13,19,54,55,81,82,83" m="38263,35946" machi="11" ten="30,1500,0" yaku="8,1" doraHai="67" who="1" fromWho="1" sc="190,-5,220,15,220,-5,370,-5" />
</Scene>
<Scene>
<INIT seed="1,1,0,2,0,115" ten="185,235,215,365" oya="1" hai0="34,47,26,56,89,63,106,123,66,133,70,20,51" hai1="97,131,13,129,11,94,16,41,69,42,64,101,67" hai2="117,18,53,52,19,61,93,99,57,113,54,45,105" hai3="4,110,48,107,49,135,95,86,109,128,102,58,29"/><U25/><E69/><V8/><F105/><W36/><G36/><T27/><D133/><U130/><REACH who="1" step="1"/><E25/><REACH who="1" ten="185,225,215,365" step="2"/><V132/><F132/><W68/><G135/><T98/><D27/><U7/><E7/><V114/><F113/><W73/><G68/><T83/><D70/><U82/><E82/><V14/><F114/><W17/><G4/><T78/><D83/><U32/><E32/><V1/><F1/><W5/><G5/><T59/><D34/><U43/><AGARI ba="1,1" hai="11,13,16,41,42,43,64,67,94,97,101,129,130,131" machi="43" ten="40,12000,1" yaku="1,1,0,1,19,1,54,1,53,1" doraHai="115" doraHaiUra="92" who="1" fromWho="1" sc="185,-41,225,133,215,-41,365,-41" />
</Scene>
<Scene>
<INIT seed="1,2,0,2,2,121" ten="144,358,174,324" oya="1" hai0="28,10,24,66,103,101,18,17,1,80,116,49,81" hai1="93,0,9,5,125,43,4,54,31,33,130,61,76" hai2="98,69,11,42,96,16,86,112,38,79,123,132,102" hai3="40,114,97,51,120,78,127,47,41,46,131,84,6"/><U26/><E130/><V59/><F69/><W128/><G114/><T2/><D116/><U62/><E125/><V77/><F123/><W88/><G120/><T72/><D66/><U32/><E32/><V115/><F115/><W60/><G6/><T105/><D105/><U71/><E71/><V53/><F132/><W20/><G127/><T45/><D103/><U89/><E76/><V63/><F112/><W44/><G60/><T90/><D101/><U109/><E54/><V70/><F70/><W106/><G20/><T118/><D118/><U13/><E109/><V83/><F79/><W94/><G78/><T124/><D124/><U30/><E30/><V29/><F29/><W73/><G73/><T7/><D72/><U23/><E43/><N who="3" m="16458" /><G106/><T85/><D80/><U65/><E65/><V15/><REACH who="2" step="1"/><F102/><REACH who="2" ten="144,358,164,324" step="2"/><W39/><G39/><T8/><D28/><U108/><E31/><V48/><F48/><W27/><G51/><T35/><D49/><U113/><E113/><V126/><F126/><W36/><G36/><T50/><D50/><U22/><E61/><V110/><F110/><W74/><G74/><T58/><D90/><U56/><E108/><V100/><F100/><W37/><G37/><T107/><D107/><U122/><E122/><V99/><F99/><W21/><G97/><T129/><D129/><U25/><E62/><V117/><F117/><W92/><G131/><T95/><D85/><N who="1" m="52399" /><E56/><V34/><F34/><W52/><G128/><T75/><D58/><U111/><E111/><V55/><F55/><W12/><G52/><T67/><D35/><U87/><E33/><RYUUKYOKU ba="2,1" sc="144,-10,358,-10,164,30,324,-10" hai2="11,15,16,38,42,53,59,63,77,83,86,96,98" />
</Scene>
<Scene>
<INIT seed="2,3,1,2,2,3" ten="134,348,194,314" oya="2" hai0="122,115,125,21,44,65,68,29,119,6,81,54,93" hai1="126,5,95,100,12,39,73,13,63,83,124,37,22" hai2="132,74,133,18,1,85,42,10,108,66,84,77,51" hai3="7,120,118,57,2,45,50,24,4,104,35,94,87"/><V70/><F108/><W71/><G2/><T106/><D81/><U128/><E128/><V96/><F96/><W129/><G71/><T20/><D65/><U99/><E63/><V17/><F74/><W47/><G104/><T55/><D106/><U19/><E83/><V56/><F77/><W75/><G75/><T82/><D82/><U61/><E73/><V123/><F123/><W121/><G118/><T135/><D135/><N who="2" m="51786" /><F70/><W88/><G129/><T102/><D68/><U97/><E97/><V31/><F31/><W15/><G15/><T11/><D119/><U127/><REACH who="1" step="1"/><E61/><REACH who="1" ten="134,338,194,314" step="2"/><N who="2" m="38183" /><F85/><W53/><G120/><T76/><D122/><U101/><E101/><V78/><F84/><W72/><G121/><T27/><D102/><U60/><E60/><V46/><F78/><W111/><G72/><T26/><D76/><U80/><E80/><V41/><F41/><W9/><G111/><T48/><D115/><U91/><E91/><V116/><F116/><W86/><G86/><T69/><D93/><U40/><E40/><V114/><F114/><W49/><G87/><T0/><D69/><U92/><E92/><V103/><F103/><W30/><G94/><T32/><D54/><U98/><E98/><V113/><F113/><W105/><G88/><T131/><D55/><U134/><E134/><V28/><F28/><W8/><G105/><T90/><D29/><U117/><E117/><V62/><F62/><W64/><G30/><T34/><D90/><U33/><E33/><V36/><F36/><W112/><G35/><T38/><D34/><U79/><E79/><V58/><F42/><RYUUKYOKU ba="3,2" sc="134,-10,338,30,194,-10,314,-10" hai1="5,12,13,19,22,37,39,95,99,100,124,126,127" />
</Scene>
<Scene>
<INIT seed="3,4,2,2,1,113" ten="124,368,184,304" oya="3" hai0="88,135,7,122,126,68,127,84,3,124,87,31,33" hai1="20,134,102,105,72,112,49,51,41,109,0,35,13" hai2="48,92,76,128,52,28,66,38,46,5,39,21,8" hai3="129,99,104,47,85,108,133,132,80,107,89,44,101"/><W15/><G15/><T50/><D68/><U56/><E112/><V45/><F128/><W82/><G47/><T4/><D122/><U96/><E35/><V40/><F66/><W69/><G44/><T2/><D84/><U91/><E0/><N who="0" m="41" /><D50/><U19/><E72/><V94/><F39/><W119/><G69/><T77/><D77/><U115/><E109/><V83/><F28/><W6/><G6/><N who="0" m="2091" /><D135/><N who="3" m="51785" /><G129/><T95/><D31/><U61/><E134/><V23/><F94/><N who="3" m="54575" /><G108/><T111/><D33/><U74/><E74/><V25/><F92/><N who="3" m="58599" /><G119/><T55/><D111/><U57/><E115/><V17/><F23/><W29/><G29/><T90/><D90/><U70/><E91/><V42/><F38/><W79/><G79/><T110/><D110/><U120/><E70/><V27/><F46/><W18/><G18/><T62/><D62/><U100/><E41/><V30/><F42/><W64/><G64/><T78/><D78/><U81/><E57/><V118/><F40/><W121/><G121/><T34/><D34/><U73/><E120/><V54/><F30/><W53/><G53/><AGARI ba="4,2" hai="53,55,87,88,95,124,126,127" m="2091,41" machi="53" ten="40,2600,0" yaku="18,1,54,1" doraHai="113" who="0" fromWho="3" sc="124,58,368,0,184,0,304,-38" />
</Scene>
<Scene>
<INIT seed="4,0,0,0,4,85" ten="182,368,184,266" oya="0" hai0="37,97,32,28,16,51,53,135,131,127,1,132,8" hai1="128,71,46,2,24,33,10,67,122,17,47,6,39" hai2="75,88,112,103,108,79,34,76,42,96,23,100,18" hai3="69,106,109,121,93,40,9,13,54,43,120,64,52"/><T87/><D37/><U126/><E122/><N who="3" m="47210" /><G106/><T25/><D127/><U102/><E126/><V30/><F108/><W86/><G109/><T20/><D131/><U55/><E128/><V3/><F3/><W68/><G64/><T21/><D97/><U124/><E124/><V60/><F112/><W91/><G9/><T44/><D87/><U94/><E39/><V11/><F42/><N who="3" m="15915" /><G13/><N who="0" m="9231" /><D21/><U7/><E7/><AGARI ba="0,0" hai="1,7,8,25,28,32,44,51,53,132,135" m="9231" machi="7" ten="30,2900,0" yaku="24,1,54,1" doraHai="85" who="0" fromWho="1" sc="182,29,368,-29,184,0,266,0" />
</Scene>
<Scene>
<INIT seed="4,1,0,5,5,72" ten="211,339,184,266" oya="0" hai0="28,99,44,103,109,133,86,3,73,18,58,5,30" hai1="65,87,14,46,129,77,16,83,43,52,12,117,90" hai2="33,107,37,131,100,68,132,101,111,67,81,17,91" hai3="130,120,96,89,15,85,57,34,19,70,110,41,11"/><T116/><D116/><U36/><E117/><V75/><F17/><W127/><G70/><T1/><D73/><U4/><E129/><V8/><F8/><W134/><G34/><T84/><D133/><U26/><E65/><V105/><F67/><W25/><G130/><T63/><D109/><U93/><E4/><V79/><F68/><W45/><G120/><T9/><D1/><U135/><E135/><V92/><F33/><W6/><G110/><T121/><D121/><U78/><E14/><V29/><F29/><W24/><G127/><T122/><D122/><U7/><E7/><V123/><F37/><W20/><G96/><T124/><D124/><U71/><E26/><V27/><F27/><W118/><G57/><T102/><D102/><N who="2" m="39530" /><F123/><W104/><G118/><T31/><D18/><U13/><E13/><V115/><F132/><W108/><G104/><N who="2" m="40009" /><F115/><W94/><G134/><T64/><REACH who="0" step="1"/><D44/><REACH who="0" ten="201,339,184,266" step="2"/><U50/><E71/><V76/><F111/><W88/><G108/><T69/><D69/><U39/><E39/><V66/><F131/><W113/><G113/><T80/><D80/><U98/><E36/><V38/><F38/><W23/><G45/><T95/><AGARI ba="1,1" hai="3,5,9,28,30,31,58,63,64,84,86,95,99,103" machi="95" ten="30,3000,0" yaku="1,1,0,1,53,0" doraHai="72" doraHaiUra="112" who="0" fromWho="0" sc="201,43,339,-11,184,-11,266,-11" />
</Scene>
<Scene>
<INIT seed="4,2,0,2,4,81" ten="244,328,173,255" oya="0" hai0="23,115,6,99,89,117,79,133,93,95,38,77,29" hai1="30,96,102,7,87,15,59,111,78,118,67,66,85" hai2="123,98,63,64,50,14,65,82,18,31,13,97,106" hai3="36,88,16,53,46,10,91,126,3,28,54,41,45"/><T33/><D33/><U34/><E111/><V35/><F123/><W60/><G126/><T101/><D38/><U108/><E108/><V61/><F106/><W26/><G54/><T2/><D2/><U51/><E118/><V25/><F82/><W71/><G46/><T109/><D6/><U57/><E30/><V119/><F119/><W72/><G72/><T21/><D117/><U107/><E34/><V56/><F50/><W62/><G62/><T100/><D109/><U132/><E132/><V74/><F74/><W84/><G91/><T120/><D120/><U121/><E121/><V128/><F128/><W1/><G53/><T110/><D110/><U37/><E37/><V86/><F86/><N who="1" m="32777" /><E107/><V129/><F129/><W42/><G42/><T58/><D29/><U17/><E7/><V113/><F113/><W94/><G28/><T127/><D115/><U4/><E4/><V69/><REACH who="2" step="1"/><F13/><REACH who="2" ten="244,328,163,255" step="2"/><W134/><G134/><T48/><D133/><U19/><E51/><V5/><F5/><W83/><G83/><T12/><D48/><U39/><E39/><V103/><F103/><W124/><G124/><T44/><D127/><U40/><E78/><V11/><AGARI ba="2,1" hai="11,14,18,25,31,35,56,61,63,64,65,69,97,98" machi="11" ten="20,5200,0" yaku="1,1,0,1,7,1,53,1" doraHai="81" doraHaiUra="24" who="2" fromWho="2" sc="244,-28,328,-15,163,68,255,-15" />
</Scene>
<Scene>
<INIT seed="5,0,0,3,3,58" ten="216,313,231,240" oya="1" hai0="22,124,60,114,11,101,24,6,4,98,76,30,132" hai1="47,97,3,2,29,9,120,88,95,5,23,62,21" hai2="48,14,74,7,17,105,28,55,56,96,121,53,83" hai3="106,93,89,110,16,78,41,135,117,71,82,8,19"/><U15/><E120/><V125/><F125/><W70/><G117/><T108/><D124/><U10/><E47/><V100/><F121/><W116/><G110/><T67/><D132/><U68/><E29/><V25/><F7/><W66/><G106/><T49/><D114/><U34/><E34/><V84/><F74/><W115/><G41/><T130/><D130/><U99/><E99/><V79/><F55/><W107/><G107/><T87/><D108/><U128/><E128/><V72/><F72/><W131/><G131/><T20/><D49/><U39/><E39/><V13/><REACH who="2" step="1"/><F17/><REACH who="2" ten="216,313,221,240" step="2"/><W64/><G19/><T129/><D129/><U85/><E5/><V12/><F12/><W94/><G135/><T113/><D113/><U127/><E15/><V111/><F111/><W118/><G115/><T123/><D123/><U35/><E127/><V134/><F134/><W43/><G118/><T0/><D6/><U27/><E2/><V90/><F90/><W36/><G116/><T91/><D76/><U104/><E88/><V65/><F65/><W54/><G89/><T119/><D119/><U92/><E3/><V59/><F59/><W61/><G66/><T52/><D67/><U81/><E68/><V109/><F109/><W26/><G71/><T77/><D77/><U38/><E27/><V126/><F126/><W102/><G54/><T112/><D24/><U42/><E42/><V80/><F80/><W57/><G70/><T73/><D91/><U32/><E81/><V86/><F86/><W37/><G43/><T31/><D87/><U40/><E85/><V46/><F46/><RYUUKYOKU ba="0,1" sc="216,-10,313,-10,221,30,240,-10" hai2="13,14,25,28,48,53,56,79,83,84,96,100,105" />
</Scene>
<Scene>
<INIT seed="6,1,1,0,5,25" ten="206,303,251,230" oya="2" hai0="74,132,112,54,70,37,89,60,87,1,42,44,36" hai1="63,50,30,85,104,100,114,75,8,95,28,78,24" hai2="113,92,130,134,16,29,14,91,35,10,23,107,53" hai3="61,133,69,15,31,94,96,18,129,0,125,7,82"/><V21/><F107/><W38/><G82/><T58/><D74/><U115/><E75/><V116/><F116/><W43/><G0/><T49/><D1/><U86/><E104/><V20/><F113/><N who="1" m="43017" /><E78/><V79/><F79/><W120/><G7/><T76/><D76/><U128/><E128/><V59/><F130/><W19/><G129/><T27/><D112/><U124/><E124/><V80/><F134/><W123/><G125/><T108/><D132/><U55/><E63/><N who="2" m="36335" /><F35/><W12/><G133/><T2/><D2/><U26/><E8/><V121/><F80/><W117/><G117/><T45/><D108/><U57/><E100/><V105/><F105/><W93/><G96/><T103/><D103/><U68/><E68/><V66/><F66/><W109/><G109/><T46/><D27/><N who="1" m="10283" /><E95/><V13/><F121/><W52/><G69/><T83/><REACH who="0" step="1"/><D37/><REACH who="0" ten="196,303,251,230" step="2"/><U126/><E126/><V6/><F29/><AGARI ba="1,2" hai="28,29,30,50,55,57,85,86" m="10283,43017" machi="29" ten="30,7700,0" yaku="15,1,52,3" doraHai="25" who="1" fromWho="2" sc="196,0,303,100,251,-80,230,0" />
</Scene>
<Scene>
<INIT seed="7,0,0,2,1,7" ten="196,403,171,230" oya="3" hai0="47,44,86,65,19,40,89,121,43,96,110,85,92" hai1="125,123,34,53,98,77,9,95,58,122,42,69,24" hai2="108,100,1,70,67,37,60,38,88,109,120,12,93" hai3="30,107,74,41,15,91,66,82,27,54,5,3,59"/><W90/><G107/><T99/><D110/><U83/><E69/><V135/><F135/><W17/><G41/><N who="0" m="15947" /><D121/><U79/><E125/><V97/><F120/><W105/><G66/><T94/><D65/><U103/><E77/><V68/><F70/><W39/><G39/><T14/><D86/><U2/><E42/><V49/><F1/><W55/><G105/><T80/><D94/><U104/><E104/><V131/><F131/><W10/><G74/><T101/><D96/><U134/><E134/><V33/><F33/><N who="3" m="20703" /><G82/><T29/><D29/><U116/><E24/><V26/><F26/><W114/><G114/><T56/><D56/><U57/><E34/><V52/><F12/><W113/><G113/><T63/><D63/><U102/><E102/><V133/><F133/><W117/><G117/><T31/><D31/><U20/><E116/><V130/><F130/><W13/><G13/><T73/><D73/><U50/><E58/><V106/><F109/><W81/><G81/><T75/><D75/><U11/><E2/><V21/><F21/><AGARI ba="0,0" hai="14,19,21,44,47,80,85,89,92,99,101" m="15947" machi="21" ten="30,1000,0" yaku="8,1" doraHai="7" who="0" fromWho="2" sc="196,10,403,0,171,-10,230,0" owari="206,-19.0,403,50.0,161,-34.0,230,3.0" />
</Scene>
</mjloggm>