<mjloggm ver="2.3"><GO type="169"/><UN n0="%E3%83%AD%E3%83%AA%E3%83%BC%E3%82%BF%E3%81%AA%E7%84%BC%E8%82%89" n1="%E3%81%94%E3%81%98%E3%82%83%E3%82%8B" n2="%E5%9F%BA%E7%A4%8E%E8%AB%96" n3="%41%53%41%50%49%4E" dan="17,17,16,18" rate="2139,2156,2031,2171" sx="M,M,M,M"/><TAIKYOKU oya="0"/>

<Scene>
<INIT seed="0,0,0,1,4,130" ten="250,250,250,250" oya="0" hai0="16,67,0,38,108,83,92,75,66,21,43,125,8" hai1="47,90,72,120,36,85,76,103,107,50,53,27,132" hai2="84,115,34,60,117,74,11,63,55,133,20,7,110" hai3="32,127,29,96,58,112,89,114,111,105,48,124,1"/><T82/><D125/><N who="3" m="48201" /><G1/><T18/><D108/><U14/><E120/><V88/><F74/><W46/><G111/><T24/><D92/><U28/><E36/><V95/><F34/><W128/><G128/><T3/><D75/><U80/><E14/><V44/><F110/><W71/><G71/><T37/><D43/><U35/><E103/><V9/><F115/><W52/><G29/><T109/><D109/><U123/><E107/><V45/><F117/><W73/><G32/><T86/><D86/><U40/><E123/><V135/><F20/><W4/><G4/><T33/><D33/><U62/><E62/><N who="2" m="23595" /><F55/><W104/><G73/><T2/><D8/><N who="2" m="3146" /><F7/><W41/><G89/><T22/><REACH who="0" step="1"/><D3/><REACH who="0" ten="240,250,250,250" step="2"/><U81/><REACH who="1" step="1"/><E40/><REACH who="1" ten="240,240,250,250" step="2"/><V12/><F12/><W31/><G41/><T100/><D100/><U25/><E25/><AGARI ba="0,2" hai="0,2,16,18,21,22,24,25,37,38,66,67,82,83" machi="25" ten="25,18000,2" yaku="1,1,22,2,54,1,53,2" doraHai="130" doraHaiUra="68" who="0" fromWho="1" sc="240,200,240,-180,250,0,250,0" />
</Scene>
<Scene>
<INIT seed="0,1,0,1,3,55" ten="440,60,250,250" oya="0" hai0="35,57,123,28,131,129,84,132,115,50,25,31,0" hai1="67,36,97,82,4,27,66,77,120,9,110,127,85" hai2="96,16,75,56,38,15,74,80,52,70,76,43,93" hai3="49,59,34,64,118,60,126,17,105,100,14,87,46"/><T21/><D123/><U65/><E120/><V63/><F70/><W10/><G118/><T113/><D84/><U124/><E36/><V94/><F74/><W133/><G34/><T23/><D0/><U114/><E114/><N who="0" m="43529" /><D57/><U78/><E27/><V42/><F38/><W7/><G133/><T103/><D50/><U69/><E110/><V88/><REACH who="2" step="1"/><F94/><REACH who="2" ten="440,60,240,250" step="2"/><W32/><G105/><T6/><D132/><U58/><E69/><V2/><F2/><W30/><G126/><T1/><D1/><U86/><E127/><V41/><F41/><W22/><G100/><T90/><D131/><U53/><E124/><V135/><F135/><W33/><G33/><T116/><D103/><U71/><E71/><V95/><F95/><W54/><G32/><T107/><D129/><U47/><E97/><V37/><F37/><W117/><G117/><T106/><D116/><U134/><E134/><V73/><F73/><W13/><G87/><T72/><D72/><U18/><E86/><V98/><F98/><W122/><G122/><T3/><D107/><U121/><E121/><V26/><F26/><W79/><G79/><T111/><D106/><U104/><E78/><V119/><F119/><W39/><G39/><T101/><D101/><U12/><E104/><V109/><F109/><W108/><G108/><T68/><D111/><U19/><REACH who="1" step="1"/><E47/><REACH who="1" ten="440,50,240,250" step="2"/><V20/><AGARI ba="1,2" hai="15,16,20,42,43,52,56,63,75,76,80,88,93,96" machi="20" ten="20,12000,2" yaku="1,1,0,1,7,1,52,1,54,3,53,0" doraHai="55" doraHaiUra="125" who="2" fromWho="2" sc="440,-61,50,-31,240,143,250,-31" />
</Scene>
<Scene>
<INIT seed="1,0,0,1,0,121" ten="379,19,383,219" oya="1" hai0="47,103,37,74,62,63,90,60,30,36,39,118,96" hai1="83,18,28,111,19,23,16,120,41,85,123,6,10" hai2="34,14,45,12,115,32,73,119,52,50,125,105,44" hai3="116,27,26,13,101,87,0,76,54,5,7,57,49"/><U127/><E127/><V2/><F119/><W89/><G116/><T42/><D118/><U31/><E41/><V95/><F105/><W117/><G117/><T86/><D74/><U3/><E85/><V11/><F73/><W129/><G129/><T79/><D79/><U69/><E69/><V109/><F125/><W93/><G0/><T46/><D30/><N who="1" m="11307" /><E83/><V92/><F115/><W15/><G101/><T98/><D103/><U110/><E23/><V131/><F131/><W124/><G76/><T82/><REACH who="0" step="1"/><D47/><REACH who="0" ten="369,19,383,219" step="2"/><U78/><E78/><V35/><F45/><W71/><G124/><T88/><D88/><U81/><E81/><V43/><F35/><W38/><G89/><T135/><D135/><U80/><E80/><V112/><F34/><W113/><G113/><T94/><D94/><U104/><E104/><V58/><F32/><W9/><G93/><T33/><D33/><U29/><N who="1" m="11315" /><U61/><DORA hai="17" /><E61/><V114/><F95/><W67/><G71/><T21/><D21/><U106/><E106/><V40/><F92/><W122/><G122/><AGARI ba="0,1" hai="3,6,10,16,18,19,110,111,120,122,123" m="11315" machi="122" ten="40,12000,1" yaku="34,2,52,2,54,1" doraHai="121,17" who="1" fromWho="3" sc="369,0,19,130,383,0,219,-120" />
</Scene>
<Scene>
<INIT seed="1,1,0,4,4,116" ten="369,149,383,99" oya="1" hai0="84,15,48,66,105,117,125,20,97,123,115,32,112" hai1="7,8,70,40,60,54,64,78,91,63,114,4,34" hai2="89,65,42,43,35,56,26,127,132,134,73,1,37" hai3="59,9,75,2,85,90,130,121,95,11,45,74,133"/><U46/><E34/><V30/><F1/><W19/><G130/><T86/><D32/><U101/><E114/><V111/><F73/><W77/><G133/><T76/><D117/><U67/><E101/><V17/><F111/><W5/><G121/><T119/><D119/><U6/><E78/><V39/><F17/><W100/><G77/><T51/><D125/><U103/><E103/><V36/><F127/><W13/><G100/><T81/><D66/><U69/><E91/><V109/><F109/><W80/><G95/><T98/><D123/><U44/><E54/><V106/><F106/><W128/><G128/><T52/><D86/><U120/><E120/><V94/><F65/><W27/><G59/><T131/><D51/><U31/><E31/><V71/><F56/><W58/><G58/><T87/><D87/><U28/><E28/><V118/><F71/><W79/><G79/><T38/><D38/><U102/><E102/><V21/><F35/><W49/><REACH who="3" step="1"/><G27/><REACH who="3" ten="369,149,383,89" step="2"/><T104/><D131/><U14/><REACH who="1" step="1"/><E46/><REACH who="1" ten="369,139,383,89" step="2"/><V110/><F118/><W68/><G68/><T33/><D112/><U135/><E135/><N who="2" m="51755" /><F110/><W41/><AGARI ba="1,2" hai="2,5,9,11,13,19,41,45,49,74,75,80,85,90" machi="41" ten="20,5200,0" yaku="1,1,0,1,7,1,53,1" doraHai="116" doraHaiUra="47" who="3" fromWho="3" sc="369,-14,139,-27,383,-14,89,75" />
</Scene>
<Scene>
<INIT seed="2,0,0,4,3,56" ten="355,112,369,164" oya="2" hai0="118,87,97,110,117,106,34,20,52,7,121,83,94" hai1="69,85,24,92,31,66,130,133,93,64,63,102,72" hai2="29,23,6,3,101,39,25,112,22,18,81,11,5" hai3="17,134,74,71,38,82,51,90,50,122,37,126,88"/><V100/><F39/><W62/><G122/><T73/><D34/><U16/><E72/><V40/><F40/><W114/><G134/><T75/><D7/><U131/><E133/><V95/><F81/><W32/><G32/><T65/><D65/><U68/><E31/><V135/><F135/><W43/><G126/><T109/><D20/><N who="1" m="13319" /><E102/><V80/><F80/><W128/><G128/><N who="1" m="49194" /><E85/><V9/><F95/><N who="1" m="36425" /><E66/><V12/><REACH who="2" step="1"/><F112/><REACH who="2" ten="355,112,359,164" step="2"/><W49/><G114/><T14/><D83/><U60/><E64/><V59/><F59/><W53/><G82/><T99/><D75/><U30/><E30/><V61/><F61/><AGARI ba="0,1" hai="60,61,63,68,69" m="36425,49194,13319" machi="61" ten="30,8000,1" yaku="19,1,52,3,54,1" doraHai="56" who="1" fromWho="2" sc="355,0,112,90,359,-80,164,0" />
</Scene>
<Scene>
<INIT seed="3,0,0,1,3,0" ten="355,202,279,164" oya="3" hai0="101,122,119,29,63,38,84,114,100,107,96,92,104" hai1="74,4,54,88,6,68,42,41,134,46,18,11,109" hai2="83,131,31,55,49,90,40,9,19,113,62,117,58" hai3="39,69,66,59,120,3,27,8,43,115,56,110,129"/><W12/><G115/><T105/><D38/><U93/><E74/><V73/><F113/><W33/><G120/><T78/><D63/><U133/><E68/><V1/><F117/><W30/><G3/><T118/><D29/><U124/><E109/><V77/><F131/><W26/><G110/><T121/><D114/><U65/><E65/><V82/><F31/><W22/><G129/><T86/><D100/><U14/><E54/><V47/><F19/><W116/><G116/><N who="0" m="44587" /><D78/><U95/><E95/><V20/><F20/><W98/><G27/><T89/><D86/><N who="1" m="52375" /><E124/><V34/><F34/><W25/><G25/><T130/><D130/><U81/><E81/><AGARI ba="0,0" hai="81,84,89,92,96,101,104,105,107,121,122" m="44587" machi="81" ten="40,2600,0" yaku="34,2" doraHai="0" who="0" fromWho="1" sc="355,26,202,-26,279,0,164,0" />
</Scene>
<Scene>
<INIT seed="4,0,0,1,0,125" ten="381,176,279,164" oya="0" hai0="130,46,2,100,70,96,66,52,108,90,36,111,82" hai1="81,41,109,106,126,122,55,127,129,35,89,84,101" hai2="77,73,120,65,110,15,118,34,8,54,21,31,60" hai3="116,114,86,92,117,5,123,87,98,99,112,113,133"/><T58/><D2/><U115/><E35/><V79/><F120/><W27/><G5/><T132/><D132/><U28/><E28/><V103/><F110/><N who="0" m="42026" /><D70/><U50/><E109/><V26/><F118/><N who="3" m="45675" /><G27/><T25/><D25/><U1/><E1/><V6/><F73/><W14/><G14/><T72/><D130/><U91/><E122/><V83/><F83/><W11/><G11/><T53/><D66/><U134/><E41/><V4/><F54/><W33/><G33/><T56/><D56/><U128/><E134/><V42/><F42/><W85/><G123/><T7/><D7/><U59/><E115/><V0/><F103/><W121/><G121/><T3/><D58/><U61/><E61/><V131/><F131/><N who="1" m="50249" /><E89/><V51/><F51/><W9/><G9/><T75/><D90/><U74/><E74/><V49/><F49/><W47/><G47/><T93/><D75/><U18/><E18/><N who="2" m="10463" /><F6/><W107/><G133/><T16/><D72/><U69/><E69/><AGARI ba="0,0" hai="0,4,8,26,31,34,60,65,69,77,79" m="10463" machi="69" ten="30,1000,0" yaku="24,1" doraHai="125" who="2" fromWho="1" sc="381,0,176,-10,279,10,164,0" />
</Scene>
<Scene>
<INIT seed="5,0,0,2,3,115" ten="381,166,289,164" oya="1" hai0="80,6,30,114,107,73,86,99,45,37,112,68,1" hai1="19,89,15,43,36,131,135,125,24,85,65,104,97" hai2="94,121,14,105,75,134,118,51,47,49,109,12,77" hai3="126,0,35,27,82,21,111,106,20,3,63,74,44"/><U81/><E125/><V22/><F121/><W29/><G111/><T40/><D68/><U110/><E110/><V103/><F109/><W33/><G126/><T100/><D30/><U50/><E131/><V31/><F105/><W87/><G74/><T16/><D16/><U58/><E135/><V95/><F134/><W5/><G106/><T2/><D86/><U62/><E36/><V55/><F75/><W61/><G44/><T71/><D71/><U32/><E32/><V60/><F77/><W34/><G21/><T7/><D7/><U132/><E132/><V102/><F60/><W10/><REACH who="3" step="1"/><G3/><REACH who="3" ten="381,166,289,154" step="2"/><T38/><D2/><U122/><E122/><V39/><F47/><W26/><G26/><T113/><D1/><U129/><E24/><V23/><F22/><W117/><G117/><T66/><D45/><N who="1" m="25919" /><E104/><V128/><F118/><W18/><G18/><T9/><D107/><U11/><E129/><V101/><F128/><W41/><G41/><T108/><D40/><U98/><AGARI ba="0,1" hai="11,15,19,58,62,65,81,85,89,97,98" m="25919" machi="98" ten="30,1500,0" yaku="8,1" doraHai="115" who="1" fromWho="1" sc="381,-5,166,25,289,-5,154,-5" />
</Scene>
<Scene>
<INIT seed="5,1,0,3,1,88" ten="376,191,284,149" oya="1" hai0="106,117,127,26,132,115,39,57,33,72,67,104,18" hai1="75,56,94,129,54,38,59,95,22,91,4,81,24" hai2="64,53,41,112,7,34,111,20,74,73,119,107,63" hai3="44,116,123,19,128,134,85,105,15,125,69,52,1"/><U8/><E38/><V3/><F119/><W9/><G123/><T58/><D117/><U120/><E120/><V77/><F34/><W48/><G116/><T89/><D72/><U126/><E126/><V62/><F107/><W27/><G105/><T87/><D39/><U101/><E129/><V49/><F41/><W108/><G108/><T110/><D110/><U12/><E101/><V13/><F111/><W121/><G121/><T96/><D127/><U99/><E75/><V45/><F112/><W65/><G125/><T103/><D106/><U31/><E81/><V10/><F77/><W102/><G102/><T6/><D103/><U5/><E95/><V17/><REACH who="2" step="1"/><F62/><REACH who="2" ten="376,191,274,149" step="2"/><W83/><G128/><T25/><D104/><U133/><E133/><V11/><F11/><W30/><G134/><T135/><D132/><U28/><E59/><AGARI ba="1,1" hai="3,7,10,13,17,20,45,49,53,59,63,64,73,74" machi="59" ten="30,2000,0" yaku="1,1,7,1,53,0" doraHai="88" doraHaiUra="124" who="2" fromWho="1" sc="376,0,191,-23,274,33,149,0" />
</Scene>
<Scene>
<INIT seed="6,0,0,3,4,126" ten="376,168,307,149" oya="2" hai0="2,66,93,95,84,43,10,105,31,96,17,73,80" hai1="16,107,90,59,121,116,23,60,124,76,70,29,15" hai2="26,68,13,127,117,11,106,134,47,34,85,51,44" hai3="133,75,4,94,61,91,118,63,130,102,18,33,81"/><V99/><F117/><W50/><G118/><T86/><D43/><U48/><E116/><V25/><F127/><W88/><G33/><T37/><D37/><U123/><E124/><V72/><F72/><W38/><G38/><T3/><D66/><U114/><E114/><V122/><F122/><N who="1" m="46601" /><E76/><V109/><F68/><W119/><G119/><T24/><D17/><U111/><E111/><V46/><F109/><W7/><G133/><T54/><D54/><N who="1" m="32199" /><E107/><V87/><F134/><W56/><G130/><T8/><D8/><U41/><E41/><V79/><F34/><W104/><G104/><T74/><D10/><U39/><E39/><V69/><F69/><W128/><G128/><T71/><D93/><U110/><E110/><V82/><F51/><W67/><G75/><T27/><D86/><U53/><E29/><V49/><F49/><W115/><G115/><T78/><D24/><U65/><E53/><V62/><F62/><W64/><G50/><T28/><D31/><U129/><E90/><V120/><F120/><W135/><G18/><T77/><D27/><N who="2" m="10250" /><F106/><W89/><G135/><T132/><D28/><U100/><E100/><V5/><F87/><W20/><G20/><T35/><D84/><U57/><E70/><V22/><F22/><W1/><G1/><T103/><D3/><U113/><E113/><V45/><N who="2" m="11776" /><DORA hai="83" /><V55/><F55/><W92/><G81/><N who="0" m="45231" /><D2/><U42/><E42/><V101/><F101/><W108/><G108/><T30/><D71/><U40/><E40/><V125/><F125/><W21/><G102/><T112/><D103/><U131/><AGARI ba="0,0" hai="15,16,23,57,60,65,129,131" m="32199,46601" machi="131" ten="30,8000,1" yaku="5,1,13,1,52,2,54,1" doraHai="126,83" who="1" fromWho="1" sc="376,-20,168,80,307,-40,149,-20" />
</Scene>
<Scene>
<INIT seed="7,0,0,3,5,56" ten="356,248,267,129" oya="3" hai0="74,17,20,42,53,28,130,134,92,49,128,89,1" hai1="55,35,40,26,132,109,103,73,15,133,13,111,16" hai2="90,100,64,30,72,93,94,9,19,50,129,57,124" hai3="0,83,52,62,45,38,81,37,123,27,113,14,3"/><W63/><G123/><T125/><D74/><U112/><E73/><V121/><F121/><W120/><G120/><T101/><D1/><U22/><E40/><V61/><F72/><W66/><G27/><T67/><D101/><U131/><E103/><V86/><F129/><N who="0" m="49770" /><D67/><U5/><E55/><V78/><F124/><W107/><G107/><T70/><D42/><U85/><E85/><V116/><F116/><W71/><G113/><T8/><D70/><U127/><E131/><V99/><F78/><W110/><G110/><N who="1" m="41994" /><E127/><V88/><F30/><W34/><G34/><T135/><D8/><N who="1" m="4239" /><E112/><V106/><F106/><W33/><G33/><T105/><D28/><AGARI ba="0,0" hai="15,16,22,26,28,35,132,133" m="4239,41994" machi="28" ten="30,3900,0" yaku="34,2,54,1" doraHai="56" who="1" fromWho="0" sc="356,-39,248,39,267,0,129,0" owari="317,41.0,287,9.0,267,-13.0,129,-37.0" />
</Scene>
</mjloggm>