<mjloggm ver="2.3"><GO type="169"/><UN n0="%E6%9C%A7%E5%A4%8F%E6%9C%88" n1="%E2%84%83%2D%75%74%65" n2="%65%69%63%68%69%72%6F" n3="%41%53%41%50%49%4E" dan="18,16,17,19" rate="2240,2083,2118,2199" sx="M,M,M,M"/><TAIKYOKU oya="0"/>

<Scene>
<INIT seed="0,0,0,2,3,117" ten="250,250,250,250" oya="0" hai0="93,61,30,126,81,69,115,85,114,80,16,57,83" hai1="36,123,62,26,28,75,63,96,92,86,106,37,133" hai2="64,118,58,108,87,129,127,82,77,56,34,33,103" hai3="74,52,12,121,122,104,135,101,18,9,17,15,8"/><T39/><D39/><U27/><E75/><V60/><F118/><W3/><G74/><T47/><D69/><U111/><E106/><V22/><F108/><W55/><G3/><T44/><D126/><U7/><E7/><V112/><F112/><W40/><G40/><T72/><D72/><U119/><E119/><V79/><F127/><W53/><G135/><T24/><D115/><U51/><E86/><V66/><F129/><W50/><G50/><T29/><D114/><U99/><E51/><V68/><F103/><W109/><G109/><T130/><D130/><U116/><E116/><V13/><F34/><W19/><G101/><T110/><D110/><U41/><E111/><V113/><F33/><W49/><G49/><T54/><D93/><U78/><E78/><N who="2" m="46551" /><F68/><W124/><G104/><T102/><D85/><U134/><E92/><V5/><F113/><W89/><G124/><T43/><D102/><U11/><E41/><V2/><F2/><W31/><G31/><N who="0" m="11787" /><D43/><U4/><E28/><V0/><F0/><W59/><G59/><T67/><D67/><U94/><E94/><V21/><F58/><W70/><G70/><T95/><D95/><U65/><E65/><V128/><F66/><W35/><G35/><T38/><D38/><U76/><E76/><N who="2" m="29259" /><F128/><W45/><G45/><T120/><D120/><N who="3" m="46185" /><G89/><T105/><D105/><U23/><E123/><V90/><F90/><W107/><G107/><T71/><D71/><U14/><E37/><V25/><F56/><W88/><G88/><T131/><D131/><U42/><E36/><V100/><F100/><W98/><G98/><RYUUKYOKU ba="0,0" sc="250,15,250,-15,250,-15,250,15" hai0="16,24,44,47,54,57,61,80,81,83" hai3="8,9,12,15,17,18,19,52,53,55" />
</Scene>
<Scene>
<INIT seed="0,1,0,2,1,92" ten="265,235,235,265" oya="0" hai0="135,84,33,54,16,129,40,111,61,13,120,30,20" hai1="57,23,72,60,24,127,123,79,52,80,22,47,90" hai2="18,102,32,63,105,76,86,11,116,126,133,114,69" hai3="29,87,39,121,51,112,10,124,95,12,59,70,99"/><T21/><D120/><U119/><E123/><V27/><F114/><W4/><G121/><T26/><D129/><U74/><E119/><V77/><F116/><W68/><G39/><T56/><D135/><U98/><E127/><V122/><F122/><W78/><G112/><T53/><D111/><U17/><E74/><V67/><F126/><W130/><G124/><T0/><D40/><U108/><E108/><V65/><F65/><W73/><G73/><T91/><D0/><U37/><E23/><V88/><F133/><W109/><G109/><T132/><D132/><U81/><E81/><V34/><F34/><W71/><G130/><T1/><D1/><U44/><E37/><V15/><F32/><W45/><G29/><T93/><REACH who="0" step="1"/><D33/><REACH who="0" ten="255,235,235,265" step="2"/><U100/><REACH who="1" step="1"/><E90/><REACH who="1" ten="255,225,235,265" step="2"/><V2/><F88/><N who="3" m="53663" /><G78/><T75/><D75/><U83/><E83/><V107/><F77/><W94/><G68/><T118/><D118/><U36/><E36/><V28/><F76/><W48/><G71/><T64/><AGARI ba="1,2" hai="13,16,20,21,26,30,53,54,56,61,64,84,91,93" machi="64" ten="20,12000,1" yaku="1,1,0,1,7,1,8,1,54,1,53,0" doraHai="92" doraHaiUra="131" who="0" fromWho="0" sc="255,143,225,-41,235,-41,265,-41" />
</Scene>
<Scene>
<INIT seed="0,2,0,2,0,75" ten="398,184,194,224" oya="0" hai0="32,77,130,127,87,67,134,39,30,1,28,8,24" hai1="37,113,41,72,10,97,126,115,15,111,69,114,88" hai2="68,83,57,73,100,70,101,18,135,74,51,123,25" hai3="66,27,2,121,82,122,43,55,129,46,63,42,80"/><T93/><D39/><U0/><E69/><V44/><F123/><N who="3" m="47115" /><G2/><T76/><D30/><U7/><E111/><V105/><F68/><W89/><G129/><T13/><D130/><U35/><E35/><V33/><F70/><N who="3" m="42335" /><G27/><T81/><D127/><U38/><E126/><V6/><F6/><W125/><G125/><T14/><D134/><U23/><E41/><N who="3" m="15370" /><G89/><T104/><D104/><U22/><E72/><V5/><F5/><W16/><G16/><T12/><D67/><U112/><N who="1" m="28672" /><DORA hai="117" /><U120/><E120/><V110/><F18/><W94/><G94/><T103/><D1/><U119/><E119/><V52/><F135/><W21/><G21/><N who="1" m="7690" /><E0/><V102/><F25/><W107/><G107/><T84/><D8/><U92/><AGARI ba="2,0" hai="7,10,15,37,38,88,92,97" m="7690,28672" machi="92" ten="60,4000,0" yaku="11,1,54,1" doraHai="75,117" who="1" fromWho="1" sc="398,-22,184,46,194,-12,224,-12" />
</Scene>
<Scene>
<INIT seed="1,0,0,0,4,51" ten="376,230,182,212" oya="1" hai0="58,12,126,131,25,10,66,57,26,77,107,89,17" hai1="97,84,99,93,70,13,108,73,83,79,119,15,40" hai2="61,132,96,115,81,68,37,103,100,19,128,14,91" hai3="109,35,8,102,71,59,76,98,112,72,21,60,5"/><U94/><E70/><V65/><F128/><W133/><G112/><T55/><D107/><U104/><E119/><V117/><F117/><W123/><G123/><T56/><D131/><U90/><E40/><V46/><F132/><W101/><G35/><T67/><D126/><U129/><E129/><V95/><F115/><W64/><G133/><T32/><D77/><U122/><E122/><V23/><REACH who="2" step="1"/><F81/><REACH who="2" ten="376,230,172,212" step="2"/><W63/><G109/><T0/><D32/><U27/><E108/><V69/><F69/><W22/><G71/><T105/><D67/><U33/><E33/><V50/><F50/><W20/><G63/><T2/><D66/><U1/><E1/><V116/><F116/><W106/><G60/><T29/><D2/><U16/><E104/><V124/><F124/><W6/><G64/><T45/><D0/><U49/><E49/><V47/><F47/><W18/><G106/><T130/><D45/><U30/><E93/><V82/><F82/><W7/><G59/><T118/><D57/><U54/><E94/><V11/><F11/><W75/><G8/><T127/><D58/><U44/><E44/><V34/><F34/><W135/><G135/><T92/><D56/><U114/><E114/><V36/><F36/><W121/><G121/><T43/><D105/><U134/><E134/><V9/><F9/><W87/><G21/><T125/><D125/><U39/><E39/><V113/><F113/><W111/><G22/><T86/><D127/><U3/><E3/><V41/><AGARI ba="0,1" hai="14,19,23,37,41,46,61,65,68,91,95,96,100,103" machi="41" ten="30,4000,0" yaku="1,1,0,1,53,1" doraHai="51" doraHaiUra="42" who="2" fromWho="2" sc="376,-10,230,-20,172,50,212,-10" />
</Scene>
<Scene>
<INIT seed="2,0,0,4,1,11" ten="366,210,222,202" oya="2" hai0="55,121,46,112,15,124,27,0,8,85,71,54,38" hai1="59,69,88,62,99,86,107,16,9,127,7,103,67" hai2="119,17,43,104,109,90,118,78,105,4,66,135,13" hai3="21,84,76,94,106,42,128,14,81,89,80,37,29"/><V47/><F135/><W10/><G106/><T44/><D71/><U117/><E117/><V130/><F130/><W96/><G128/><T1/><D121/><U82/><E127/><V100/><F78/><W95/><G37/><T113/><D27/><U24/><E69/><V129/><F129/><W48/><G80/><T51/><D124/><U98/><E98/><V50/><F109/><W31/><G21/><T12/><D85/><U18/><REACH who="1" step="1"/><E24/><REACH who="1" ten="366,200,222,202" step="2"/><V39/><F119/><W101/><G101/><T111/><D111/><U115/><E115/><V83/><F118/><W61/><G61/><T77/><D113/><U131/><E131/><V110/><F100/><W120/><G120/><T6/><D112/><U58/><E58/><V75/><F105/><W40/><G95/><T64/><D46/><U5/><E5/><V122/><F47/><N who="3" m="25703" /><G42/><T49/><D44/><U2/><AGARI ba="0,1" hai="2,7,9,16,18,59,62,67,82,86,88,99,103,107" machi="2" ten="20,8000,1" yaku="1,1,0,1,7,1,54,2,53,0" doraHai="11" doraHaiUra="108" who="1" fromWho="1" sc="366,-20,200,90,222,-40,202,-20" />
</Scene>
<Scene>
<INIT seed="3,0,0,1,2,61" ten="346,290,182,182" oya="3" hai0="117,21,78,135,107,18,7,37,101,47,102,81,60" hai1="111,114,42,74,134,19,71,125,8,43,46,103,66" hai2="59,94,28,133,132,13,10,57,85,36,9,53,4" hai3="56,11,113,99,82,122,109,14,97,124,84,126,33"/><W91/><G113/><T24/><D117/><U17/><E114/><V16/><F36/><W118/><G118/><T121/><D121/><U105/><E74/><V6/><F28/><W23/><G33/><T58/><D135/><N who="2" m="51786" /><F53/><W106/><G122/><T35/><D35/><U0/><E134/><V51/><F51/><W98/><G23/><T76/><D7/><N who="2" m="2602" /><F9/><W75/><G56/><T48/><D37/><U70/><E8/><V64/><F64/><W115/><G115/><T129/><D129/><U5/><E66/><V69/><F69/><W27/><G27/><T88/><D107/><U63/><E105/><V72/><F72/><W86/><G14/><T68/><D68/><U67/><E67/><V77/><F77/><N who="0" m="29802" /><D60/><U22/><E63/><V83/><F83/><N who="3" m="49567" /><G11/><T54/><D58/><U95/><E70/><V128/><F128/><W3/><G3/><T50/><D50/><U112/><E0/><V29/><F29/><W49/><G49/><T62/><D62/><U130/><E71/><V104/><F104/><W93/><G75/><T15/><D15/><U116/><E112/><V119/><F119/><W31/><G31/><T96/><D81/><U108/><E116/><V123/><F123/><W40/><G106/><T92/><AGARI ba="0,0" hai="18,21,24,47,48,54,88,92,96,101,102" m="29802" machi="92" ten="30,2000,0" yaku="8,1,54,1" doraHai="61" who="0" fromWho="0" sc="346,20,290,-5,182,-5,182,-10" />
</Scene>
<Scene>
<INIT seed="4,0,0,5,4,73" ten="366,285,177,172" oya="0" hai0="69,131,135,133,54,124,98,109,102,31,128,64,105" hai1="12,26,0,67,46,61,99,6,123,35,89,74,27" hai2="101,24,60,112,2,18,79,51,1,122,62,56,20" hai3="114,37,65,33,38,125,126,71,90,116,118,4,52"/><T100/><D109/><U43/><E123/><V129/><F122/><W66/><G33/><T16/><D102/><U15/><E74/><V32/><F112/><W5/><G90/><T50/><D31/><U48/><E0/><V55/><F129/><N who="0" m="49738" /><D16/><U76/><E35/><V96/><F32/><W63/><G114/><T86/><D86/><U13/><E6/><V82/><F1/><W80/><G80/><T25/><D25/><U72/><E72/><V44/><F2/><W103/><G103/><T78/><D78/><U132/><E76/><V87/><REACH who="2" step="1"/><F44/><REACH who="2" ten="366,285,167,172" step="2"/><W117/><G117/><T107/><D135/><U88/><E132/><V81/><F81/><W39/><G118/><T58/><D133/><U19/><E46/><V134/><F134/><W77/><G116/><T10/><D124/><U83/><E83/><V7/><F7/><W91/><G4/><T127/><D127/><U36/><E19/><V94/><AGARI ba="0,1" hai="18,20,24,51,55,56,60,62,79,82,87,94,96,101" machi="94" ten="20,8000,1" yaku="1,1,0,1,7,1,8,1,52,1,53,0" doraHai="73" doraHaiUra="110" who="2" fromWho="2" sc="366,-40,285,-20,167,90,172,-20" />
</Scene>
<Scene>
<INIT seed="5,0,0,2,0,82" ten="326,265,257,152" oya="1" hai0="112,47,21,35,63,111,59,33,60,105,103,92,22" hai1="25,52,70,115,19,66,3,53,116,41,8,20,24" hai2="114,61,7,12,118,31,74,29,65,34,64,102,77" hai3="58,57,113,98,10,91,85,95,131,93,78,96,100"/><U75/><E116/><V123/><F123/><W107/><G113/><T104/><D111/><U87/><E75/><V135/><F118/><W40/><G131/><T134/><D47/><U120/><E120/><V23/><F34/><W72/><G40/><T88/><D103/><U14/><E115/><V42/><F114/><W125/><G10/><T76/><D76/><U54/><E41/><V39/><F102/><N who="3" m="60703" /><G58/><T81/><D81/><U1/><E25/><V11/><F135/><W109/><G57/><T18/><D59/><U4/><REACH who="1" step="1"/><E87/><REACH who="1" ten="326,255,257,152" step="2"/><V32/><F74/><W89/><G109/><T86/><D86/><U55/><N who="1" m="13312" /><DORA hai="17" /><U132/><E132/><V13/><F42/><W0/><G72/><T37/><D134/><U122/><E122/><V94/><F65/><W5/><G85/><T83/><D112/><U27/><E27/><V69/><F64/><W62/><G78/><T121/><D121/><U67/><E67/><V71/><F77/><W90/><G62/><AGARI ba="0,1" hai="1,3,4,8,14,19,20,24,62,66,70" m="13312" machi="62" ten="50,9600,0" yaku="1,1,52,1,54,1,53,0" doraHai="82,17" doraHaiUra="84,45" who="1" fromWho="3" sc="326,0,255,106,257,0,152,-96" />
</Scene>
<Scene>
<INIT seed="5,1,0,5,2,51" ten="326,361,257,56" oya="1" hai0="40,68,90,75,33,107,47,89,77,54,67,5,4" hai1="61,115,58,122,113,69,91,99,110,14,131,39,72" hai2="13,88,130,71,97,104,118,22,125,52,8,133,120" hai3="78,20,98,80,18,10,28,108,103,82,114,49,27"/><U25/><E39/><V0/><F71/><W87/><G108/><T21/><D33/><U74/><E122/><V12/><F120/><W102/><G114/><N who="1" m="43530" /><E69/><V7/><F118/><W84/><G98/><T105/><D77/><U63/><E131/><V73/><F73/><W112/><G112/><T3/><D75/><U9/><E25/><V36/><F36/><W101/><G10/><T96/><D21/><U23/><E23/><V62/><F130/><W45/><G28/><T66/><D40/><U116/><E63/><V76/><F76/><W123/><G123/><T79/><D79/><U127/><E127/><V100/><F125/><W65/><G65/><T86/><D67/><U44/><E44/><V46/><F133/><W59/><G59/><T126/><D47/><U94/><E116/><V2/><F46/><W132/><G132/><T53/><D66/><N who="1" m="39223" /><E110/><V38/><F38/><W64/><G64/><T70/><D126/><U85/><E99/><V30/><F30/><W16/><G18/><AGARI ba="1,0" hai="9,14,18,72,74,85,91,94" m="39223,43530" machi="18" ten="30,1500,0" yaku="15,1" doraHai="51" who="1" fromWho="3" sc="326,0,361,18,257,0,56,-18" />
</Scene>
<Scene>
<INIT seed="5,2,0,5,5,53" ten="326,379,257,38" oya="1" hai0="96,3,68,37,0,93,73,74,121,22,46,29,127" hai1="89,33,70,43,56,63,126,84,99,26,91,90,66" hai2="113,20,55,5,47,14,65,19,135,82,102,94,18" hai3="130,38,106,36,118,9,133,7,72,12,134,111,92"/><U31/><E126/><V80/><F135/><W15/><G92/><T125/><D68/><U2/><E2/><V95/><F5/><W83/><G83/><N who="2" m="31785" /><F102/><W131/><G7/><T28/><D121/><U120/><E120/><V64/><F113/><W44/><G44/><T87/><D87/><U124/><E124/><N who="0" m="47689" /><D46/><U32/><E32/><V88/><F19/><W128/><G9/><T110/><D37/><N who="3" m="14441" /><G106/><T116/><D110/><U98/><E43/><V23/><F23/><W122/><G122/><T107/><D107/><U58/><REACH who="1" step="1"/><E84/><REACH who="1" ten="326,369,257,38" step="2"/><N who="2" m="52487" /><F95/><W6/><G111/><T52/><D3/><U51/><E51/><AGARI ba="2,1" hai="14,18,20,47,51,55,64,65" m="52487,31785" machi="51" ten="30,2000,0" yaku="8,1,54,1" doraHai="53" who="2" fromWho="1" sc="326,0,369,-26,257,36,38,0" />
</Scene>
<Scene>
<INIT seed="6,0,0,0,3,20" ten="326,343,293,38" oya="2" hai0="109,53,36,117,77,64,38,69,1,131,51,100,76" hai1="46,16,29,63,91,49,43,34,47,107,22,15,5" hai2="133,55,102,135,83,105,95,86,104,75,17,12,44" hai3="125,41,127,110,3,93,119,7,32,89,35,57,113"/><V60/><F75/><W132/><G110/><T52/><D1/><U45/><E107/><V115/><F115/><W84/><G119/><T61/><D109/><U68/><E5/><V13/><F95/><W94/><G113/><T82/><D117/><U134/><E134/><N who="2" m="51211" /><F102/><W112/><G112/><T118/><D118/><U122/><E122/><V23/><F12/><W124/><G132/><T81/><D131/><U101/><E101/><V72/><F72/><W58/><G41/><T116/><D100/><U27/><REACH who="1" step="1"/><E91/><REACH who="1" ten="326,333,293,38" step="2"/><N who="2" m="51679" /><F60/><W79/><G79/><T6/><D116/><U31/><E31/><V18/><F18/><W4/><G4/><T67/><D6/><U50/><E50/><AGARI ba="0,1" hai="13,17,23,44,50,55,104,105" m="51679,51211" machi="50" ten="30,1500,0" yaku="20,1" doraHai="20" who="2" fromWho="1" sc="326,0,333,-15,293,25,38,0" />
</Scene>
<Scene>
<INIT seed="6,1,0,2,3,108" ten="326,318,318,38" oya="2" hai0="1,36,45,76,117,84,0,17,62,122,105,65,80" hai1="92,91,9,54,100,103,85,51,121,22,53,20,21" hai2="14,88,56,39,119,110,104,130,86,106,3,101,96" hai3="66,74,59,63,114,61,99,33,102,109,71,82,90"/><V124/><F119/><W70/><G109/><T93/><D105/><U25/><E121/><V5/><F110/><W79/><G33/><T47/><D122/><U26/><E9/><V27/><F106/><W134/><G134/><T126/><D117/><U128/><E128/><V78/><F39/><W2/><G2/><T115/><D126/><U28/><E54/><V4/><F3/><W6/><G6/><T135/><D135/><U35/><REACH who="1" step="1"/><E26/><REACH who="1" ten="326,308,318,38" step="2"/><V18/><F130/><W7/><G7/><T13/><D1/><U72/><E72/><V69/><F124/><W81/><G114/><T60/><D0/><U15/><E15/><V44/><F27/><W38/><G38/><T133/><D115/><U43/><E43/><V129/><F129/><W52/><G82/><T46/><D133/><U125/><E125/><V24/><F24/><W83/><G83/><T58/><D36/><U11/><E11/><V116/><F116/><W87/><G74/><T57/><D13/><U42/><E42/><V89/><F4/><W131/><G131/><T68/><D80/><U50/><E50/><V118/><F118/><W55/><G55/><T120/><D120/><U73/><E73/><V107/><F5/><W30/><G30/><T77/><D17/><U111/><E111/><V41/><F14/><W127/><G127/><T113/><D113/><U23/><N who="1" m="5120" /><DORA hai="48" /><U95/><E95/><V32/><F18/><W12/><G12/><T64/><D68/><U37/><E37/><V97/><F69/><N who="3" m="42191" /><G79/><T132/><D132/><U8/><E8/><V40/><F40/><W34/><G34/><RYUUKYOKU ba="1,1" sc="326,10,308,10,318,-30,38,10" hai0="45,46,47,57,58,60,62,64,65,76,77,84,93" hai1="25,28,35,51,53,85,91,92,100,103" hai3="52,59,63,70,71,81,87,90,99,102" />
</Scene>
<Scene>
<INIT seed="7,2,1,4,2,11" ten="336,318,288,48" oya="3" hai0="118,79,55,108,113,85,49,18,67,74,111,123,92" hai1="103,19,50,66,122,44,101,35,96,16,57,40,128" hai2="8,10,89,15,119,87,38,99,39,71,52,134,23" hai3="42,29,20,51,70,88,31,82,9,41,37,106,77"/><W127/><G106/><T68/><D118/><U90/><E122/><V21/><F119/><W2/><G70/><T81/><D123/><U69/><E128/><V27/><F38/><W24/><G37/><T78/><D113/><U80/><E35/><V121/><F121/><W73/><G127/><T56/><D68/><U1/><E1/><V5/><F39/><W61/><G61/><T116/><D116/><U0/><E0/><V86/><F71/><W7/><G31/><T126/><D67/><U110/><E110/><V63/><F134/><W104/><G104/><T13/><D126/><U102/><E69/><V132/><F132/><W120/><G120/><T135/><D135/><U32/><E32/><V130/><F130/><W17/><G51/><T95/><D95/><N who="1" m="56439" /><E80/><V112/><F112/><W83/><REACH who="3" step="1"/><G29/><REACH who="3" ten="336,318,288,38" step="2"/><T45/><D111/><U60/><AGARI ba="2,2" hai="16,19,40,44,50,57,60,66,101,102,103" m="56439" machi="60" ten="30,2000,0" yaku="8,1,54,1" doraHai="11" who="1" fromWho="1" sc="336,-7,318,46,288,-7,38,-12" owari="329,13.0,364,46.0,281,-12.0,26,-47.0" />
</Scene>
</mjloggm>