<mjloggm ver="2.3"><GO type="169"/><UN n0="%E3%82%AF%E3%83%AC%E3%82%A2" n1="%E5%B2%A1%E6%9D%91" n2="%41%53%41%50%49%4E" n3="%E3%83%8F%E3%83%A1%E3%83%89%E4%BA%8C%E4%B8%96" dan="16,17,19,16" rate="2042,2093,2189,2097" sx="M,M,M,M"/><TAIKYOKU oya="0"/>

<Scene>
<INIT seed="0,0,0,1,3,48" ten="250,250,250,250" oya="0" hai0="8,78,68,71,4,3,95,129,57,26,132,96,60" hai1="36,18,49,128,92,89,130,54,70,52,84,1,20" hai2="112,5,94,2,88,105,133,115,66,51,79,107,55" hai3="56,108,65,58,114,82,90,134,33,25,44,10,81"/><T123/><D123/><U62/><E36/><V14/><F2/><W102/><G114/><T126/><D126/><U106/><E106/><V122/><F122/><W120/><G120/><T24/><D132/><U101/><E101/><V38/><F38/><W12/><G134/><T85/><D129/><N who="1" m="49771" /><E1/><V86/><F133/><W35/><G102/><T69/><D85/><U42/><E42/><V117/><F117/><W11/><G108/><T97/><D78/><U6/><E6/><V75/><F66/><W116/><G116/><T37/><D37/><U28/><E28/><V100/><F100/><W127/><G127/><T64/><REACH who="0" step="1"/><D95/><REACH who="0" ten="240,250,250,250" step="2"/><U40/><E40/><V34/><F79/><W30/><G81/><T109/><D109/><U98/><E84/><V72/><F105/><W91/><G82/><T83/><D83/><U74/><E74/><V111/><F107/><W29/><G65/><T67/><D67/><N who="1" m="41335" /><E49/><V22/><F111/><W13/><G25/><AGARI ba="0,1" hai="3,4,8,24,25,26,57,60,64,68,69,71,96,97" machi="25" ten="40,2000,0" yaku="1,1,53,0" doraHai="48" doraHaiUra="47" who="0" fromWho="3" sc="240,30,250,0,250,0,250,-20" /><AGARI ba="0,0" hai="18,20,25,52,54,89,92,98" m="41335,49771" machi="25" ten="30,7700,0" yaku="19,1,52,2,54,1" doraHai="48" who="1" fromWho="3" sc="270,0,250,77,250,0,230,-77" />
</Scene>
<Scene>
<INIT seed="0,1,0,1,0,109" ten="270,327,250,153" oya="0" hai0="128,95,19,18,59,70,64,124,31,41,104,65,13" hai1="10,66,127,23,61,71,133,94,132,115,100,114,35" hai2="82,129,90,131,134,3,57,11,111,44,121,72,25" hai3="130,110,5,99,54,122,79,118,86,91,22,48,45"/><T62/><D104/><U34/><E127/><V80/><F121/><W108/><G122/><T81/><D124/><U4/><E23/><V92/><F111/><W76/><G118/><T84/><D128/><N who="2" m="49226" /><F72/><W8/><G130/><T29/><D41/><U85/><E85/><V107/><F107/><W14/><G110/><T88/><D70/><U119/><E94/><V103/><F103/><W32/><G32/><N who="1" m="12330" /><E100/><V98/><F134/><N who="1" m="51817" /><E119/><V102/><F25/><W0/><G99/><N who="0" m="57831" /><D65/><U77/><E77/><V43/><F57/><W52/><G54/><T28/><D13/><AGARI ba="1,0" hai="4,10,13,61,66,71,114,115" m="51817,12330" machi="13" ten="30,3900,0" yaku="20,1,52,2" doraHai="109" who="1" fromWho="0" sc="270,-42,327,42,250,0,153,0" />
</Scene>
<Scene>
<INIT seed="1,0,0,3,2,120" ten="228,369,250,153" oya="1" hai0="37,91,7,129,40,30,119,90,53,74,130,1,46" hai1="68,121,2,33,87,111,22,116,135,45,94,69,107" hai2="67,104,110,103,13,125,70,3,77,34,19,100,57" hai3="47,36,8,41,92,62,38,80,118,85,109,39,112"/><U25/><E107/><V76/><F3/><W73/><G112/><T9/><D119/><U60/><E33/><V122/><F34/><W97/><G73/><T24/><D53/><U23/><E2/><V108/><F70/><W126/><G126/><T59/><D59/><U89/><E121/><V114/><F125/><W133/><G118/><T63/><D63/><U14/><E116/><V71/><F71/><W28/><G28/><T31/><D74/><U51/><E135/><V6/><F6/><W50/><G133/><T131/><REACH who="0" step="1"/><D24/><REACH who="0" ten="218,369,250,153" step="2"/><U101/><E68/><V124/><F124/><W79/><G62/><T52/><D52/><U18/><E60/><N who="2" m="38287" /><F122/><W48/><G48/><T99/><D99/><U56/><E56/><V21/><F114/><W84/><G84/><T4/><D4/><U64/><E64/><V49/><F49/><W86/><G86/><T32/><D32/><U42/><E69/><V17/><F104/><W95/><G97/><T20/><D20/><U78/><E78/><V128/><F77/><W58/><G58/><T102/><D102/><U5/><E101/><V127/><F76/><W29/><G29/><AGARI ba="0,1" hai="1,7,9,29,30,31,37,40,46,90,91,129,130,131" machi="29" ten="40,2600,0" yaku="1,1,19,1,53,0" doraHai="120" doraHaiUra="82" who="0" fromWho="3" sc="218,36,369,0,250,0,153,-26" />
</Scene>
<Scene>
<INIT seed="2,0,0,3,5,132" ten="254,369,250,127" oya="2" hai0="74,78,38,69,76,72,106,80,108,121,52,92,3" hai1="17,63,39,65,88,55,118,42,112,21,94,126,114" hai2="97,11,100,130,41,25,91,49,47,33,10,104,36" hai3="62,57,122,83,116,30,125,45,1,0,12,133,14"/><V66/><F130/><W15/><G122/><T26/><D121/><U22/><E118/><V68/><F91/><W6/><G116/><T113/><D113/><U123/><E123/><V54/><F33/><W103/><G133/><T75/><D69/><U119/><E119/><V8/><F25/><W115/><G115/><T93/><D38/><U20/><E55/><V131/><F131/><W107/><G107/><T31/><D3/><U44/><E112/><V2/><F2/><W4/><G103/><T60/><D106/><U56/><E114/><V67/><REACH who="2" step="1"/><F68/><REACH who="2" ten="254,369,240,127" step="2"/><W86/><G0/><T5/><D26/><U85/><REACH who="1" step="1"/><E126/><REACH who="1" ten="254,359,240,127" step="2"/><V64/><F64/><W23/><G1/><T127/><D127/><U58/><E58/><AGARI ba="0,2" hai="8,10,11,36,41,47,49,54,58,66,67,97,100,104" machi="58" ten="40,2000,0" yaku="1,1,53,0" doraHai="132" doraHaiUra="35" who="2" fromWho="1" sc="254,0,359,-20,240,40,127,0" />
</Scene>
<Scene>
<INIT seed="2,1,0,4,4,121" ten="254,339,280,127" oya="2" hai0="36,37,83,119,49,25,35,112,1,66,97,64,127" hai1="58,100,39,89,7,79,63,99,52,104,118,65,91" hai2="111,98,0,18,92,16,19,44,5,105,27,108,76" hai3="40,75,30,34,120,94,17,109,28,67,114,26,86"/><V88/><F105/><W46/><G120/><T106/><D112/><U31/><E39/><V61/><F76/><W116/><G114/><T95/><D106/><U101/><E79/><V129/><F129/><W80/><G116/><T38/><D83/><U107/><E7/><V131/><F131/><W14/><G67/><T59/><D1/><U8/><E8/><V11/><F44/><W128/><G75/><T9/><D9/><U2/><E2/><V134/><F134/><W41/><G30/><T77/><D77/><U51/><E118/><V48/><F48/><W23/><G128/><T123/><D127/><U53/><E31/><V68/><F68/><W56/><G56/><T33/><D25/><U47/><E65/><V87/><F61/><W43/><G94/><T93/><D66/><U103/><E103/><V133/><F133/><W13/><G13/><T10/><D10/><U60/><E60/><V57/><F57/><W126/><G126/><T90/><D64/><U50/><E63/><V115/><F115/><W73/><G73/><T6/><D6/><U130/><E130/><V135/><F135/><W124/><G124/><T62/><D62/><U122/><E122/><V110/><F98/><AGARI ba="1,0" hai="47,50,51,52,53,58,89,91,98,99,100,101,104,107" machi="98" ten="40,2600,0" yaku="9,1,54,1" doraHai="121" who="1" fromWho="2" sc="254,0,339,29,280,-29,127,0" />
</Scene>
<Scene>
<INIT seed="3,0,0,3,5,4" ten="254,368,251,127" oya="3" hai0="131,82,118,16,26,62,114,52,21,120,10,30,115" hai1="11,125,44,75,58,13,8,36,84,53,85,98,104" hai2="129,60,93,42,69,31,54,127,110,6,63,130,7" hai3="20,64,126,19,79,95,66,27,32,40,87,83,81"/><W12/><G126/><T100/><D120/><U74/><E125/><V109/><F127/><W65/><G32/><T122/><D122/><U96/><E36/><V112/><F112/><N who="0" m="43050" /><D100/><U132/><E44/><V103/><F31/><W91/><G40/><T28/><D82/><U9/><E13/><V111/><F42/><W55/><G79/><T133/><D133/><U17/><E17/><V22/><F22/><W24/><G24/><T39/><D39/><U68/><E68/><V59/><F93/><W3/><G3/><T113/><D131/><N who="2" m="50186" /><F103/><W86/><G86/><N who="1" m="33386" /><E104/><V48/><F7/><W101/><G101/><T99/><D99/><N who="1" m="37931" /><E132/><V38/><F38/><W0/><G0/><T51/><D62/><N who="2" m="23594" /><F6/><W49/><REACH who="3" step="1"/><G27/><REACH who="3" ten="254,368,251,117" step="2"/><T105/><D113/><U124/><E124/><V46/><F69/><W106/><G106/><T70/><D70/><U88/><E88/><V80/><F80/><W119/><G119/><T123/><D118/><U102/><E102/><V57/><AGARI ba="0,1" hai="46,48,54,57,59,109,110,111" m="23594,50186" machi="57" ten="40,8000,1" yaku="14,1,19,1,34,2" doraHai="4" who="2" fromWho="2" sc="254,-20,368,-20,251,90,117,-40" />
</Scene>
<Scene>
<INIT seed="4,0,0,0,4,130" ten="234,348,341,77" oya="0" hai0="17,50,34,27,40,129,57,54,15,52,20,60,33" hai1="61,28,123,24,45,119,128,69,18,82,95,47,110" hai2="78,19,94,135,72,106,86,38,62,91,100,118,84" hai3="42,107,112,16,121,93,134,87,66,32,67,127,46"/><T108/><D129/><U73/><E128/><V122/><F122/><W58/><G107/><T56/><D108/><U21/><E123/><V90/><F38/><W6/><G32/><T77/><D77/><U11/><E110/><V133/><F19/><W97/><G112/><T12/><D34/><U39/><E95/><N who="2" m="54727" /><F62/><W22/><G121/><T124/><D124/><U53/><E119/><V44/><F44/><W116/><G116/><T0/><D0/><U63/><E69/><V7/><F7/><W65/><G6/><T31/><D40/><U83/><E73/><V85/><F118/><W98/><G127/><T115/><D115/><U8/><E39/><V113/><F85/><W59/><G134/><N who="2" m="51209" /><F113/><W48/><G87/><T3/><D3/><U96/><E47/><V51/><F51/><W79/><G79/><T117/><D117/><U1/><E45/><V111/><F111/><W105/><G105/><T64/><D64/><U10/><E61/><V49/><F49/><W4/><G4/><T55/><D55/><U37/><E53/><V25/><F25/><AGARI ba="0,0" hai="12,15,17,20,25,27,31,33,50,52,54,56,57,60" machi="25" ten="30,2900,0" yaku="7,1,54,1" doraHai="130" who="0" fromWho="2" sc="234,29,348,0,341,-29,77,0" />
</Scene>
<Scene>
<INIT seed="4,1,0,2,4,5" ten="263,348,312,77" oya="0" hai0="10,102,119,18,15,52,108,95,19,29,54,89,14" hai1="9,3,48,22,44,79,78,104,68,82,110,12,49" hai2="43,1,20,113,107,81,70,36,98,45,76,13,125" hai3="127,83,75,53,64,103,41,46,65,105,126,118,91"/><T28/><D119/><U114/><E110/><V0/><F70/><W23/><G105/><T90/><D108/><U117/><E117/><V2/><F113/><W84/><G103/><T92/><D102/><U16/><E104/><V42/><F125/><W34/><G34/><T7/><D7/><U30/><E68/><V88/><F107/><W47/><G118/><T6/><D6/><N who="1" m="3127" /><E3/><V60/><F60/><W24/><G75/><T26/><D26/><N who="1" m="14663" /><E114/><V85/><F42/><W38/><G127/><T134/><D134/><U99/><E99/><V72/><F98/><W63/><G126/><T132/><D132/><U11/><E11/><AGARI ba="1,0" hai="10,11,14,15,18,19,28,29,52,54,89,90,92,95" machi="11" ten="25,18000,2" yaku="22,2,8,1,52,2,54,1" doraHai="5" who="0" fromWho="1" sc="263,183,348,-183,312,0,77,0" />
</Scene>
<Scene>
<INIT seed="4,2,0,4,0,113" ten="446,165,312,77" oya="0" hai0="35,124,39,111,37,108,120,36,119,109,70,99,128" hai1="9,45,85,91,23,14,11,81,8,65,115,62,90" hai2="123,27,67,80,100,54,101,47,74,79,40,78,73" hai3="31,29,89,59,61,112,19,43,125,105,66,22,25"/><T57/><D35/><U126/><E115/><V16/><F123/><W4/><G112/><T17/><D120/><U107/><E107/><V5/><F67/><W122/><G125/><T98/><D124/><U118/><E126/><V132/><F132/><W127/><G105/><T21/><D70/><U46/><E118/><V129/><F129/><W87/><G122/><T24/><D128/><U95/><E23/><V133/><F133/><W71/><G127/><T110/><D110/><U88/><E14/><V116/><F5/><W104/><G104/><T114/><D114/><U102/><E102/><V82/><F54/><W72/><G72/><T75/><D75/><U0/><E0/><V96/><F116/><W94/><G4/><T3/><D3/><U131/><E131/><V13/><F96/><N who="0" m="36906" /><D57/><U64/><E95/><V97/><F97/><W58/><G43/><T55/><D55/><U18/><E18/><V84/><F84/><W26/><REACH who="3" step="1"/><G19/><REACH who="3" ten="446,165,312,67" step="2"/><T50/><D119/><U56/><REACH who="1" step="1"/><E65/><REACH who="1" ten="446,155,312,67" step="2"/><V93/><F101/><W34/><AGARI ba="2,2" hai="22,25,26,29,31,34,58,59,61,66,71,87,89,94" machi="34" ten="20,12000,2" yaku="1,1,2,1,0,1,7,1,53,2" doraHai="113" doraHaiUra="20" who="3" fromWho="3" sc="446,-62,155,-32,312,-32,67,146" />
</Scene>
<Scene>
<INIT seed="5,0,0,1,1,56" ten="384,123,280,213" oya="1" hai0="28,24,3,2,15,50,97,94,122,93,127,115,113" hai1="4,45,39,86,63,105,124,74,38,119,5,6,64" hai2="49,78,18,12,120,9,103,112,65,69,30,107,16" hai3="40,17,125,91,14,87,98,51,22,36,95,42,33"/><U21/><E119/><V131/><F120/><W89/><G125/><T118/><D118/><U130/><E74/><V7/><F131/><W55/><G33/><T129/><D129/><U117/><E130/><V23/><F112/><W92/><REACH who="3" step="1"/><G36/><REACH who="3" ten="384,123,280,203" step="2"/><T82/><D127/><U10/><E117/><V83/><F107/><W19/><G19/><T60/><D122/><U81/><E124/><V25/><F18/><W100/><G100/><T46/><D115/><U72/><E105/><V73/><F103/><W41/><G41/><T99/><D113/><U34/><E34/><V48/><REACH who="2" step="1"/><F30/><REACH who="2" ten="384,123,270,203" step="2"/><W66/><G66/><T0/><D28/><U106/><E106/><V76/><F76/><W79/><G79/><T47/><D94/><U133/><E133/><V68/><F68/><W77/><G77/><T111/><D93/><U35/><E35/><V61/><AGARI ba="0,2" hai="7,9,12,16,23,25,48,49,61,65,69,73,78,83" machi="61" ten="30,7900,0" yaku="1,1,0,1,52,1,54,1,53,0" doraHai="56" doraHaiUra="52" who="2" fromWho="2" sc="384,-20,123,-39,270,99,203,-20" />
</Scene>
<Scene>
<INIT seed="6,0,0,3,1,68" ten="364,84,369,183" oya="2" hai0="52,132,10,6,129,71,131,9,59,107,48,23,85" hai1="7,124,49,33,1,117,80,99,30,29,84,60,18" hai2="130,27,93,67,102,82,95,63,3,13,43,5,104" hai3="24,90,116,83,55,126,113,125,94,28,92,25,79"/><V120/><F120/><W14/><G116/><T118/><D118/><U22/><E117/><V121/><F121/><W119/><G119/><T77/><D71/><U109/><E109/><V39/><F3/><W21/><G113/><T115/><D115/><U72/><E72/><V16/><F130/><N who="0" m="49674" /><D107/><U89/><E124/><V47/><F82/><W65/><G65/><T78/><D132/><U97/><E60/><V91/><F5/><W66/><G66/><T34/><D34/><U0/><E0/><V61/><F27/><W31/><G14/><N who="0" m="5431" /><D10/><U86/><E86/><V58/><F63/><W76/><G55/><T45/><D85/><U74/><E74/><V41/><F41/><W19/><G19/><T4/><D4/><U15/><E33/><V103/><F104/><W123/><G123/><T11/><D11/><U112/><E112/><V12/><F12/><W54/><G54/><N who="0" m="29967" /><D23/><U32/><E1/><V128/><F128/><W81/><G90/><T106/><D106/><U134/><E7/><V51/><F51/><AGARI ba="0,0" hai="51,52,59,77,78" m="29967,5431,49674" machi="51" ten="30,2000,0" yaku="19,1,54,1" doraHai="68" who="0" fromWho="2" sc="364,20,84,0,369,-20,183,0" />
</Scene>
<Scene>
<INIT seed="7,0,0,4,0,5" ten="384,84,349,183" oya="3" hai0="3,130,122,23,57,87,86,19,58,17,85,9,6" hai1="128,46,95,38,60,30,35,0,26,92,7,103,72" hai2="18,32,115,37,80,105,15,51,13,76,97,10,34" hai3="39,129,104,90,102,134,53,117,73,55,70,22,88"/><W114/><G117/><T16/><D122/><U1/><E128/><V120/><F37/><W44/><G73/><T89/><D130/><U52/><E72/><V84/><F120/><W11/><G129/><T59/><REACH who="0" step="1"/><D89/><REACH who="0" ten="374,84,349,183" step="2"/><N who="3" m="34409" /><G70/><T67/><D67/><U91/><E103/><V8/><F115/><W99/><G134/><T43/><D43/><U31/><E31/><V47/><F105/><W116/><G116/><T68/><D68/><U74/><E74/><V77/><F97/><W109/><G114/><T4/><D4/><U75/><E75/><V106/><F106/><W107/><G107/><T119/><D119/><U25/><E25/><AGARI ba="0,1" hai="3,6,9,16,17,19,23,25,57,58,59,85,86,87" machi="25" ten="40,5200,0" yaku="1,1,52,1,54,1,53,0" doraHai="5" doraHaiUra="124" who="0" fromWho="1" sc="374,62,84,-52,349,0,183,0" owari="436,54.0,32,-47.0,349,15.0,183,-22.0" />
</Scene>
</mjloggm>