<mjloggm ver="2.3"><GO type="169" lobby="0"/><UN n0="%EF%BC%A0%E6%A3%AE" n1="%E3%81%9D%E3%82%8B%E3%81%BE%E3%81%A3%E3%81%8F" n2="%68%65%61%72%74%73%40" n3="%41%53%41%50%49%4E" dan="16,16,16,19" rate="2135.57,2034.03,2154.32,2295.07" sx="F,M,M,M"/><TAIKYOKU oya="0"/>

<Scene>
<INIT seed="0,0,0,5,2,93" ten="250,250,250,250" oya="0" hai0="73,61,106,97,0,47,107,9,45,35,46,135,23" hai1="50,112,30,122,83,16,120,65,48,57,133,1,105" hai2="104,78,121,54,34,10,108,70,63,101,7,66,88" hai3="64,109,31,118,96,42,21,99,15,32,4,131,119"/><T52/><D73/><U13/><E1/><V75/><F121/><W55/><G32/><T125/><D35/><U53/><E105/><V43/><F108/><W27/><G109/><T79/><D79/><U91/><E30/><V8/><F54/><W116/><G131/><T102/><D135/><U90/><E133/><V19/><F34/><W110/><G110/><T86/><D86/><U114/><E65/><V74/><F78/><W129/><G129/><T128/><D128/><U100/><E100/><V60/><F43/><W49/><G42/><T36/><D125/><U5/><E5/><V132/><F132/><W22/><G64/><T71/><D107/><U130/><E50/><V14/><F63/><W56/><REACH who="3" step="1"/><G21/><REACH who="3" ten="250,250,250,240" step="2"/><T72/><D23/><U51/><E130/><V68/><F66/><W89/><G89/><T81/><D9/><AGARI ba="0,1" hai="4,9,15,22,27,31,49,55,56,96,99,116,118,119" machi="9" ten="40,8000,1" yaku="1,1,52,2,53,2" doraHai="93" doraHaiUra="95" who="3" fromWho="0" sc="250,-80,250,0,250,0,240,90" />
</Scene>
<Scene>
<INIT seed="1,0,0,2,3,6" ten="170,250,250,330" oya="1" hai0="78,30,33,57,69,74,70,103,110,3,15,41,125" hai1="62,17,64,53,132,99,58,4,0,37,46,95,19" hai2="66,123,109,47,68,120,112,63,48,36,42,65,9" hai3="85,80,118,24,111,51,18,94,73,72,8,23,131"/><U16/><E132/><V127/><F9/><W106/><G106/><T84/><D74/><U107/><E107/><V2/><F2/><W101/><G111/><T1/><D110/><U124/><E124/><V56/><F109/><W91/><G131/><T52/><D125/><U98/><E0/><V43/><F127/><W10/><G118/><T40/><D103/><U55/><E4/><V61/><REACH who="2" step="1"/><F112/><REACH who="2" ten="170,250,240,330" step="2"/><W119/><G10/><T117/><D1/><U134/><E134/><V113/><F113/><W89/><G8/><T32/><D3/><U75/><E75/><V128/><F128/><W11/><G11/><T31/><D117/><U21/><E21/><V92/><F92/><W83/><G119/><T29/><D33/><U60/><E95/><V130/><F130/><W38/><G94/><T27/><D32/><U88/><E98/><V121/><F121/><W81/><G23/><T13/><D84/><U135/><E99/><V79/><F79/><W67/><G85/><T28/><D78/><U126/><E126/><V7/><F7/><W12/><G73/><T97/><D97/><U93/><E135/><V20/><F20/><W34/><G34/><T114/><D114/><U77/><E77/><V102/><F102/><W26/><G101/><T104/><D104/><U90/><E93/><V22/><F22/><W44/><G72/><T49/><D27/><U96/><E96/><V116/><F116/><W100/><G26/><T76/><D76/><U129/><E129/><V5/><F5/><W82/><N who="3" m="20480" /><DORA hai="35" /><W86/><G24/><T14/><N who="0" m="7168" /><DORA hai="54" /><T39/><D15/><RYUUKYOKU ba="0,1" sc="170,-10,250,-10,240,30,330,-10" hai2="36,42,43,47,48,56,61,63,65,66,68,120,123" />
</Scene>
<Scene>
<INIT seed="2,1,1,5,0,111" ten="160,240,270,320" oya="2" hai0="84,86,107,42,78,121,9,128,50,4,69,71,67" hai1="62,70,5,56,108,125,75,109,116,106,100,18,68" hai2="77,38,52,28,118,61,127,99,133,113,55,54,96" hai3="34,37,25,36,79,88,11,24,53,31,27,14,20"/><V45/><F118/><W81/><G53/><T92/><D121/><U66/><E116/><V63/><F133/><W112/><G112/><T89/><D107/><U7/><E75/><V15/><F113/><W93/><G81/><T23/><D128/><U124/><E18/><V2/><F2/><W131/><G79/><T119/><D119/><U26/><E26/><V16/><F127/><N who="1" m="48713" /><E100/><V117/><F117/><W12/><G131/><T73/><D73/><U65/><E106/><V40/><F28/><W58/><G58/><T98/><D23/><U115/><E115/><V13/><F77/><W17/><G24/><T57/><D69/><N who="1" m="26731" /><E66/><V39/><F39/><W134/><G134/><T129/><D71/><U104/><E104/><V97/><REACH who="2" step="1"/><F13/><REACH who="2" ten="160,240,260,320" step="2"/><W126/><G126/><T82/><D129/><U41/><E109/><V74/><F74/><W76/><G76/><T103/><D78/><U110/><E108/><V122/><F122/><W135/><G135/><T48/><D82/><U32/><E110/><V59/><F59/><W1/><G14/><T102/><D57/><U33/><E33/><V51/><F51/><W6/><REACH who="3" step="1"/><G27/><REACH who="3" ten="160,240,260,310" step="2"/><T123/><D123/><U85/><E56/><V44/><F44/><W60/><G60/><T130/><D130/><U8/><E62/><V19/><F19/><W0/><G0/><T120/><D120/><U132/><E132/><V87/><F87/><AGARI ba="1,3" hai="1,6,11,12,17,20,25,31,34,36,37,87,88,93" machi="87" ten="30,8000,1" yaku="1,1,7,1,24,2,54,1,53,0" doraHai="111" doraHaiUra="94" who="3" fromWho="2" sc="160,0,240,0,260,-83,310,113" />
</Scene>
<Scene>
<INIT seed="3,0,0,1,1,99" ten="160,240,177,423" oya="3" hai0="30,77,128,51,100,89,106,67,134,123,117,58,38" hai1="39,79,82,69,131,63,110,50,60,76,44,32,70" hai2="124,68,118,119,97,92,129,84,96,2,93,98,113" hai3="34,102,59,43,81,112,29,27,8,94,22,130,66"/><W15/><G112/><T36/><D123/><U78/><E32/><V25/><F2/><W116/><G116/><N who="2" m="44585" /><F68/><W0/><G130/><T73/><D128/><U49/><E131/><V90/><F25/><W62/><G0/><T17/><D117/><U133/><E82/><N who="2" m="49431" /><F129/><W115/><G115/><T13/><D30/><U7/><E7/><V5/><F5/><W28/><G43/><T132/><D77/><U48/><E110/><V109/><F113/><W14/><G34/><T126/><D73/><U120/><E120/><V26/><F26/><W64/><G29/><T105/><D126/><U54/><E54/><V65/><F65/><N who="3" m="39135" /><G81/><T4/><D4/><U23/><E23/><V114/><F114/><W103/><G94/><N who="2" m="36457" /><F124/><W1/><G1/><T11/><D67/><N who="3" m="25641" /><G8/><T46/><D38/><U72/><E39/><V91/><F109/><W31/><G28/><T55/><D36/><U88/><E69/><V111/><F111/><W85/><G85/><T108/><D108/><U16/><E70/><V41/><F41/><W24/><G24/><T53/><D89/><AGARI ba="0,0" hai="89,91,96,97,98" m="36457,49431,44585" machi="89" ten="40,2600,0" yaku="34,2" doraHai="99" who="2" fromWho="0" sc="160,-26,240,0,177,26,423,0" />
</Scene>
<Scene>
<INIT seed="4,0,0,4,1,50" ten="134,240,203,423" oya="0" hai0="88,63,54,129,36,16,74,115,86,30,130,92,23" hai1="10,28,126,79,41,5,118,106,29,64,111,25,127" hai2="9,68,131,105,62,93,43,102,21,15,69,91,119" hai3="73,121,45,34,59,65,133,108,47,134,37,104,42"/><T33/><D36/><U46/><E106/><V27/><F119/><W17/><G104/><T3/><D3/><N who="1" m="319" /><E118/><V7/><F131/><N who="0" m="50186" /><D74/><U32/><E64/><V122/><F122/><W22/><G73/><T109/><D109/><U20/><E111/><V95/><F43/><W67/><G34/><T12/><D115/><U120/><E79/><V132/><F132/><N who="3" m="50795" /><G108/><T72/><D72/><U48/><E120/><V114/><F114/><W60/><G47/><T14/><D33/><U116/><E116/><V112/><F112/><W81/><G81/><T87/><D30/><N who="1" m="17703" /><E32/><V71/><F105/><W26/><G121/><T124/><D124/><AGARI ba="0,0" hai="28,29,41,46,48,124,126,127" m="17703,319" machi="124" ten="30,1000,0" yaku="18,1" doraHai="50" who="1" fromWho="0" sc="134,-10,240,10,203,0,423,0" />
</Scene>
<Scene>
<INIT seed="5,0,0,1,4,97" ten="124,250,203,423" oya="1" hai0="32,126,7,107,10,54,75,119,72,12,21,133,69" hai1="91,124,73,5,37,105,87,128,48,0,27,113,1" hai2="79,59,57,46,2,40,93,131,116,82,4,18,70" hai3="55,63,58,13,134,132,65,89,30,106,68,47,76"/><U51/><E37/><V78/><F116/><W115/><G106/><T127/><D119/><U123/><E123/><V122/><F122/><W109/><G109/><T24/><D69/><U80/><E73/><V88/><F70/><W86/><G115/><T34/><D133/><N who="3" m="51305" /><G76/><T95/><D107/><U104/><E113/><V83/><F131/><W43/><G30/><T94/><D72/><U19/><E128/><V52/><F2/><W102/><G102/><T96/><D75/><U84/><E124/><V56/><F4/><W6/><G13/><T36/><D36/><U64/><E64/><V118/><F118/><W15/><G15/><T62/><D94/><U9/><E27/><V71/><F71/><W22/><G22/><T11/><D11/><U33/><E33/><V16/><F40/><W20/><G20/><T26/><D26/><U8/><E19/><N who="2" m="7211" /><F79/><W121/><G6/><T42/><D42/><U90/><E5/><V17/><F17/><W98/><G98/><T111/><D111/><U53/><E80/><V99/><F78/><W28/><G28/><T100/><D21/><U60/><E60/><V81/><F46/><W92/><G121/><T74/><D74/><U67/><E67/><V129/><F129/><W85/><G68/><T61/><D61/><AGARI ba="0,0" hai="52,56,57,59,61,81,82,83,88,93,99" m="7211" machi="61" ten="30,7700,0" yaku="8,1,54,3" doraHai="97" who="2" fromWho="0" sc="124,-77,250,0,203,77,423,0" />
</Scene>
<Scene>
<INIT seed="6,0,0,1,0,29" ten="47,250,280,423" oya="2" hai0="126,79,17,84,15,3,89,117,37,94,66,8,109" hai1="88,82,75,26,77,2,85,131,13,33,20,134,60" hai2="52,0,111,107,45,125,115,113,1,101,83,127,119" hai3="100,86,49,56,81,67,76,16,74,97,68,132,122"/><V135/><F119/><W64/><G122/><T44/><D117/><U21/><E2/><V19/><F111/><W42/><G132/><T54/><D109/><U43/><E134/><V104/><F135/><W24/><G68/><T48/><D126/><N who="2" m="48138" /><F83/><W7/><G7/><T73/><D3/><N who="2" m="1098" /><F19/><W124/><G124/><T61/><D37/><U63/><E131/><V27/><F27/><W65/><G74/><T72/><REACH who="0" step="1"/><D79/><REACH who="0" ten="37,250,280,423" step="2"/><U69/><E77/><V28/><F28/><W114/><G76/><T51/><D51/><U22/><E63/><V71/><F71/><AGARI ba="0,1" hai="8,15,17,44,48,54,61,66,71,72,73,84,89,94" machi="71" ten="30,3900,0" yaku="1,1,7,1,53,1" doraHai="29" doraHaiUra="6" who="0" fromWho="2" sc="37,49,250,0,280,-39,423,0" />
</Scene>
<Scene>
<INIT seed="7,0,0,0,1,102" ten="86,250,241,423" oya="3" hai0="34,66,89,95,43,105,49,8,104,12,86,10,126" hai1="81,94,1,7,35,32,71,22,4,132,44,9,62" hai2="30,68,117,90,93,91,69,45,57,99,108,17,119" hai3="58,128,37,53,122,59,56,42,78,47,63,85,129"/><W114/><G85/><T101/><D126/><U5/><E132/><V97/><F108/><W28/><G78/><T51/><D34/><U41/><E81/><V19/><F45/><W54/><G28/><T64/><D101/><U76/><E76/><V127/><F57/><N who="3" m="35247" /><G114/><T52/><D43/><U21/><E94/><V106/><F93/><W111/><G111/><T20/><D8/><U87/><E87/><V13/><F30/><W40/><G40/><T109/><D109/><U135/><E9/><V39/><F39/><W73/><G73/><T6/><D49/><U46/><E1/><V118/><F118/><W116/><G116/><T133/><D133/><U70/><E62/><V123/><F127/><W98/><G98/><T115/><D115/><U26/><E41/><V31/><F31/><W83/><G83/><T131/><D131/><N who="3" m="50249" /><G122/><T120/><D120/><U15/><E35/><V124/><F124/><W18/><G18/><T88/><D89/><U96/><E96/><V125/><F125/><W0/><G0/><T67/><REACH who="0" step="1"/><D20/><REACH who="0" ten="76,250,241,423" step="2"/><U60/><E32/><V134/><F123/><W112/><G112/><T23/><D23/><U107/><E22/><V65/><F134/><W121/><G121/><T113/><D113/><U79/><E21/><V80/><F119/><W24/><G24/><T38/><D38/><U130/><E130/><V55/><F117/><W92/><G42/><T11/><D11/><U33/><E26/><V50/><F50/><W29/><G37/><T100/><D100/><U3/><E3/><V14/><F90/><W110/><G110/><T48/><D48/><RYUUKYOKU ba="0,1" sc="76,30,250,-10,241,-10,423,-10" hai0="6,10,12,51,52,64,66,67,86,88,95,104,105" owari="106,-39.0,240,4.0,231,-17.0,423,52.0" />
</Scene>
</mjloggm>