<mjloggm ver="2.3"><GO type="169"/><UN n0="%E3%82%82%E3%81%A3%E3%81%97%E3%83%BC" n1="%6B%69%63%6B%63%68%69" n2="%41%53%41%50%49%4E" n3="%E3%82%A6%E3%82%A3%E3%83%89%E3%82%A5%EF%BC%A0%E9%98%AA%E7%A5%9E" dan="17,17,18,17" rate="2180,2139,2241,2157" sx="M,M,M,M"/><TAIKYOKU oya="0"/>

<Scene>
<INIT seed="0,0,0,0,2,104" ten="250,250,250,250" oya="0" hai0="103,47,110,116,67,16,15,89,87,1,111,130,33" hai1="55,108,32,115,84,85,53,20,11,36,128,123,132" hai2="42,8,37,80,25,121,64,31,113,9,109,57,22" hai3="63,69,82,60,58,131,17,101,70,49,50,88,72"/><T126/><D1/><U129/><E32/><V95/><F113/><W77/><G101/><T7/><D33/><U4/><E123/><V122/><F109/><N who="0" m="41482" /><D116/><U65/><E36/><V23/><F9/><W127/><G131/><N who="1" m="50250" /><E108/><V46/><F8/><W44/><G127/><T133/><D126/><U93/><E132/><V99/><F80/><W75/><G17/><T61/><D130/><U124/><E124/><V81/><F81/><W28/><G28/><T106/><D133/><U71/><E20/><V119/><F23/><W27/><G27/><T96/><D47/><U135/><E135/><V51/><F119/><W34/><G34/><T91/><D7/><U97/><E65/><V62/><REACH who="2" step="1"/><F37/><REACH who="2" ten="250,250,240,250" step="2"/><W68/><G82/><T30/><D30/><U5/><E115/><V107/><F107/><W2/><G2/><T78/><D78/><U52/><E71/><V18/><F18/><W48/><G77/><T112/><D112/><U13/><E5/><V86/><F86/><W26/><G26/><T24/><D87/><U59/><E59/><V74/><F74/><N who="3" m="28203" /><G58/><N who="0" m="37303" /><D24/><U45/><E45/><V66/><F66/><W10/><G10/><AGARI ba="0,1" hai="10,15,16,89,91,96,103,106" m="37303,41482" machi="10" ten="30,5800,0" yaku="14,1,10,1,54,1" doraHai="104" who="0" fromWho="3" sc="250,68,250,0,240,0,250,-58" />
</Scene>
<Scene>
<INIT seed="0,1,0,3,0,128" ten="318,250,240,192" oya="0" hai0="46,57,63,9,99,90,73,17,61,109,87,72,10" hai1="13,77,34,100,76,6,53,21,47,56,45,25,43" hai2="125,52,32,33,98,94,121,107,82,111,28,106,22" hai3="114,26,129,59,31,119,35,70,48,118,97,69,105"/><T130/><D130/><U54/><E100/><V66/><F121/><W50/><G129/><T51/><D99/><U127/><E34/><V4/><F111/><W134/><G114/><T108/><D73/><U2/><E2/><V5/><F125/><W102/><G69/><T60/><D72/><U91/><E127/><V95/><F66/><W15/><G15/><T89/><D57/><U86/><E13/><V123/><F123/><W83/><G83/><T58/><D58/><U92/><E6/><V93/><F82/><W0/><G0/><T120/><D120/><U78/><E43/><V113/><F22/><W79/><G79/><T20/><D10/><U110/><E110/><N who="0" m="42601" /><D9/><U135/><E135/><V23/><F23/><W19/><G19/><T12/><D87/><U44/><REACH who="1" step="1"/><E56/><REACH who="1" ten="318,240,240,192" step="2"/><V124/><F124/><W117/><G70/><T62/><N who="0" m="15360" /><DORA hai="42" /><T126/><D126/><U65/><E65/><V16/><F4/><W74/><G59/><T84/><D84/><U103/><E103/><V27/><F5/><W49/><REACH who="3" step="1"/><G74/><REACH who="3" ten="318,240,240,182" step="2"/><T40/><AGARI ba="1,2" hai="12,17,20,40,46,51,89,90" m="15360,42601" machi="40" ten="50,9600,0" yaku="14,1,10,1,52,1" doraHai="128,42" who="0" fromWho="0" sc="318,119,240,-33,240,-33,182,-33" />
</Scene>
<Scene>
<INIT seed="0,2,0,4,5,66" ten="437,207,207,149" oya="0" hai0="24,71,87,88,121,97,60,92,94,78,53,41,45" hai1="101,8,2,112,129,119,52,0,91,39,82,12,17" hai2="56,19,14,29,95,85,135,30,118,13,46,100,61" hai3="98,64,81,110,84,105,38,49,57,124,83,31,76"/><T48/><D121/><U23/><E39/><V75/><F75/><W28/><G38/><T10/><D24/><U18/><E119/><V40/><F135/><W26/><G124/><T74/><D74/><U4/><E112/><V27/><F118/><W103/><G110/><T127/><D127/><U55/><E129/><V120/><F120/><W58/><G64/><T73/><D73/><U79/><E101/><V69/><F69/><W62/><G62/><T21/><D21/><U16/><E91/><V80/><F95/><W37/><G37/><T99/><D10/><U50/><E2/><V109/><F100/><W122/><G122/><T22/><D22/><U51/><E79/><V70/><F70/><W20/><G83/><N who="0" m="47607" /><D71/><U90/><E90/><N who="2" m="51495" /><F109/><W116/><G116/><T63/><D41/><U9/><E82/><V11/><F14/><W32/><G32/><T77/><D77/><U72/><E72/><V104/><F104/><W134/><G134/><T123/><D123/><U42/><E42/><V128/><F27/><W44/><REACH who="3" step="1"/><G31/><REACH who="3" ten="437,207,207,139" step="2"/><T35/><D35/><U54/><REACH who="1" step="1"/><E23/><REACH who="1" ten="437,197,207,139" step="2"/><N who="2" m="11759" /><F128/><W65/><G65/><T86/><D94/><U125/><E125/><V33/><F33/><W89/><G89/><T1/><D1/><U96/><E96/><AGARI ba="2,2" hai="45,48,53,60,63,86,88,92,96,97,99" m="47607" machi="96" ten="30,2900,0" yaku="8,1,54,1" doraHai="66" who="0" fromWho="1" sc="437,55,197,-35,207,0,139,0" />
</Scene>
<Scene>
<INIT seed="0,3,0,3,2,36" ten="492,162,207,139" oya="0" hai0="49,131,74,99,10,77,76,92,69,31,134,30,132" hai1="100,23,7,48,120,67,95,83,68,88,13,71,38" hai2="70,124,28,61,43,33,118,101,47,11,111,22,104" hai3="75,19,89,65,37,91,27,55,63,80,32,46,45"/><T73/><D69/><U90/><E38/><N who="2" m="22007" /><F22/><W109/><G109/><T59/><D10/><U14/><E120/><V2/><F111/><W34/><G46/><T127/><D131/><U81/><E67/><N who="2" m="41327" /><F124/><W106/><G106/><T40/><D127/><U112/><E112/><V84/><F84/><W82/><G34/><T135/><D31/><U122/><E122/><V96/><F118/><W39/><G39/><T50/><D30/><U60/><E100/><V44/><F44/><W114/><G114/><T18/><D18/><U116/><E23/><V26/><F11/><W12/><G27/><T17/><D17/><U107/><E107/><V20/><F20/><W51/><G32/><T85/><D85/><U29/><E29/><V5/><F5/><W98/><G37/><T105/><D105/><U25/><E25/><V58/><F58/><W87/><G75/><T94/><D59/><U16/><E7/><V113/><F113/><W24/><G24/><T126/><D126/><U41/><E16/><V0/><AGARI ba="3,0" hai="0,2,26,28,33,96,101,104" m="41327,22007" machi="0" ten="30,7900,0" yaku="25,1,33,2,52,1" doraHai="36" who="2" fromWho="2" sc="492,-42,162,-23,207,88,139,-23" />
</Scene>
<Scene>
<INIT seed="1,0,0,3,4,88" ten="450,139,295,116" oya="1" hai0="117,105,10,5,4,22,89,35,125,57,108,17,113" hai1="42,114,68,39,134,62,53,118,102,44,26,72,76" hai2="73,46,119,6,54,36,71,90,27,128,84,60,120" hai3="31,47,19,69,80,93,92,40,101,79,85,112,48"/><U127/><E118/><V30/><F119/><W12/><G69/><T43/><D117/><U99/><E114/><V49/><F128/><W70/><G70/><T109/><D105/><U8/><E127/><V56/><F120/><W15/><G112/><T126/><D113/><U86/><E134/><V100/><F73/><W96/><G31/><T23/><D43/><U37/><E72/><V87/><F71/><W104/><REACH who="3" step="1"/><G12/><REACH who="3" ten="450,139,295,106" step="2"/><T129/><D129/><U107/><E68/><V67/><F30/><W58/><G58/><T18/><D57/><U123/><E123/><V116/><F56/><W78/><G78/><T61/><D126/><U51/><E76/><V3/><F116/><W2/><G2/><T130/><D130/><U41/><E39/><V135/><F3/><W45/><G45/><T74/><D125/><U32/><E37/><V38/><F46/><W111/><G111/><T11/><D109/><U64/><E44/><V55/><F38/><W106/><G106/><T81/><D108/><U98/><E107/><V13/><F13/><W82/><G82/><T9/><D81/><U29/><E29/><V66/><F36/><W50/><G50/><T122/><D122/><U95/><E51/><V25/><F49/><W63/><G63/><T65/><D61/><U59/><E62/><V33/><F60/><W16/><G16/><T94/><D18/><U28/><E59/><V7/><F66/><W14/><G14/><T110/><D65/><U1/><E28/><V132/><F67/><W24/><G24/><T77/><D110/><U20/><E64/><V75/><F27/><RYUUKYOKU ba="0,1" sc="450,-10,139,-10,295,-10,106,30" hai3="15,19,40,47,48,79,80,85,92,93,96,101,104" />
</Scene>
<Scene>
<INIT seed="2,1,1,2,3,23" ten="440,129,285,136" oya="2" hai0="81,31,39,21,68,19,40,105,78,102,128,7,72" hai1="126,10,66,132,9,89,80,85,6,8,75,119,12" hai2="131,50,79,1,90,62,113,42,110,43,36,118,98" hai3="2,17,24,96,5,112,0,108,22,73,51,67,120"/><V124/><F113/><W27/><G73/><T71/><D7/><U125/><E119/><V115/><F115/><W28/><G112/><T77/><D128/><U58/><E75/><V107/><F118/><W100/><G120/><T56/><D78/><U63/><REACH who="1" step="1"/><E132/><REACH who="1" ten="440,119,285,136" step="2"/><V15/><F131/><W26/><G108/><T69/><D72/><U45/><E45/><V53/><F110/><W83/><G67/><T49/><D71/><U37/><E37/><V44/><F44/><W87/><G28/><T54/><D31/><U18/><E18/><V86/><F36/><W103/><G51/><T123/><D69/><U94/><E94/><V106/><F50/><W95/><G103/><T133/><D102/><U116/><E116/><V121/><F106/><W76/><REACH who="3" step="1"/><G5/><REACH who="3" ten="440,119,285,126" step="2"/><T70/><D49/><U99/><E99/><V20/><F98/><W135/><G135/><T52/><D133/><U104/><E104/><V16/><F107/><W88/><G88/><T114/><D105/><U130/><E130/><V13/><F90/><W32/><G32/><T29/><D29/><U82/><E82/><V61/><F121/><W55/><G55/><T34/><D54/><U59/><E59/><V30/><F53/><W4/><G4/><T111/><D52/><U46/><E46/><V92/><F30/><W101/><G101/><T48/><D48/><U38/><E38/><V35/><F35/><W47/><G47/><T25/><D34/><U33/><E33/><V91/><F91/><W3/><AGARI ba="1,3" hai="0,2,3,17,22,24,26,27,76,83,87,95,96,100" machi="3" ten="30,8000,1" yaku="1,1,0,1,52,3,53,0" doraHai="23" doraHaiUra="11" who="3" fromWho="3" sc="440,-21,119,-21,285,-41,126,113" />
</Scene>
<Scene>
<INIT seed="3,0,0,4,5,63" ten="419,98,244,239" oya="3" hai0="129,58,71,82,27,67,111,132,90,1,36,122,33" hai1="98,78,17,26,88,93,72,21,92,4,76,127,51" hai2="73,53,6,8,3,44,102,105,0,24,31,9,75" hai3="117,23,113,43,69,7,65,18,81,74,39,130,87"/><W32/><G117/><T86/><D1/><U37/><E37/><V50/><F102/><W13/><G113/><T20/><D33/><U60/><E72/><V125/><F105/><W35/><G74/><T19/><D122/><U59/><E127/><V100/><F100/><W134/><G134/><T135/><D36/><U80/><E4/><V5/><REACH who="2" step="1"/><F125/><REACH who="2" ten="419,98,234,239" step="2"/><W121/><G121/><T109/><D135/><U49/><E92/><V12/><F12/><W66/><G69/><T123/><D71/><U89/><E89/><V46/><F46/><W79/><G130/><T16/><D129/><U48/><REACH who="1" step="1"/><E80/><REACH who="1" ten="419,88,234,239" step="2"/><V126/><F126/><W95/><G95/><T107/><D82/><U133/><E133/><V22/><AGARI ba="0,2" hai="0,3,5,6,8,9,22,24,31,44,50,53,73,75" machi="22" ten="20,5200,0" yaku="1,1,0,1,7,1,9,1,53,0" doraHai="63" doraHaiUra="38" who="2" fromWho="2" sc="419,-13,88,-13,234,72,239,-26" />
</Scene>
<Scene>
<INIT seed="4,0,0,4,2,106" ten="406,75,306,213" oya="0" hai0="99,104,71,128,82,132,38,63,97,123,12,85,95" hai1="126,94,49,103,78,64,122,98,87,62,86,77,28" hai2="120,5,8,45,20,92,37,90,13,67,118,19,73" hai3="111,109,93,25,41,66,76,113,7,88,26,17,129"/><T124/><D38/><U15/><E122/><V18/><F120/><W130/><G7/><T0/><D0/><U2/><E2/><V34/><F34/><W114/><G41/><T24/><D123/><U43/><E126/><V54/><F118/><W69/><G69/><T91/><D124/><U133/><E133/><V117/><F117/><W42/><G42/><T115/><D132/><U74/><E28/><V32/><F32/><W53/><G66/><T89/><D115/><N who="3" m="44041" /><G53/><T9/><D128/><N who="3" m="49257" /><G76/><T80/><D24/><N who="3" m="9321" /><G17/><T23/><D71/><U121/><E121/><V6/><F67/><W56/><G56/><T135/><D135/><U68/><E78/><V125/><F125/><W101/><G101/><T60/><D104/><U11/><E43/><V44/><F54/><W31/><G31/><T40/><D40/><U27/><E49/><V55/><F55/><W51/><G51/><T83/><D63/><U57/><E68/><V112/><F6/><W75/><G75/><T110/><D60/><U21/><E77/><V10/><F5/><W36/><G36/><T3/><D91/><U22/><E74/><V14/><F73/><W105/><G105/><T47/><D89/><U119/><E119/><V72/><F72/><W127/><G127/><T59/><D59/><U134/><E134/><V96/><F37/><W107/><G107/><T48/><D48/><U33/><E33/><V65/><F112/><W39/><G39/><T81/><D81/><U4/><E27/><N who="2" m="14743" /><F65/><W52/><G52/><T131/><D131/><U102/><E102/><V46/><F46/><W84/><AGARI ba="0,0" hai="84,88,93,109,111" m="9321,49257,44041" machi="84" ten="40,8000,1" yaku="5,1,15,1,19,1,54,1" doraHai="106" who="3" fromWho="3" sc="406,-40,75,-20,306,-20,213,80" />
</Scene>
<Scene>
<INIT seed="5,0,0,1,0,27" ten="366,55,286,293" oya="1" hai0="56,33,111,34,31,68,90,36,93,107,70,1,81" hai1="112,20,118,60,117,94,123,2,129,61,53,75,48" hai2="14,16,130,45,110,4,128,86,79,87,74,135,133" hai3="26,65,102,96,77,115,51,109,72,91,13,73,64"/><U37/><E75/><V84/><F4/><W28/><G109/><T43/><D107/><U76/><E2/><V125/><F110/><W92/><G115/><T58/><D1/><U124/><E76/><V42/><F74/><W6/><G73/><T12/><D111/><U66/><E37/><V63/><F63/><W89/><G72/><T59/><D81/><U46/><E123/><V35/><F35/><W0/><G0/><T71/><D12/><U40/><E112/><V106/><F106/><W103/><G77/><T69/><D71/><N who="1" m="42447" /><E94/><V8/><F125/><W22/><G51/><T134/><D134/><N who="2" m="51210" /><F79/><W88/><G103/><T18/><D18/><U3/><E3/><V32/><F32/><W120/><G120/><T80/><D80/><U83/><E83/><V57/><F57/><W15/><G6/><T11/><D36/><AGARI ba="0,0" hai="8,14,16,36,42,45,84,86,87,128,130" m="51210" machi="36" ten="30,2000,0" yaku="20,1,54,1" doraHai="27" who="2" fromWho="0" sc="366,-20,55,0,286,20,293,0" />
</Scene>
<Scene>
<INIT seed="6,0,0,0,2,28" ten="346,55,306,293" oya="2" hai0="128,109,3,49,123,35,57,17,74,21,135,16,133" hai1="18,0,120,99,79,71,88,8,134,56,32,54,44" hai2="108,68,81,107,31,95,60,14,26,73,33,85,4" hai3="90,64,78,103,27,38,45,34,22,72,37,98,104"/><V83/><F107/><W7/><G7/><T23/><D74/><U132/><E71/><V9/><F73/><W125/><G125/><T119/><D123/><U66/><E79/><V94/><F108/><W77/><G77/><T65/><D109/><U30/><E120/><V53/><F83/><W69/><G22/><T131/><D3/><U126/><E126/><V15/><F15/><W121/><G121/><T20/><D35/><U110/><E110/><V5/><F5/><W100/><G100/><T52/><D119/><U76/><E76/><V1/><F1/><W48/><G90/><T47/><D65/><U89/><E66/><V39/><F39/><W42/><G48/><T111/><D111/><U11/><E44/><V105/><F105/><W80/><G38/><T102/><D47/><U55/><E0/><V51/><F60/><N who="3" m="40071" /><G27/><N who="0" m="14727" /><D102/><U130/><E130/><N who="0" m="49705" /><D23/><U122/><E122/><V40/><F68/><W92/><G92/><T43/><D43/><U46/><E46/><V117/><F40/><W59/><G59/><T19/><D19/><U25/><E55/><V113/><F117/><W75/><G75/><T127/><D127/><U63/><E99/><V36/><F36/><W12/><G12/><AGARI ba="0,0" hai="12,17,21,49,52,57,133,135" m="49705,14727" machi="12" ten="30,3900,0" yaku="19,1,54,2" doraHai="28" who="0" fromWho="3" sc="346,39,55,0,306,0,293,-39" />
</Scene>
<Scene>
<INIT seed="7,0,0,5,2,85" ten="385,55,306,254" oya="3" hai0="49,39,122,17,101,63,81,8,96,69,58,91,97" hai1="18,21,124,22,13,48,27,118,80,15,123,68,7" hai2="41,135,5,133,113,0,53,99,64,40,23,2,89" hai3="56,106,20,31,37,1,125,116,34,45,36,55,130"/><W132/><G106/><T87/><D39/><U50/><E68/><V120/><F113/><W33/><G116/><T107/><D122/><U103/><E103/><V92/><F120/><W93/><G1/><T38/><D38/><U76/><E123/><V16/><F64/><W78/><G78/><T35/><D35/><U110/><E110/><V51/><F2/><W111/><G36/><T11/><D69/><U59/><E118/><V62/><F5/><W61/><G111/><T67/><D49/><U28/><E124/><V108/><F0/><W121/><G121/><T75/><D75/><U134/><E134/><N who="2" m="51211" /><F108/><W115/><G132/><T84/><D97/><U117/><E117/><V29/><F29/><W119/><G119/><T26/><D26/><U72/><E59/><N who="2" m="35183" /><F51/><W83/><G115/><T128/><D63/><U82/><E82/><V95/><F95/><W47/><G130/><T71/><D128/><U9/><E50/><V24/><AGARI ba="0,0" hai="16,23,24,40,41,89,92,99" m="35183,51211" machi="24" ten="30,7900,0" yaku="25,1,20,1,52,1,54,1" doraHai="85" who="2" fromWho="2" sc="385,-20,55,-20,306,79,254,-39" owari="365,17.0,35,-46.0,385,47.0,215,-18.0" />
</Scene>
</mjloggm>