<mjloggm ver="2.3"><GO type="169" lobby="0"/><UN n0="%E7%99%BD%E4%BA%95%E9%BB%92%E5%AD%90" n1="%E9%AD%94%E6%B3%95%E4%B8%AD%E5%B9%B4%E3%82%A2%E3%82%A4%E6%83%A8" n2="%53%50%49%43%41%40%58" n3="%41%53%41%50%49%4E" dan="17,16,17,18" rate="2135.03,2000.23,2163.42,2249.75" sx="F,M,M,M"/><TAIKYOKU oya="0"/>

<Scene>
<INIT seed="0,0,0,1,5,102" ten="250,250,250,250" oya="0" hai0="11,96,55,129,83,77,18,111,42,112,123,39,50" hai1="79,60,72,27,91,118,2,70,47,73,68,5,100" hai2="36,104,124,32,51,19,53,95,22,110,63,80,93" hai3="107,105,23,101,103,134,65,44,17,85,88,90,128"/><T34/><D123/><U37/><E118/><V56/><F32/><W58/><G128/><T64/><D112/><U132/><E91/><V116/><F36/><W98/><G134/><T15/><D129/><U48/><E100/><V41/><F110/><W59/><G65/><T120/><D34/><U108/><E108/><V43/><F104/><W81/><G90/><T3/><D120/><U26/><E60/><V13/><F124/><W130/><G130/><T4/><D64/><U40/><E132/><V14/><F116/><W71/><G71/><N who="1" m="27178" /><E48/><V31/><F31/><W20/><G44/><T97/><D111/><U125/><E72/><V29/><F29/><W66/><G66/><T131/><D131/><U54/><E54/><N who="2" m="34199" /><F80/><W0/><G0/><T87/><D42/><N who="2" m="15882" /><F14/><W69/><G69/><T127/><D39/><U28/><E28/><V25/><F13/><W86/><G86/><T52/><D127/><U6/><E6/><V61/><F61/><W9/><G9/><T122/><D122/><U46/><E125/><V109/><F109/><W57/><REACH who="3" step="1"/><G17/><REACH who="3" ten="250,250,250,240" step="2"/><T30/><D30/><U135/><E2/><V76/><F76/><W133/><G133/><T106/><D3/><U67/><E135/><V89/><F89/><W117/><G117/><T10/><D18/><U115/><E79/><V38/><F38/><W121/><G121/><T75/><D11/><U78/><E37/><V24/><F25/><W35/><G35/><T45/><D75/><U1/><E27/><V99/><F99/><AGARI ba="0,1" hai="20,23,57,58,59,81,85,88,98,99,101,103,105,107" machi="99" ten="40,8000,1" yaku="1,1,9,1,52,2,54,1,53,0" doraHai="102" doraHaiUra="126" who="3" fromWho="2" sc="250,0,250,0,250,-80,240,90" />
</Scene>
<Scene>
<INIT seed="1,0,0,4,3,132" ten="250,250,170,330" oya="1" hai0="6,52,74,112,29,3,47,54,89,114,23,93,94" hai1="125,42,113,87,75,85,91,109,86,39,130,71,28" hai2="80,58,48,37,18,133,55,120,67,30,117,79,100" hai3="123,8,68,106,20,61,2,66,14,78,121,69,36"/><U97/><E113/><V70/><F117/><W73/><G106/><T49/><D74/><U10/><E71/><V35/><F120/><W122/><G36/><T7/><D3/><U5/><E130/><V45/><F133/><W31/><G2/><T62/><D114/><U44/><E75/><V15/><F100/><W46/><G46/><T102/><D112/><U92/><E109/><V101/><F101/><W72/><G69/><T19/><D29/><U34/><E28/><V99/><F99/><W88/><G78/><T76/><D76/><U27/><E27/><V84/><F30/><W129/><G129/><T11/><D11/><U111/><E111/><V13/><F35/><W21/><G21/><T24/><D102/><U25/><E25/><V107/><F107/><W51/><G51/><T41/><D94/><U43/><E43/><N who="2" m="22767" /><F18/><W128/><G128/><T4/><D62/><AGARI ba="0,0" hai="13,15,48,55,58,62,67,70,79,80,84" m="22767" machi="62" ten="30,1000,0" yaku="24,1" doraHai="132" who="2" fromWho="0" sc="250,-10,250,0,170,10,330,0" />
</Scene>
<Scene>
<INIT seed="2,0,0,1,2,17" ten="240,250,180,330" oya="2" hai0="98,14,62,81,19,121,133,33,128,57,53,44,134" hai1="90,64,78,7,87,54,47,125,60,116,126,63,70" hai2="6,36,111,42,50,30,82,24,11,65,8,119,131" hai3="35,66,74,118,117,4,127,135,100,123,93,132,80"/><V48/><F119/><W45/><G35/><T89/><D121/><U95/><E116/><V76/><F131/><W37/><G123/><T10/><D128/><U43/><E7/><V51/><F65/><W21/><G66/><T25/><D44/><U92/><E78/><V1/><F11/><W52/><G4/><T106/><D106/><U28/><E28/><V34/><F111/><W114/><G114/><T58/><D58/><U68/><E54/><V120/><F120/><W110/><G110/><T112/><D112/><U109/><E109/><V113/><F113/><W0/><G0/><T122/><D122/><U12/><E12/><V56/><F56/><W26/><G127/><N who="1" m="48650" /><E95/><V5/><F5/><W18/><G37/><T49/><D49/><N who="1" m="26879" /><E60/><V13/><F13/><W102/><G93/><N who="0" m="56623" /><D81/><U38/><E38/><V59/><F59/><AGARI ba="0,0" hai="59,63,64,68,70,87,90,92" m="26879,48650" machi="59" ten="30,1000,0" yaku="18,1" doraHai="17" who="1" fromWho="2" sc="240,0,250,10,180,-10,330,0" />
</Scene>
<Scene>
<INIT seed="3,0,0,1,5,133" ten="240,260,170,330" oya="3" hai0="58,44,68,106,65,23,61,75,17,27,52,63,36" hai1="56,78,60,13,121,42,73,91,126,16,66,108,80" hai2="128,67,104,48,39,99,3,21,83,77,14,101,47" hai3="72,0,107,28,120,84,11,9,102,74,96,90,50"/><W45/><G120/><T29/><D75/><U18/><E121/><V97/><F128/><W38/><G38/><T25/><D106/><U31/><E108/><V111/><F111/><W49/><G49/><T103/><D103/><U35/><E42/><V64/><F3/><W105/><G105/><T70/><D36/><U69/><E126/><V24/><F14/><W32/><G28/><T1/><D1/><U34/><E31/><V10/><F10/><W59/><G32/><T132/><D44/><U123/><E123/><V95/><F39/><W89/><G89/><T54/><D132/><U93/><E69/><V113/><F113/><W82/><G59/><T62/><D70/><U51/><E51/><V22/><F99/><W8/><REACH who="3" step="1"/><G0/><REACH who="3" ten="240,260,170,320" step="2"/><T124/><D124/><U118/><E118/><V7/><F104/><W43/><AGARI ba="0,1" hai="8,9,11,43,45,50,72,74,82,84,90,96,102,107" machi="43" ten="30,6000,0" yaku="1,1,2,1,0,1,53,0" doraHai="133" doraHaiUra="15" who="3" fromWho="3" sc="240,-20,260,-20,170,-20,320,70" />
</Scene>
<Scene>
<INIT seed="3,1,0,3,5,106" ten="220,240,150,390" oya="3" hai0="72,11,133,39,105,56,48,119,127,46,27,66,30" hai1="102,88,18,42,78,104,49,114,120,4,6,90,21" hai2="131,116,79,121,100,101,85,24,134,40,22,34,73" hai3="77,83,81,126,61,19,80,68,94,20,87,35,9"/><W5/><G35/><T74/><D119/><U14/><E114/><V109/><F34/><W125/><G94/><T8/><D105/><U15/><E120/><V28/><F116/><W44/><G44/><T13/><D127/><N who="3" m="48649" /><G61/><T91/><D133/><U69/><E69/><V129/><F109/><W92/><G92/><T71/><D71/><U37/><E78/><V41/><F134/><W117/><G68/><T55/><D91/><N who="1" m="34859" /><E37/><V64/><F64/><W25/><G117/><T115/><D115/><U23/><E102/><V59/><F100/><W130/><G130/><T60/><D39/><U1/><E104/><V132/><F101/><W112/><G112/><T124/><D124/><U26/><E1/><AGARI ba="1,0" hai="1,5,9,19,20,25,77,80,81,83,87" m="48649" machi="1" ten="30,1500,0" yaku="18,1" doraHai="106" who="3" fromWho="1" sc="220,0,240,-18,150,0,390,18" />
</Scene>
<Scene>
<INIT seed="3,2,0,3,3,112" ten="220,222,150,408" oya="3" hai0="44,85,32,91,121,89,50,47,41,106,51,59,24" hai1="57,20,73,107,100,36,15,60,105,133,40,79,122" hai2="117,11,70,103,135,113,92,26,118,111,1,63,83" hai3="5,22,6,129,77,8,114,18,54,80,30,56,84"/><W38/><G114/><T104/><D106/><U7/><E122/><V12/><F113/><W96/><G129/><T53/><D104/><U132/><E73/><V39/><F39/><W29/><G38/><T76/><D121/><U72/><E72/><V108/><F1/><W2/><G96/><T62/><D32/><U28/><E79/><V10/><F135/><N who="1" m="51785" /><E100/><V69/><F26/><W88/><G77/><T94/><D24/><N who="1" m="16391" /><E40/><V42/><F83/><W86/><G86/><T90/><REACH who="0" step="1"/><D76/><REACH who="0" ten="210,222,150,408" step="2"/><U48/><E107/><V61/><F108/><W99/><G30/><T120/><D120/><U19/><E105/><V25/><F111/><W134/><G29/><T33/><D33/><U43/><E36/><V97/><F25/><W124/><G134/><T102/><D102/><U4/><E48/><V65/><F42/><AGARI ba="2,1" hai="41,42,44,47,50,51,53,59,62,85,89,90,91,94" machi="42" ten="30,12000,2" yaku="1,1,7,1,9,1,8,1,53,2" doraHai="112" doraHaiUra="45" who="0" fromWho="2" sc="210,136,222,0,150,-126,408,0" />
</Scene>
<Scene>
<INIT seed="4,0,0,0,0,0" ten="346,222,24,408" oya="0" hai0="8,112,70,4,50,55,39,98,57,93,105,25,83" hai1="7,22,131,40,67,52,38,3,63,33,99,37,28" hai2="34,113,119,122,14,116,121,35,80,6,5,109,68" hai3="20,32,82,1,90,132,73,104,95,92,49,102,36"/><T24/><D112/><U44/><E33/><N who="2" m="12299" /><F80/><W17/><G32/><T126/><D39/><U76/><E131/><V19/><F68/><W53/><G36/><T106/><D126/><U115/><E115/><V47/><F47/><W9/><G132/><T21/><D70/><U60/><E76/><V114/><F114/><W51/><G104/><T30/><D25/><U64/><E99/><V71/><F71/><W117/><G117/><N who="2" m="45129" /><F113/><W130/><G130/><T86/><D86/><U2/><E37/><V91/><F91/><W41/><G73/><T74/><D83/><U29/><E38/><V54/><F54/><W125/><G125/><T111/><D74/><U61/><E52/><V123/><F109/><W26/><G102/><T10/><D111/><U81/><E44/><V46/><F46/><W97/><G95/><T66/><D66/><U62/><E40/><V69/><F69/><W42/><G82/><T120/><D120/><N who="2" m="30722" /><V45/><DORA hai="13" /><F45/><W133/><G42/><T72/><D72/><U18/><E81/><V96/><F96/><W59/><G41/><T79/><D79/><U94/><E94/><V103/><F103/><W77/><G77/><T101/><D106/><U129/><E129/><V128/><F128/><W15/><G97/><T27/><D105/><U56/><E64/><V88/><F88/><W12/><G90/><T75/><D75/><U23/><E67/><V127/><F127/><W135/><G92/><T85/><D85/><U48/><E56/><V124/><F124/><W108/><G108/><T89/><D101/><U65/><E65/><V16/><F14/><RYUUKYOKU ba="0,0" sc="346,-10,222,-10,24,30,408,-10" hai2="5,6,16,19" />
</Scene>
<Scene>
<INIT seed="5,1,0,1,4,67" ten="336,212,54,398" oya="1" hai0="75,70,15,62,28,84,68,55,104,57,10,72,48" hai1="100,93,36,25,40,18,11,32,133,9,98,34,63" hai2="2,19,107,42,58,51,122,124,49,96,123,85,73" hai3="23,89,6,31,50,108,3,35,88,8,71,113,37"/><U74/><E74/><V20/><F73/><W114/><G108/><T90/><D104/><U79/><E79/><V16/><F2/><W7/><G37/><T44/><D28/><U30/><E133/><V81/><F124/><W132/><G132/><T52/><D75/><U27/><E63/><V125/><F125/><W22/><G23/><T109/><D109/><U95/><E95/><V78/><F107/><W17/><G7/><T66/><D72/><U33/><E40/><V82/><F96/><W14/><G50/><T47/><D47/><U69/><E36/><V80/><F78/><W46/><G46/><T38/><D66/><U92/><E92/><V105/><F105/><W128/><G71/><T0/><D0/><U135/><E69/><V115/><F85/><W129/><G89/><T119/><D119/><U131/><E131/><N who="3" m="50250" /><G88/><T39/><D39/><U102/><E135/><V56/><F42/><W59/><G59/><N who="2" m="22569" /><F20/><W134/><G134/><T118/><D38/><U116/><E116/><V91/><F91/><W5/><G5/><T41/><D118/><U77/><E77/><V103/><F103/><W112/><G112/><T130/><D130/><U120/><E102/><V106/><F106/><W111/><G111/><T54/><D70/><U1/><E1/><V127/><F127/><W13/><G13/><T61/><D68/><U110/><E110/><V24/><F115/><W65/><G65/><T99/><D61/><U45/><E100/><V97/><F97/><W29/><G35/><T117/><D99/><U12/><E34/><V126/><F126/><W87/><G87/><RYUUKYOKU ba="1,0" sc="336,-10,212,-10,54,-10,398,30" hai3="3,6,8,14,17,22,29,31,113,114" />
</Scene>
<Scene>
<INIT seed="6,2,0,3,5,96" ten="326,202,44,428" oya="2" hai0="56,71,93,62,121,131,108,17,128,74,124,35,90" hai1="113,60,40,100,34,97,98,54,25,114,102,103,106" hai2="45,99,82,49,133,26,12,28,112,91,116,33,46" hai3="43,21,79,80,76,48,94,127,9,109,73,118,75"/><V70/><F116/><W14/><G118/><T83/><D121/><U101/><E40/><V130/><F70/><W67/><G109/><T134/><D108/><U5/><E5/><V117/><F117/><W52/><G127/><T129/><D35/><U81/><E81/><V55/><F112/><N who="1" m="43113" /><E60/><V65/><F65/><W1/><G43/><T95/><D71/><U50/><E25/><V22/><F130/><W10/><G67/><T23/><D124/><U57/><E34/><V29/><F133/><W15/><G1/><T72/><D83/><U68/><E68/><V32/><F29/><W37/><G37/><T44/><D134/><U87/><E87/><V41/><F12/><W66/><G66/><N who="0" m="39239" /><D74/><U107/><AGARI ba="2,0" hai="50,54,57,97,98,100,101,102,103,106,107" m="43113" machi="107" ten="30,8000,1" yaku="15,1,52,4" doraHai="96" who="1" fromWho="1" sc="326,-22,202,86,44,-42,428,-22" />
</Scene>
<Scene>
<INIT seed="7,0,0,5,2,127" ten="304,288,2,406" oya="3" hai0="6,19,0,81,32,120,79,8,37,16,43,33,25" hai1="80,117,57,29,69,13,24,96,95,85,45,114,53" hai2="50,62,83,129,105,26,88,11,104,111,97,20,102" hai3="133,15,124,116,2,40,66,103,35,47,70,18,64"/><W22/><G116/><T126/><D126/><U89/><E69/><V122/><F50/><W91/><G124/><T65/><D65/><U92/><E117/><V134/><F62/><W82/><G2/><T41/><D120/><U115/><E13/><V39/><F20/><W131/><G35/><T132/><D132/><U76/><E45/><V42/><F88/><W94/><G133/><T28/><D32/><U60/><REACH who="1" step="1"/><E95/><REACH who="1" ten="304,278,2,406" step="2"/><V51/><F134/><W36/><G94/><T108/><D108/><U93/><E93/><V75/><F111/><W77/><G47/><N who="0" m="23983" /><D43/><U78/><E78/><V100/><F42/><W86/><G77/><T27/><D27/><U135/><E135/><V87/><F26/><W125/><G40/><T123/><D123/><U99/><E99/><V84/><F97/><W3/><G125/><T73/><AGARI ba="0,1" hai="0,6,8,16,19,25,28,33,73,79,81" m="23983" machi="73" ten="30,2000,0" yaku="25,1,54,1" doraHai="127" who="0" fromWho="0" sc="304,30,278,-5,2,-5,406,-10" owari="334,13.0,273,-13.0,-3,-50.0,396,50.0" />
</Scene>
</mjloggm>