<mjloggm ver="2.3"><GO type="169" lobby="0"/><UN n0="%6D%65%24%6F" n1="%E3%81%BE%E3%82%86%E3%81%BE%E3%82%86%37%37" n2="%E3%83%88%E3%83%90%E3%82%BE" n3="%41%53%41%50%49%4E" dan="16,16,17,19" rate="2065,2080,2159,2215" sx="M,F,M,M"/><TAIKYOKU oya="0"/>

<Scene>
<INIT seed="0,0,0,3,4,57" ten="250,250,250,250" oya="0" hai0="22,11,30,4,84,125,129,130,62,3,111,85,70" hai1="92,106,112,114,69,72,66,16,9,127,36,32,41" hai2="135,108,15,100,47,117,118,68,35,89,25,128,5" hai3="19,122,8,23,60,77,45,61,49,75,97,131,113"/><T83/><D125/><U26/><E106/><V110/><F68/><W107/><G113/><N who="1" m="43626" /><E72/><V76/><F76/><W56/><G131/><N who="0" m="50187" /><D111/><U54/><E32/><V64/><F128/><W94/><G107/><T46/><D46/><U1/><E1/><V120/><F64/><W2/><G56/><T123/><D123/><U95/><E41/><V86/><F100/><W79/><G122/><T98/><D98/><U91/><E92/><V12/><F47/><W37/><G37/><T103/><D103/><U59/><E36/><V73/><F73/><W38/><G38/><T80/><D80/><U99/><E66/><V14/><F120/><W96/><G75/><T101/><D101/><U134/><E134/><V74/><F74/><W90/><G97/><T27/><D83/><U71/><E127/><V67/><F67/><AGARI ba="0,0" hai="3,4,11,22,27,30,62,67,70,84,85" m="50187" machi="67" ten="30,2900,0" yaku="19,1,52,1" doraHai="57" who="0" fromWho="2" sc="250,29,250,0,250,-29,250,0" />
</Scene>
<Scene>
<INIT seed="0,1,0,3,1,44" ten="279,250,221,250" oya="0" hai0="9,26,121,2,89,108,88,5,115,1,98,110,111" hai1="113,107,14,77,134,36,28,17,49,82,95,85,51" hai2="50,93,31,16,84,80,61,67,27,127,97,65,117" hai3="81,100,47,35,79,74,66,21,60,116,120,106,119"/><T129/><D121/><U25/><E107/><V57/><F127/><W63/><G120/><T126/><D115/><U43/><E36/><V103/><F117/><W42/><G35/><T91/><D126/><U101/><E43/><V124/><F124/><W12/><G63/><T13/><D129/><U69/><E69/><V4/><F4/><W58/><G100/><T72/><D72/><U40/><E40/><V20/><F65/><W73/><G106/><T54/><D98/><N who="1" m="59615" /><E134/><V132/><F132/><W112/><G74/><T53/><REACH who="0" step="1"/><D26/><REACH who="0" ten="269,250,221,250" step="2"/><U75/><E75/><V135/><F135/><W38/><G112/><T39/><D39/><U48/><E113/><V99/><F99/><W125/><G125/><T18/><D18/><U118/><E118/><V23/><F16/><W62/><G116/><T64/><D64/><U68/><E68/><V87/><F87/><W8/><G119/><T10/><D10/><N who="1" m="6359" /><E28/><V0/><F31/><W32/><G38/><T45/><D45/><U122/><E122/><V33/><F27/><AGARI ba="1,1" hai="25,27,48,49,51,77,82,85" m="6359,59615" machi="27" ten="30,7700,0" yaku="8,1,52,3" doraHai="44" who="1" fromWho="2" sc="269,0,250,90,221,-80,250,0" />
</Scene>
<Scene>
<INIT seed="1,0,0,2,2,101" ten="269,340,141,250" oya="1" hai0="69,100,111,93,62,96,118,37,9,36,72,60,10" hai1="2,35,5,48,114,57,15,8,117,120,73,82,59" hai2="43,126,63,50,17,3,105,32,77,28,11,124,22" hai3="53,83,7,119,123,40,45,33,21,38,99,12,14"/><U56/><E117/><V70/><F77/><W55/><G119/><T78/><D118/><U26/><E120/><V86/><F86/><W74/><G123/><T97/><D111/><U44/><E114/><V92/><F92/><W102/><G33/><T52/><D62/><U67/><E2/><V47/><F32/><W88/><G14/><T108/><D108/><U133/><E133/><V20/><F28/><W61/><G61/><T87/><D72/><U23/><E35/><V113/><F113/><W115/><G115/><T128/><D128/><U112/><E73/><V46/><F46/><W71/><G71/><T110/><D110/><U80/><E67/><V76/><F76/><W129/><G129/><T39/><D69/><U64/><E64/><V122/><F122/><W19/><G7/><T41/><D41/><N who="1" m="24591" /><E112/><V85/><F85/><W51/><G38/><T134/><D134/><U104/><E104/><V65/><F105/><W121/><G121/><T0/><D0/><U6/><E6/><N who="2" m="1503" /><F17/><AGARI ba="0,0" hai="5,8,15,17,23,26,56,57,59,80,82" m="24591" machi="17" ten="30,1500,0" yaku="8,1" doraHai="101" who="1" fromWho="2" sc="269,0,340,15,141,-15,250,0" />
</Scene>
<Scene>
<INIT seed="1,1,0,0,5,22" ten="269,355,126,250" oya="1" hai0="89,0,2,3,29,10,71,32,99,81,80,120,109" hai1="8,106,130,126,54,67,105,12,103,9,135,128,88" hai2="4,58,90,52,96,95,44,104,28,33,77,53,123" hai3="6,14,41,79,34,93,16,115,39,133,50,129,60"/><U98/><E106/><V21/><F123/><W119/><G115/><T97/><D120/><U25/><E9/><V107/><F33/><W70/><G39/><T100/><D71/><U35/><E67/><V40/><F4/><W47/><G34/><T87/><D109/><U26/><E35/><V132/><F132/><W102/><G133/><T74/><D10/><U30/><E30/><V38/><F77/><W45/><G6/><T66/><D66/><U59/><E135/><V108/><F108/><W55/><G129/><N who="1" m="49770" /><E88/><V76/><F76/><W5/><G5/><T134/><D134/><U117/><E117/><V37/><F37/><W46/><G119/><T56/><D56/><U62/><E126/><V72/><F72/><W15/><G79/><T73/><D81/><U65/><E65/><V111/><F111/><W69/><G70/><T83/><D83/><U85/><E85/><V131/><F131/><W64/><G93/><T116/><D116/><U42/><E42/><V121/><F121/><W24/><G102/><T110/><D110/><U49/><E62/><V84/><F84/><W118/><G118/><T61/><D61/><U23/><E23/><V127/><F127/><W82/><G82/><T114/><D114/><U101/><E101/><V91/><F91/><W43/><G41/><T86/><D86/><U20/><E20/><V48/><REACH who="2" step="1"/><F53/><REACH who="2" ten="269,355,116,250" step="2"/><W27/><G55/><T125/><D125/><U7/><AGARI ba="1,1" hai="7,8,12,25,26,49,54,59,98,103,105" m="49770" machi="7" ten="30,6000,0" yaku="19,1,52,2" doraHai="22" who="1" fromWho="1" sc="269,-21,355,73,116,-21,250,-21" />
</Scene>
<Scene>
<INIT seed="1,2,0,5,2,62" ten="248,428,95,229" oya="1" hai0="15,30,44,57,53,49,75,67,61,105,130,109,36" hai1="21,16,78,12,64,102,63,52,51,108,70,14,3" hai2="128,85,73,11,37,77,0,29,89,41,79,90,115" hai3="55,106,129,58,126,9,17,83,66,35,93,54,135"/><U122/><E3/><V110/><F29/><W13/><G106/><T120/><D105/><U104/><E122/><V125/><F110/><W117/><G35/><T133/><D75/><U97/><E108/><V124/><F128/><W6/><G129/><T42/><D30/><U38/><E78/><V69/><F69/><W98/><G135/><T99/><D99/><U81/><E81/><N who="2" m="45231" /><F79/><W96/><G126/><N who="2" m="48745" /><F115/><W91/><G117/><T31/><D130/><U74/><E74/><V46/><F85/><W101/><G6/><AGARI ba="2,0" hai="0,6,11,37,41,46,89,90" m="48745,45231" machi="6" ten="30,2000,0" yaku="25,1,18,1" doraHai="62" who="2" fromWho="3" sc="248,0,428,0,95,26,229,-26" />
</Scene>
<Scene>
<INIT seed="2,0,0,5,0,44" ten="248,428,121,203" oya="2" hai0="59,33,93,76,6,27,50,102,35,20,0,75,12" hai1="68,45,38,91,71,4,87,49,3,131,31,30,32" hai2="39,16,110,74,77,103,95,52,37,7,51,47,8" hai3="135,118,129,90,132,99,21,94,100,2,88,48,41"/><V36/><F110/><W29/><G118/><T65/><D0/><U42/><E131/><V34/><F34/><W106/><G2/><T123/><D123/><U64/><E32/><V105/><F105/><W66/><G129/><T111/><D111/><U97/><E97/><V57/><F74/><W101/><G66/><T73/><D33/><U13/><E3/><V117/><F77/><W113/><G113/><T78/><D35/><U14/><E31/><V28/><F28/><W9/><G9/><N who="0" m="4151" /><D73/><U125/><E30/><V119/><F7/><W26/><G101/><T17/><D75/><U60/><E125/><V70/><F70/><W55/><G41/><T120/><D120/><U18/><E71/><V124/><F124/><W89/><REACH who="3" step="1"/><G106/><REACH who="3" ten="248,428,121,193" step="2"/><T67/><D65/><U62/><E64/><V61/><F103/><W11/><G11/><T116/><D116/><U121/><E121/><V133/><F133/><W108/><G108/><T96/><D67/><U80/><E68/><V112/><F112/><W72/><G72/><T22/><D22/><U23/><E4/><V54/><REACH who="2" step="1"/><F95/><REACH who="2" ten="248,428,111,193" step="2"/><W130/><G130/><T115/><D115/><U5/><E5/><V104/><F104/><W86/><G86/><T58/><D93/><U1/><E87/><V109/><F109/><W128/><G128/><T10/><D102/><U114/><E114/><V69/><F69/><W53/><G53/><T25/><D96/><U63/><E1/><V126/><F126/><W79/><G79/><T81/><D76/><U134/><E134/><V107/><F107/><W127/><G127/><T15/><D78/><RYUUKYOKU ba="0,2" sc="248,-15,428,-15,111,15,193,15" hai2="8,16,36,37,39,47,51,52,54,57,61,117,119" hai3="21,26,29,48,55,88,89,90,94,99,100,132,135" />
</Scene>
<Scene>
<INIT seed="2,1,2,3,0,7" ten="233,413,126,208" oya="2" hai0="33,116,14,71,76,107,64,0,29,49,52,121,57" hai1="101,85,95,86,46,123,58,67,103,19,114,17,45" hai2="90,8,125,56,50,2,36,53,5,15,102,11,108" hai3="59,82,115,13,99,68,31,43,105,65,80,69,88"/><V78/><F36/><W84/><G115/><T1/><D121/><U37/><E114/><V124/><F108/><W109/><G109/><T92/><D107/><U4/><E4/><V117/><F117/><W129/><G129/><T128/><D128/><U18/><E123/><V97/><F90/><W75/><G43/><T27/><D116/><U23/><E23/><V134/><F134/><W38/><G38/><T87/><D71/><U66/><E37/><V111/><F78/><W6/><G31/><T9/><D64/><N who="1" m="24619" /><E58/><V118/><F118/><W48/><G75/><T96/><D87/><N who="1" m="33291" /><E95/><V24/><F24/><W35/><G35/><T110/><D76/><U47/><AGARI ba="1,2" hai="17,18,19,45,46,47,101,103" m="33291,24619" machi="47" ten="40,5200,0" yaku="28,2,8,1" doraHai="7" who="1" fromWho="1" sc="233,-14,413,75,126,-27,208,-14" />
</Scene>
<Scene>
<INIT seed="3,0,0,1,3,22" ten="219,488,99,194" oya="3" hai0="44,100,0,39,37,126,128,130,30,73,45,24,127" hai1="132,57,51,129,95,34,104,2,107,70,56,122,53" hai2="91,20,119,17,114,13,29,110,76,133,67,9,66" hai3="75,135,36,55,88,35,23,94,65,92,105,115,63"/><W106/><G115/><T58/><D100/><U103/><E122/><V26/><F114/><W19/><G35/><N who="0" m="20935" /><D58/><U10/><E70/><V101/><F119/><W78/><G36/><N who="0" m="13899" /><D73/><U15/><E132/><V8/><F133/><W12/><G135/><T131/><D0/><U113/><E129/><V40/><F40/><W109/><G109/><T16/><D16/><U69/><E69/><V48/><F110/><W125/><G125/><AGARI ba="0,0" hai="44,45,125,126,127,128,130,131" m="13899,20935" machi="125" ten="40,5200,0" yaku="18,1,19,1,52,1" doraHai="22" who="0" fromWho="3" sc="219,52,488,0,99,0,194,-52" />
</Scene>
<Scene>
<INIT seed="4,0,0,4,0,129" ten="271,488,99,142" oya="0" hai0="105,117,31,89,3,10,21,24,47,84,82,27,88" hai1="115,66,70,76,13,86,59,65,112,114,120,81,15" hai2="72,18,63,26,0,118,11,22,42,99,41,54,123" hai3="53,9,106,6,124,100,32,43,7,132,69,116,87"/><T113/><D117/><U50/><E120/><V96/><F123/><W71/><G116/><T16/><D105/><U28/><E28/><V92/><F72/><W38/><G32/><T49/><D113/><U51/><E70/><V74/><F74/><W90/><G124/><T37/><D37/><U125/><E125/><V36/><F118/><W45/><G7/><T97/><D3/><U17/><E13/><V110/><F110/><W68/><G53/><N who="0" m="29887" /><D97/><U93/><E93/><V94/><F36/><W135/><G100/><T12/><D27/><U98/><E98/><V91/><F11/><W52/><G52/><T122/><D122/><U119/><E119/><V14/><F14/><W62/><G106/><T102/><D102/><U60/><REACH who="1" step="1"/><E66/><REACH who="1" ten="271,478,99,142" step="2"/><V121/><F121/><W77/><G71/><T134/><D134/><N who="3" m="51241" /><G68/><T67/><D67/><U64/><E64/><V101/><F0/><N who="3" m="199" /><G69/><T133/><D133/><U44/><E44/><V29/><F29/><W109/><G109/><T30/><D30/><U79/><E79/><AGARI ba="0,1" hai="10,12,16,21,24,31,79,82,84,88,89" m="29887" machi="79" ten="30,5800,0" yaku="8,1,54,2" doraHai="129" who="0" fromWho="1" sc="271,68,478,-58,99,0,142,0" />
</Scene>
<Scene>
<INIT seed="4,1,0,1,3,29" ten="339,420,99,142" oya="0" hai0="11,60,75,27,113,79,45,12,78,48,81,63,85" hai1="118,47,4,41,8,100,0,133,17,64,16,88,132" hai2="32,30,43,37,15,31,25,6,2,59,121,69,24" hai3="10,14,128,49,66,77,111,101,84,91,83,125,39"/><T108/><D108/><U52/><E100/><V115/><F69/><W131/><G111/><T65/><D113/><U93/><E64/><V105/><F105/><W97/><G39/><T67/><D75/><U71/><E71/><V90/><F121/><W116/><G116/><T99/><D99/><U82/><E82/><V33/><F115/><W114/><G114/><T126/><D126/><U76/><E76/><V51/><F2/><W98/><G125/><T127/><D27/><U38/><E118/><V3/><F3/><W28/><G66/><N who="0" m="25099" /><D78/><U96/><REACH who="1" step="1"/><E52/><REACH who="1" ten="339,410,99,142" step="2"/><V7/><F90/><W106/><G91/><T129/><D127/><U55/><E55/><V134/><F134/><AGARI ba="1,1" hai="0,4,8,16,17,38,41,47,88,93,96,132,133,134" machi="134" ten="40,8000,1" yaku="1,1,20,1,54,2,53,0" doraHai="29" doraHaiUra="21" who="1" fromWho="2" sc="339,0,410,93,99,-83,142,0" />
</Scene>
<Scene>
<INIT seed="5,0,0,5,5,117" ten="339,503,16,142" oya="1" hai0="133,18,121,80,5,77,70,118,50,63,135,114,102" hai1="25,22,4,61,35,131,76,105,20,40,33,42,21" hai2="97,106,57,58,130,125,123,107,78,73,31,55,115" hai3="129,84,56,111,65,64,12,109,17,68,89,116,2"/><U10/><E105/><V86/><F73/><W67/><G2/><T52/><D118/><U62/><E76/><V96/><F31/><W94/><G116/><T27/><D5/><U14/><E131/><V103/><F55/><W98/><G129/><T51/><D102/><U95/><E95/><V90/><F130/><W39/><G39/><T44/><D114/><U19/><E35/><V16/><F78/><W122/><G122/><T91/><D91/><U113/><E113/><V23/><F115/><W120/><G120/><T43/><D27/><N who="1" m="14751" /><E33/><V92/><F125/><W48/><G68/><T66/><D18/><N who="1" m="12503" /><E21/><V9/><F9/><N who="3" m="6287" /><G111/><T53/><D80/><U79/><E79/><V47/><F47/><W8/><G8/><T11/><D11/><U26/><E26/><V34/><F34/><W15/><G15/><T127/><D77/><U24/><E24/><V93/><F123/><W59/><G109/><T100/><D100/><U132/><E132/><N who="0" m="50761" /><D121/><U87/><E87/><V83/><F107/><W85/><G85/><T71/><D127/><U74/><E74/><V6/><F6/><W81/><G84/><T0/><D0/><U126/><E126/><V28/><F28/><W13/><G81/><T38/><D70/><U134/><E134/><V7/><F7/><W45/><G13/><T29/><D29/><U108/><E108/><V104/><F104/><W46/><G94/><T49/><AGARI ba="0,0" hai="38,43,44,49,50,51,52,53,63,66,71" m="50761" machi="49" ten="30,7900,0" yaku="20,1,34,2,54,1" doraHai="117" who="0" fromWho="0" sc="339,79,503,-39,16,-20,142,-20" owari="418,22.0,464,56.0,-4,-50.0,122,-28.0" />
</Scene>
</mjloggm>