<mjloggm ver="2.3"><GO type="169" lobby="0"/><UN n0="%E3%81%99%E3%81%9F%E3%83%BC%E3%82%89%E3%81%84%E3%81%A8%E3%81%B3%E3%83%BC" n1="%41%53%41%50%49%4E" n2="%E9%9D%92%E6%9C%A8%E8%8C%82" n3="%E3%81%A1%E3%82%85%E3%82%93%E3%81%A9" dan="17,19,16,16" rate="2126.05,2252.65,2082.15,2030.42" sx="F,M,M,M"/><TAIKYOKU oya="0"/>

<Scene>
<INIT seed="0,0,0,1,2,106" ten="250,250,250,250" oya="0" hai0="126,100,54,14,119,16,80,105,120,17,111,135,109" hai1="10,47,65,11,84,23,61,1,78,92,57,74,96" hai2="132,88,133,33,108,64,39,101,91,9,18,59,123" hai3="56,12,76,99,50,79,71,117,129,32,66,48,62"/><T45/><D120/><U90/><E1/><V26/><F39/><W73/><G117/><T30/><D119/><U58/><E74/><V127/><F123/><W46/><G32/><T70/><D70/><U22/><E47/><V86/><F101/><W128/><G99/><N who="0" m="61599" /><D135/><N who="2" m="51786" /><F108/><N who="0" m="41546" /><D30/><U35/><E35/><V29/><F127/><W83/><G76/><T31/><D31/><U13/><E11/><V113/><F113/><W130/><G71/><T89/><D126/><U42/><E42/><V102/><F102/><W5/><REACH who="3" step="1"/><G46/><REACH who="3" ten="250,250,250,240" step="2"/><T118/><D118/><U131/><E78/><V104/><F104/><W68/><G68/><T94/><D80/><U21/><E58/><V7/><F59/><W15/><G15/><T24/><D24/><U69/><E69/><V112/><F112/><W116/><G116/><T114/><D114/><U63/><E57/><V121/><F121/><W4/><G4/><T87/><D14/><U115/><E13/><V19/><F64/><W97/><G97/><T95/><D95/><U107/><E92/><N who="2" m="54295" /><F91/><W2/><G2/><AGARI ba="0,1" hai="2,7,9,18,19,26,29,33" m="54295,51786" machi="2" ten="30,2000,0" yaku="20,1,54,1" doraHai="106" who="2" fromWho="3" sc="250,0,250,0,250,30,240,-20" />
</Scene>
<Scene>
<INIT seed="1,0,0,5,4,32" ten="250,250,280,220" oya="1" hai0="16,79,42,106,0,119,90,8,61,60,92,69,88" hai1="25,135,101,71,5,33,91,73,97,84,124,83,17" hai2="30,56,12,100,111,27,108,11,46,6,19,50,67" hai3="123,95,128,28,113,96,110,58,131,118,55,70,64"/><U38/><E38/><V116/><F116/><W125/><G113/><T37/><D106/><U36/><E36/><V22/><F100/><W81/><G118/><T45/><D119/><U9/><E71/><V75/><F75/><W105/><G123/><T68/><D79/><U10/><E124/><V134/><F134/><W115/><G115/><T39/><D39/><U130/><E135/><V74/><F74/><W4/><G105/><T65/><D92/><U121/><E121/><V117/><F117/><W20/><G125/><T114/><D114/><U99/><E130/><V89/><F89/><W63/><G81/><T132/><D132/><U107/><E97/><V47/><F30/><W62/><G4/><T53/><D53/><U51/><E73/><V44/><F67/><W49/><G110/><N who="2" m="42025" /><F56/><W120/><G120/><T93/><D93/><U98/><E98/><V41/><AGARI ba="0,0" hai="6,11,12,19,22,27,41,44,46,47,50" m="42025" machi="41" ten="30,1100,0" yaku="14,1" doraHai="32" who="2" fromWho="2" sc="250,-3,250,-5,280,11,220,-3" />
</Scene>
<Scene>
<INIT seed="2,0,0,0,4,92" ten="247,245,291,217" oya="2" hai0="42,106,129,28,86,85,107,75,132,104,102,103,99" hai1="126,26,1,8,4,21,93,113,115,34,125,63,54" hai2="83,67,38,2,18,39,100,134,9,52,12,101,48" hai3="31,80,128,25,53,43,96,32,116,105,65,51,41"/><V40/><F134/><W55/><G116/><T60/><D28/><U37/><E37/><V91/><F2/><W49/><G128/><T64/><D42/><U24/><E63/><V6/><F6/><W47/><G65/><T68/><D75/><U77/><E54/><V76/><F67/><W50/><G80/><T123/><D132/><U59/><E59/><V57/><F91/><W70/><G70/><T69/><D123/><U33/><E77/><V108/><F108/><W13/><G13/><T94/><D129/><U11/><E93/><V44/><REACH who="2" step="1"/><F39/><REACH who="2" ten="247,245,281,217" step="2"/><W118/><G118/><T78/><D78/><U72/><E4/><V56/><F56/><W22/><G47/><T82/><D68/><U10/><E1/><V120/><F120/><W74/><G74/><AGARI ba="0,1" hai="9,12,18,38,40,44,48,52,57,74,76,83,100,101" machi="74" ten="30,5800,0" yaku="1,1,7,1,54,1,53,0" doraHai="92" doraHaiUra="119" who="2" fromWho="3" sc="247,0,245,0,281,68,217,-58" />
</Scene>
<Scene>
<INIT seed="2,1,0,3,1,22" ten="247,245,349,159" oya="2" hai0="8,2,132,17,19,46,38,88,103,35,15,83,36" hai1="89,48,121,81,44,55,82,73,6,84,100,9,54" hai2="116,18,69,68,59,90,7,24,12,71,61,111,67" hai3="104,114,52,47,43,126,112,128,42,56,102,0,134"/><V50/><F116/><W29/><G0/><T95/><D2/><U53/><E121/><V92/><F111/><W129/><G102/><T135/><D103/><U11/><E73/><V106/><F106/><W32/><G104/><T93/><D35/><U16/><E100/><V109/><F109/><W78/><G78/><T131/><D131/><N who="3" m="50249" /><G134/><T5/><D83/><U21/><E81/><V107/><F107/><W101/><G101/><T119/><D119/><U26/><REACH who="1" step="1"/><E6/><REACH who="1" ten="247,235,349,159" step="2"/><V75/><F7/><W87/><G126/><T123/><D95/><U76/><E76/><V115/><F75/><W45/><G114/><T125/><D123/><U4/><E4/><V74/><F74/><W14/><G112/><T23/><D125/><U39/><E39/><V124/><F115/><W133/><G133/><T85/><D5/><U30/><E30/><V70/><F124/><W28/><G29/><T58/><D36/><U91/><E91/><V49/><F71/><W51/><G28/><T110/><D110/><U86/><E86/><V97/><F70/><W25/><G87/><T94/><D135/><U64/><E64/><V13/><F69/><W20/><G32/><T79/><D132/><U27/><E27/><V33/><F68/><W130/><G130/><T122/><D79/><U108/><E108/><V57/><F24/><W105/><G105/><T113/><D122/><U99/><E99/><V117/><F97/><W41/><G25/><N who="0" m="14575" /><D113/><U60/><E60/><V77/><F61/><W37/><G37/><T118/><D38/><U1/><E1/><V31/><F117/><W40/><G51/><RYUUKYOKU ba="1,1" sc="247,-10,235,30,349,-10,159,-10" hai1="9,11,16,21,26,44,48,53,54,55,82,84,89" />
</Scene>
<Scene>
<INIT seed="3,2,1,0,3,13" ten="237,265,339,149" oya="3" hai0="89,61,121,16,129,40,63,93,50,70,25,3,125" hai1="101,68,94,73,132,48,47,18,29,34,116,114,97" hai2="35,6,123,21,31,45,57,69,41,81,91,126,134" hai3="56,135,30,111,26,62,7,8,4,110,36,86,15"/><W12/><G36/><T87/><D121/><U88/><E114/><V120/><F69/><W59/><G86/><T99/><D3/><U28/><E68/><V78/><F35/><N who="3" m="20951" /><G59/><T43/><D129/><U55/><E132/><V53/><F134/><W105/><G135/><T42/><D125/><U92/><E73/><V51/><F126/><W103/><G103/><T80/><D70/><U90/><E116/><V83/><F91/><W106/><G15/><T75/><D50/><U133/><E133/><V118/><F118/><W14/><G14/><T22/><REACH who="0" step="1"/><D75/><REACH who="0" ten="227,265,339,149" step="2"/><U44/><E48/><V27/><F123/><W38/><G38/><T104/><D104/><U109/><E34/><V131/><F120/><W72/><G72/><T23/><D23/><U67/><E92/><V49/><F131/><W64/><G7/><T46/><D46/><U52/><E94/><V10/><F78/><AGARI ba="2,2" hai="16,22,25,40,42,43,61,63,78,80,87,89,93,99" machi="78" ten="40,8000,1" yaku="1,1,8,1,52,1,54,1,53,0" doraHai="13" doraHaiUra="9" who="0" fromWho="2" sc="227,106,265,0,339,-86,149,0" />
</Scene>
<Scene>
<INIT seed="4,0,0,0,5,104" ten="333,265,253,149" oya="0" hai0="124,56,89,62,134,105,87,95,109,90,3,83,92" hai1="123,111,48,68,41,99,50,22,52,118,16,12,36" hai2="126,86,33,6,93,54,80,79,67,60,97,49,112" hai3="5,76,1,78,11,43,29,59,57,70,2,74,129"/><T103/><D3/><U101/><E111/><V65/><F33/><W35/><G70/><T94/><D109/><U10/><E118/><V42/><F112/><W55/><G1/><T107/><D56/><U8/><E123/><V71/><F126/><W53/><G129/><T15/><D15/><U24/><E68/><V116/><F116/><W131/><G131/><T125/><D134/><U61/><E10/><V130/><F130/><W117/><G117/><T113/><D62/><U96/><E36/><V69/><F6/><W7/><G43/><T115/><D103/><U20/><E20/><V37/><F42/><W100/><G100/><T19/><D19/><U88/><E41/><V82/><F82/><W25/><G7/><T21/><D21/><U120/><E120/><V40/><F40/><W45/><G45/><T30/><D30/><U38/><E38/><V46/><F37/><W0/><G0/><T102/><D102/><U110/><E110/><V75/><F67/><W91/><G91/><T51/><D51/><N who="1" m="19499" /><E88/><V44/><F71/><W132/><G132/><T77/><D90/><U9/><E9/><V81/><F46/><W66/><G35/><T58/><D58/><N who="1" m="35015" /><E101/><V122/><F122/><W135/><G135/><T98/><D89/><U119/><E119/><V133/><F133/><W73/><G2/><T14/><D14/><U128/><E128/><V85/><F80/><W13/><G13/><T27/><D98/><U26/><E26/><V121/><F121/><W17/><G25/><T127/><D27/><U72/><E72/><V18/><F69/><W28/><G74/><RYUUKYOKU ba="0,0" sc="333,15,265,15,253,-15,149,-15" hai0="77,83,87,92,94,95,105,107,113,115,124,125,127" hai1="8,12,16,22,24,96,99" />
</Scene>
<Scene>
<INIT seed="4,1,0,3,2,62" ten="348,280,238,134" oya="0" hai0="14,38,35,68,96,39,108,78,102,75,29,52,76" hai1="82,43,55,49,25,22,6,54,122,15,56,121,47" hai2="51,77,59,116,66,90,92,18,115,129,132,98,111" hai3="63,23,112,67,128,109,46,135,17,97,71,45,1"/><T0/><D0/><U40/><E121/><V3/><F111/><W24/><G109/><T126/><D108/><U69/><E69/><V31/><F3/><W58/><G112/><T120/><D120/><U41/><E122/><V19/><F115/><W131/><G135/><T104/><D126/><U88/><E15/><V11/><F116/><W72/><G72/><T5/><D14/><U70/><E70/><V60/><F132/><W124/><G124/><T33/><D5/><U118/><E6/><V123/><F77/><W57/><G1/><T30/><D30/><U99/><E118/><V50/><F129/><N who="3" m="49739" /><G97/><T32/><D52/><N who="1" m="31759" /><E47/><AGARI ba="1,0" hai="17,23,24,45,46,47,57,58,63,67,71" m="49739" machi="47" ten="30,2000,0" yaku="19,1,52,1" doraHai="62" who="3" fromWho="1" sc="348,0,280,-23,238,0,134,23" />
</Scene>
<Scene>
<INIT seed="5,0,0,2,0,39" ten="348,257,238,157" oya="1" hai0="48,98,36,43,55,117,65,42,88,16,78,56,114" hai1="129,73,20,135,61,33,6,104,109,17,127,0,93" hai2="107,62,37,123,11,101,126,68,49,69,8,60,118" hai3="59,14,95,85,72,74,45,21,128,12,34,90,96"/><U84/><E73/><V106/><F123/><W122/><G34/><T79/><D117/><U81/><E104/><V5/><F118/><W108/><G122/><T97/><D114/><U4/><E33/><V10/><F37/><W18/><G108/><T113/><D113/><U53/><E109/><V92/><F126/><W89/><G128/><T13/><D36/><U1/><E127/><V103/><F5/><W26/><G45/><T102/><D102/><N who="2" m="38922" /><F49/><W75/><REACH who="3" step="1"/><G59/><REACH who="3" ten="348,257,238,147" step="2"/><T28/><D56/><N who="1" m="34959" /><E129/><V115/><F115/><W86/><G86/><T134/><D134/><U119/><E135/><V133/><F133/><W121/><G121/><T112/><D112/><U47/><E47/><V77/><F69/><W105/><G105/><T40/><D98/><U32/><E32/><V87/><F68/><W41/><G41/><T91/><D97/><U124/><E119/><V27/><F107/><W71/><G71/><T76/><D42/><U67/><E124/><V35/><F106/><W38/><G38/><T3/><D43/><U23/><E0/><V125/><F125/><W29/><G29/><T99/><D3/><U83/><E1/><V82/><F35/><W54/><G54/><T132/><D40/><U25/><E67/><V64/><F64/><W52/><G52/><T120/><D65/><U44/><E44/><V22/><F92/><AGARI ba="0,1" hai="12,14,18,21,26,72,74,75,85,89,90,92,95,96" machi="92" ten="40,1300,0" yaku="1,1,53,0" doraHai="39" doraHaiUra="111" who="3" fromWho="2" sc="348,0,257,0,238,-13,147,23" />
</Scene>
<Scene>
<INIT seed="6,0,0,2,2,73" ten="348,257,225,170" oya="2" hai0="108,70,87,55,50,28,45,27,89,19,101,117,135" hai1="85,33,31,84,53,92,34,105,68,91,5,64,39" hai2="94,109,69,59,121,37,90,110,118,63,43,102,51" hai3="107,17,113,9,65,26,79,58,81,38,10,16,120"/><V123/><F102/><W67/><G120/><T20/><D70/><U8/><E105/><V114/><F37/><W72/><G107/><T83/><D135/><U93/><E39/><V40/><F94/><W99/><G99/><T82/><D117/><U15/><E31/><V21/><F90/><W122/><G122/><N who="2" m="46601" /><F21/><W41/><G38/><T86/><D101/><U7/><E7/><V22/><F22/><W96/><G96/><T71/><D71/><U4/><E4/><V49/><F118/><W80/><G41/><N who="2" m="15945" /><F69/><W116/><G116/><T130/><D28/><U56/><E68/><V57/><F114/><W106/><G106/><T35/><D35/><U100/><E64/><N who="2" m="39023" /><F59/><W95/><G95/><T75/><D19/><U11/><E11/><V119/><F119/><W98/><G98/><T6/><D20/><U36/><E36/><V48/><AGARI ba="0,0" hai="48,49,51,109,110" m="39023,15945,46601" machi="48" ten="40,3900,0" yaku="34,2" doraHai="73" who="2" fromWho="2" sc="348,-13,257,-13,225,39,170,-13" />
</Scene>
<Scene>
<INIT seed="6,1,0,0,1,98" ten="335,244,264,157" oya="2" hai0="67,41,125,122,74,102,119,45,39,114,13,63,4" hai1="96,128,69,18,46,81,104,17,37,31,133,40,111" hai2="103,48,21,116,2,55,29,54,107,87,65,93,91" hai3="82,43,118,58,127,62,10,105,42,72,19,52,83"/><V121/><F2/><W77/><G118/><T94/><D122/><U56/><E111/><V38/><F38/><W129/><G127/><T126/><D74/><U50/><E69/><V15/><F116/><W8/><G129/><T112/><D119/><U28/><E128/><V86/><F121/><W33/><G33/><T80/><D80/><U44/><E133/><V134/><F65/><W124/><G124/><N who="0" m="47723" /><D94/><U27/><E56/><V99/><F134/><W130/><G130/><T59/><D102/><U53/><E28/><V47/><F87/><W97/><G82/><T109/><D109/><U60/><E60/><V135/><F135/><W113/><G113/><T84/><D84/><U49/><E37/><V34/><F34/><W14/><REACH who="3" step="1"/><G10/><AGARI ba="1,0" hai="4,10,13,39,41,45,59,63,67,112,114" m="47723" machi="10" ten="30,1000,0" yaku="18,1" doraHai="98" who="0" fromWho="3" sc="335,13,244,0,264,0,157,-13" />
</Scene>
<Scene>
<INIT seed="7,0,0,2,2,58" ten="348,244,264,144" oya="3" hai0="30,26,116,1,27,22,122,60,101,43,42,135,66" hai1="52,132,24,56,84,57,63,17,4,45,114,55,33" hai2="95,37,48,126,78,81,110,107,133,127,38,19,65" hai3="2,29,99,14,76,96,89,23,64,40,36,103,53"/><W120/><G120/><T21/><D1/><U85/><E114/><V54/><F107/><W97/><G2/><T72/><D72/><U51/><E132/><V108/><F65/><W10/><G76/><T0/><D0/><U73/><E73/><V109/><F133/><W67/><G103/><T118/><D135/><U75/><E75/><N who="2" m="43231" /><F95/><W3/><G3/><T61/><D101/><U12/><E4/><V86/><F86/><W79/><G79/><T121/><D66/><N who="3" m="25129" /><G36/><T113/><D30/><U62/><E24/><V82/><F82/><W125/><G125/><N who="2" m="47625" /><F19/><N who="3" m="8663" /><G40/><T49/><D49/><U5/><E5/><V90/><F90/><W15/><G53/><T117/><D117/><U44/><E33/><V124/><F124/><W69/><G69/><T115/><AGARI ba="0,0" hai="21,22,26,27,42,43,60,61,113,115,116,118,121,122" machi="115" ten="25,8000,1" yaku="0,1,22,2,52,2" doraHai="58" who="0" fromWho="0" sc="348,80,244,-20,264,-20,144,-40" owari="428,54.0,224,-18.0,244,4.0,104,-40.0" />
</Scene>
</mjloggm>