<mjloggm ver="2.3"><GO type="169"/><UN n0="%E3%83%88%E3%83%9E%E3%82%BD%E3%83%B3" n1="%41%53%41%50%49%4E" n2="%79%69%6E%6E%65%72%30%36" n3="%E3%83%A4%E3%82%AD%E3%83%B3" dan="16,18,17,17" rate="2086,2246,2120,2132" sx="M,M,M,M"/><TAIKYOKU oya="0"/>

<Scene>
<INIT seed="0,0,0,1,5,114" ten="250,250,250,250" oya="0" hai0="6,100,69,127,75,79,134,2,24,18,96,71,61" hai1="99,115,7,36,64,50,44,65,68,47,77,72,20" hai2="8,60,103,107,32,58,104,23,52,83,126,10,78" hai3="62,113,130,76,5,112,93,53,110,111,42,119,128"/><T26/><D18/><U17/><E115/><N who="3" m="44106" /><G76/><T40/><D26/><U31/><E68/><V59/><F32/><W94/><G5/><T33/><D61/><U51/><E36/><V84/><F126/><W133/><G42/><T108/><D40/><U46/><E31/><V13/><F103/><W35/><G35/><T43/><D43/><U102/><E7/><V74/><F74/><W63/><G133/><T25/><D25/><U125/><E125/><V66/><F23/><W87/><G119/><T57/><D57/><U98/><E77/><V28/><F28/><W101/><G101/><T37/><D134/><U22/><E72/><V91/><F78/><W3/><G3/><T12/><D12/><U41/><E41/><V39/><F39/><W109/><G87/><T97/><D100/><U120/><E47/><V105/><REACH who="2" step="1"/><F13/><REACH who="2" ten="250,250,240,250" step="2"/><W123/><G123/><T16/><D37/><U70/><E102/><V67/><F67/><W90/><G90/><T89/><D89/><U88/><E88/><V92/><F92/><N who="3" m="35435" /><G53/><T132/><D33/><U106/><E120/><V49/><AGARI ba="0,1" hai="8,10,49,52,58,59,60,66,83,84,91,104,105,107" machi="49" ten="30,4000,0" yaku="1,1,0,1,54,1,53,0" doraHai="114" doraHaiUra="95" who="2" fromWho="2" sc="250,-20,250,-10,240,50,250,-10" />
</Scene>
<Scene>
<INIT seed="1,0,0,4,1,25" ten="230,240,290,240" oya="1" hai0="87,86,43,124,114,65,80,66,64,55,72,100,74" hai1="57,76,99,4,107,83,93,59,34,32,41,19,111" hai2="121,118,2,104,27,103,58,116,36,5,22,47,123" hai3="128,12,73,40,29,51,13,44,102,16,18,15,17"/><U0/><E107/><V33/><F104/><W120/><G120/><T112/><D80/><U82/><E111/><V10/><F103/><W39/><G73/><T91/><D43/><U90/><E82/><V95/><F95/><W110/><G110/><T49/><D49/><U6/><E41/><V70/><F58/><W131/><G102/><T48/><D48/><U46/><E46/><V45/><F70/><W56/><G56/><T23/><D100/><U96/><E96/><V88/><F22/><W62/><G62/><T97/><D97/><U115/><E115/><V14/><F14/><W127/><G127/><T101/><D101/><U125/><E125/><V20/><F45/><W130/><REACH who="3" step="1"/><G29/><REACH who="3" ten="230,240,290,230" step="2"/><T126/><D126/><U21/><E59/><V105/><F123/><W84/><G84/><T109/><D124/><U129/><E57/><V24/><F121/><W42/><G42/><T28/><D109/><U1/><E129/><V133/><F36/><AGARI ba="0,1" hai="12,13,15,16,17,18,36,39,40,44,51,128,130,131" machi="36" ten="50,12000,2" yaku="1,1,29,2,19,1,54,1,53,2" doraHai="25" doraHaiUra="71" who="3" fromWho="2" sc="230,0,240,0,290,-120,230,130" />
</Scene>
<Scene>
<INIT seed="2,0,0,2,3,10" ten="230,240,170,360" oya="2" hai0="42,94,13,134,32,102,21,71,22,44,84,118,127" hai1="30,40,20,77,113,28,123,75,112,120,129,39,74" hai2="106,47,64,119,7,59,65,101,1,12,78,25,128" hai3="11,26,117,54,5,81,76,80,70,0,126,105,108"/><V63/><F119/><W15/><G117/><T104/><D71/><U34/><E39/><V14/><F78/><W122/><G122/><N who="1" m="46634" /><E40/><V90/><F128/><W17/><G105/><T109/><D32/><U37/><E37/><V19/><F65/><W107/><G107/><T61/><D61/><U18/><E77/><V99/><F90/><W86/><G108/><T16/><D109/><U88/><E129/><V3/><F47/><W72/><G126/><T51/><D127/><U89/><E34/><V43/><F43/><W68/><G26/><T57/><D104/><U111/><E111/><V23/><REACH who="2" step="1"/><F7/><REACH who="2" ten="230,240,160,360" step="2"/><W83/><G54/><N who="0" m="31967" /><D44/><U91/><E75/><V69/><F69/><W41/><G41/><T124/><D42/><U8/><E74/><V56/><F56/><W96/><G70/><T125/><D118/><U45/><E45/><V55/><F55/><W114/><G68/><T73/><D73/><U95/><E113/><V87/><F87/><W85/><G114/><T60/><D125/><U48/><E112/><V2/><AGARI ba="0,1" hai="1,2,3,12,14,19,23,25,59,63,64,99,101,106" machi="2" ten="30,11700,0" yaku="1,1,0,1,52,2,53,0" doraHai="10" doraHaiUra="121" who="2" fromWho="2" sc="230,-39,240,-39,160,127,360,-39" />
</Scene>
<Scene>
<INIT seed="2,1,0,5,4,101" ten="191,201,287,321" oya="2" hai0="103,95,105,82,119,100,8,16,59,25,30,62,110" hai1="77,10,116,80,48,5,21,72,104,81,20,35,42" hai2="32,79,129,90,33,120,27,126,128,19,66,132,131" hai3="93,125,114,84,28,56,87,78,26,70,117,60,97"/><V57/><F120/><W6/><G117/><T46/><D119/><U134/><E116/><V43/><F43/><W112/><G70/><T89/><D110/><U54/><E104/><V11/><F79/><W65/><G6/><T23/><D46/><U64/><E35/><V4/><F90/><W0/><G0/><T113/><D113/><N who="3" m="43625" /><G78/><T74/><D105/><U39/><E134/><V92/><F92/><W108/><G108/><T45/><D45/><N who="1" m="23775" /><E80/><V41/><F41/><W44/><G44/><T115/><D82/><U102/><E102/><V9/><F57/><W122/><G125/><T40/><D40/><U53/><E64/><V130/><F66/><W13/><G13/><T68/><D68/><U69/><E69/><V118/><F118/><W51/><G51/><T50/><D50/><U61/><E61/><V3/><F128/><W127/><G127/><T38/><D38/><U1/><E54/><V49/><F49/><W36/><G36/><T91/><D74/><U135/><E135/><V71/><F71/><W55/><G65/><N who="0" m="39135" /><D115/><U14/><E14/><N who="2" m="7647" /><F126/><W63/><G63/><T73/><D73/><U18/><E18/><V75/><F75/><W29/><G29/><T17/><D30/><U47/><AGARI ba="1,0" hai="1,5,10,20,21,47,48,53,72,77,81" m="23775" machi="47" ten="30,1100,0" yaku="25,1" doraHai="101" who="1" fromWho="1" sc="191,-4,201,14,287,-6,321,-4" />
</Scene>
<Scene>
<INIT seed="3,0,0,1,3,22" ten="187,215,281,317" oya="3" hai0="40,37,50,135,81,133,35,91,93,69,49,116,88" hai1="94,78,87,127,4,125,100,108,92,26,129,17,113" hai2="44,45,97,85,99,8,110,64,80,123,1,66,0" hai3="14,101,77,104,95,58,52,9,74,33,25,57,96"/><W132/><G132/><T109/><D69/><U112/><E4/><V130/><F110/><W7/><G74/><T21/><D35/><U5/><E5/><V89/><F130/><W67/><G77/><T38/><D21/><N who="1" m="13615" /><E108/><V103/><F99/><W54/><G104/><T114/><D93/><N who="1" m="35947" /><E100/><V36/><F36/><W107/><G107/><T128/><D109/><U115/><E129/><V39/><F39/><W75/><G75/><T29/><D29/><U46/><E46/><V90/><F90/><W106/><G106/><T61/><D128/><U76/><E87/><V6/><F0/><W118/><G118/><T72/><D72/><U63/><E63/><V121/><F97/><W119/><G119/><T30/><D30/><U53/><E53/><V82/><F103/><W27/><G33/><T65/><D61/><U13/><E13/><V62/><F82/><W51/><G67/><N who="2" m="25641" /><F62/><AGARI ba="0,0" hai="7,9,14,25,27,51,52,54,57,58,62,95,96,101" machi="62" ten="30,12000,1" yaku="7,1,8,1,52,2,54,1" doraHai="22" who="3" fromWho="2" sc="187,0,215,0,281,-120,317,120" />
</Scene>
<Scene>
<INIT seed="3,1,0,1,3,25" ten="187,215,161,437" oya="3" hai0="105,73,129,3,108,69,2,92,23,115,99,135,58" hai1="109,34,30,21,59,63,55,72,84,19,46,8,94" hai2="130,65,52,9,26,31,87,37,42,33,32,83,29" hai3="134,66,16,10,95,112,17,70,0,44,77,67,96"/><W89/><G112/><T88/><D115/><U127/><E72/><V7/><F65/><W131/><G77/><T15/><D69/><U124/><E109/><V128/><F37/><W53/><G134/><T5/><D135/><U107/><E107/><V81/><F42/><W68/><G131/><N who="2" m="50217" /><F52/><W60/><G0/><T4/><D73/><U117/><E8/><V64/><F64/><W101/><G10/><T57/><D108/><U76/><E117/><V106/><F106/><W71/><G67/><T50/><D105/><U56/><E46/><V18/><F18/><W119/><G119/><T97/><D129/><U20/><E19/><V103/><F103/><W38/><G101/><T24/><D4/><U116/><E116/><V14/><F87/><W93/><G93/><N who="0" m="56487" /><D50/><U45/><E94/><V48/><F48/><W100/><G100/><N who="0" m="60519" /><D2/><U12/><E63/><V35/><F26/><W85/><G38/><T98/><D98/><U11/><E84/><V6/><F6/><W43/><G96/><T28/><D3/><U133/><E133/><V74/><F74/><W113/><G113/><T86/><D86/><U122/><E45/><V90/><F90/><W121/><G71/><T47/><D47/><U111/><E111/><V91/><F91/><W51/><G70/><T62/><D62/><U36/><E36/><V120/><F120/><W40/><G121/><T82/><D82/><AGARI ba="1,0" hai="7,9,14,29,31,32,33,35,81,82,83" m="50217" machi="82" ten="40,5200,0" yaku="19,1,52,2" doraHai="25" who="2" fromWho="0" sc="187,-55,215,0,161,55,437,0" />
</Scene>
<Scene>
<INIT seed="4,0,0,3,1,106" ten="132,215,216,437" oya="0" hai0="62,90,1,88,105,66,75,22,42,6,111,93,99" hai1="27,41,132,120,21,49,95,133,31,91,18,59,61" hai2="85,5,127,24,96,29,87,119,8,56,35,97,15" hai3="102,107,25,104,64,80,124,12,68,114,19,46,122"/><T0/><D105/><U125/><E120/><V108/><F127/><W131/><G124/><T4/><D42/><U2/><E125/><V33/><F33/><W72/><G122/><T7/><D111/><U84/><E2/><V43/><F43/><W47/><G68/><T128/><D128/><U129/><E129/><V30/><F30/><W79/><G131/><T98/><D22/><U51/><E31/><V32/><F32/><W126/><G64/><T67/><D75/><U54/><REACH who="1" step="1"/><E41/><REACH who="1" ten="132,205,216,437" step="2"/><V103/><F108/><W89/><G126/><T9/><D0/><U101/><E101/><V118/><F103/><W73/><G102/><T57/><REACH who="0" step="1"/><D67/><REACH who="0" ten="122,205,216,437" step="2"/><U77/><E77/><V58/><F118/><W130/><G79/><T10/><D10/><U26/><E26/><V13/><F24/><W113/><G25/><T52/><D52/><U82/><E82/><V116/><F8/><N who="3" m="6535" /><G130/><T40/><D40/><U14/><E14/><V38/><F13/><W135/><G107/><T34/><D34/><U109/><E109/><V112/><F35/><W92/><G104/><T110/><D110/><U63/><E63/><V48/><F119/><W53/><G53/><T28/><D28/><U70/><E70/><V17/><F29/><W50/><G114/><T78/><D78/><U20/><E20/><V45/><F112/><W100/><G113/><T36/><D36/><U55/><E55/><V3/><F38/><W76/><G80/><T81/><D81/><U123/><E123/><V23/><F3/><W11/><G76/><T121/><D121/><U16/><E16/><V117/><F117/><RYUUKYOKU ba="0,2" sc="122,15,205,15,216,-15,437,-15" hai0="1,4,6,7,9,57,62,66,88,90,93,98,99" hai1="18,21,27,49,51,54,59,61,84,91,95,132,133" />
</Scene>
<Scene>
<INIT seed="4,1,2,4,0,124" ten="137,220,201,422" oya="0" hai0="111,85,40,62,23,102,45,19,133,98,83,64,112" hai1="26,84,75,76,87,129,90,30,9,39,63,93,22" hai2="121,3,122,47,17,5,72,126,13,134,71,12,78" hai3="43,80,55,79,59,116,89,104,37,81,32,108,18"/><T73/><D133/><U131/><E39/><V86/><F72/><W0/><G108/><T99/><D73/><U88/><E75/><V4/><F71/><W15/><G0/><T10/><D10/><U41/><E41/><V44/><F3/><W119/><G104/><T95/><D111/><U35/><E76/><V33/><F17/><W31/><G89/><T42/><D99/><U57/><E9/><V54/><F54/><W66/><G66/><T6/><D45/><U56/><E35/><V118/><F33/><W29/><G43/><T25/><D6/><U114/><E114/><V128/><F86/><W110/><G37/><T48/><D48/><U70/><E70/><V109/><F109/><W50/><G110/><T67/><D112/><U11/><E11/><V132/><F78/><W101/><G101/><T100/><D100/><U16/><E30/><V92/><F92/><W74/><G81/><T91/><D64/><U107/><E107/><V8/><F8/><W61/><G50/><T24/><REACH who="0" step="1"/><D25/><REACH who="0" ten="127,220,201,422" step="2"/><U58/><REACH who="1" step="1"/><E63/><REACH who="1" ten="127,210,201,422" step="2"/><V106/><F134/><W94/><G61/><T69/><AGARI ba="1,4" hai="19,23,24,40,42,62,67,69,83,85,91,95,98,102" machi="69" ten="20,12000,1" yaku="1,1,2,1,0,1,7,1,53,1" doraHai="124" doraHaiUra="14" who="0" fromWho="0" sc="127,163,210,-41,201,-41,422,-41" />
</Scene>
<Scene>
<INIT seed="4,2,0,2,3,21" ten="290,169,160,381" oya="0" hai0="90,18,76,113,12,96,31,44,27,77,98,110,86" hai1="79,125,84,107,30,103,34,75,99,122,43,8,88" hai2="106,46,64,116,65,59,91,7,92,48,5,36,129" hai3="73,119,9,120,39,67,118,87,37,85,49,53,10"/><T52/><D110/><U61/><E122/><V105/><F36/><W33/><G73/><T134/><D134/><U56/><E125/><V78/><F78/><N who="0" m="30314" /><D31/><U72/><E79/><V133/><F133/><W13/><G67/><T58/><D44/><U50/><E8/><V16/><F116/><W25/><G120/><T23/><D12/><U81/><E50/><V104/><F129/><W74/><G74/><T41/><D41/><U69/><E69/><V60/><F64/><W123/><G123/><T32/><D32/><U131/><E43/><V97/><REACH who="2" step="1"/><F16/><REACH who="2" ten="290,169,150,381" step="2"/><W6/><G39/><T71/><D71/><U121/><E131/><V3/><F3/><W40/><G37/><T114/><D114/><U82/><E121/><V24/><F24/><W42/><G25/><T0/><D0/><U66/><E72/><V14/><F14/><W29/><G13/><T93/><D113/><U95/><E75/><V15/><F15/><W38/><G38/><T101/><D101/><U89/><E89/><V112/><F112/><W20/><G6/><T19/><D19/><U117/><E117/><V94/><F94/><W80/><G118/><T127/><D127/><U102/><E102/><V115/><F115/><W55/><G119/><T126/><D126/><U132/><E132/><V83/><F83/><W135/><G80/><T68/><D68/><U47/><E82/><V26/><F26/><W54/><G135/><T22/><D22/><U17/><E17/><V62/><F62/><AGARI ba="2,1" hai="18,23,27,52,58,62,86,90,93,96,98" m="30314" machi="62" ten="30,5800,0" yaku="8,1,52,1,54,1" doraHai="21" who="0" fromWho="2" sc="290,74,169,0,150,-64,381,0" />
</Scene>
<Scene>
<INIT seed="4,3,0,0,2,106" ten="364,169,86,381" oya="0" hai0="108,14,43,77,97,15,35,87,121,115,20,27,72" hai1="94,73,90,55,54,100,30,56,37,42,65,59,82" hai2="63,8,58,22,123,60,6,51,93,95,19,16,128" hai3="1,120,34,84,113,126,68,50,102,110,12,111,9"/><T47/><D121/><U130/><E130/><V89/><F128/><W112/><G68/><T11/><D35/><U67/><E100/><V26/><F123/><W64/><G120/><T85/><D108/><U109/><E109/><V62/><F19/><W96/><G64/><T74/><D97/><U52/><E30/><V92/><F51/><W124/><G34/><T13/><D11/><U119/><E119/><V33/><F33/><W0/><G84/><T45/><D115/><N who="3" m="44105" /><G50/><T48/><D47/><U29/><E29/><V31/><F31/><W46/><G46/><T57/><D57/><U86/><E42/><V127/><F127/><N who="3" m="48683" /><G111/><T118/><D118/><U3/><E3/><V40/><F40/><W36/><G36/><T49/><D49/><U32/><E37/><V28/><F28/><W61/><G61/><T107/><D87/><U21/><E21/><V75/><F75/><W44/><G44/><T2/><D74/><U53/><E32/><V133/><F133/><W70/><G70/><T91/><D72/><U132/><E132/><V116/><F116/><W105/><G110/><T69/><D69/><U83/><E56/><V134/><F134/><W114/><G114/><T103/><D43/><U10/><E73/><V25/><F25/><W18/><AGARI ba="3,0" hai="0,1,9,12,18,96,102,105" m="48683,44105" machi="18" ten="30,2000,0" yaku="15,1,18,1" doraHai="106" who="3" fromWho="3" sc="364,-13,169,-8,86,-8,381,29" />
</Scene>
<Scene>
<INIT seed="5,0,0,5,3,135" ten="351,161,78,410" oya="1" hai0="37,6,80,22,90,110,47,4,84,95,28,27,30" hai1="101,125,11,73,65,132,133,25,113,2,104,50,32" hai2="20,116,78,62,70,121,44,23,131,97,24,55,88" hai3="74,119,75,9,61,130,19,7,0,103,12,76,40"/><U108/><E73/><V36/><F121/><W118/><G103/><T17/><D110/><U134/><E108/><V120/><F116/><N who="3" m="44587" /><G130/><T99/><D47/><U54/><E113/><V18/><F120/><W82/><G61/><T92/><D37/><U48/><E65/><V114/><F114/><W68/><G68/><T60/><D60/><U39/><E39/><V66/><F131/><W63/><G63/><T112/><D95/><U42/><E42/><V126/><F78/><W8/><G40/><T58/><D58/><U115/><E115/><V96/><F23/><W81/><G81/><T94/><D94/><U38/><E38/><V52/><F97/><W46/><G46/><T111/><D111/><U102/><E48/><V71/><F71/><W16/><G19/><T14/><D112/><U34/><E102/><V107/><F107/><W31/><G31/><T127/><D30/><N who="1" m="19535" /><E101/><V72/><F72/><AGARI ba="0,0" hai="0,7,8,9,12,16,72,74,75,76,82" m="44587" machi="72" ten="30,2000,0" yaku="12,1,54,1" doraHai="135" who="3" fromWho="2" sc="351,0,161,0,78,-20,410,20" />
</Scene>
<Scene>
<INIT seed="6,0,0,1,1,128" ten="351,161,58,430" oya="2" hai0="65,48,4,33,58,110,79,52,104,3,119,72,133" hai1="49,24,80,5,39,135,19,115,38,1,101,114,28" hai2="37,118,67,99,82,26,9,64,132,11,120,89,14" hai3="18,29,113,92,108,112,25,107,88,41,43,102,123"/><V55/><F120/><W130/><G123/><T81/><D110/><U21/><E135/><V83/><F118/><W61/><G108/><T96/><D119/><U44/><E101/><V100/><F37/><W77/><G77/><T98/><D33/><U87/><E28/><V17/><F132/><W7/><G130/><T127/><D127/><U62/><E62/><V109/><F109/><W85/><G7/><T16/><D133/><U94/><E94/><N who="2" m="58487" /><F55/><W90/><G18/><T75/><D65/><N who="2" m="25162" /><F26/><W131/><G131/><T93/><D104/><U103/><E103/><V51/><F51/><W32/><G102/><T23/><D75/><U66/><E66/><V53/><F53/><W125/><G125/><T8/><REACH who="0" step="1"/><D93/><REACH who="0" ten="341,161,58,430" step="2"/><U54/><E114/><V74/><F74/><W71/><G107/><T97/><D97/><U121/><E115/><V10/><F82/><N who="3" m="49207" /><G112/><T40/><D40/><U42/><E121/><V126/><F126/><W68/><G113/><T13/><AGARI ba="0,1" hai="3,4,8,13,16,23,48,52,58,72,79,81,96,98" machi="13" ten="20,8000,1" yaku="1,1,0,1,7,1,54,2,53,0" doraHai="128" doraHaiUra="60" who="0" fromWho="0" sc="341,90,161,-20,58,-40,430,-20" />
</Scene>
<Scene>
<INIT seed="7,0,0,5,0,78" ten="431,141,18,410" oya="3" hai0="45,68,40,25,46,85,53,94,57,0,63,4,107" hai1="88,27,86,48,28,83,18,33,109,98,56,100,95" hai2="36,110,10,6,84,8,124,23,113,2,67,89,60" hai3="96,81,1,35,75,77,97,51,61,129,74,21,99"/><W102/><G35/><T73/><D107/><U133/><E109/><V69/><F110/><W15/><G1/><T126/><D73/><U76/><E133/><V24/><F36/><W54/><G75/><T130/><D25/><U13/><E56/><V55/><F124/><W118/><G118/><T122/><D122/><U132/><E132/><V101/><F101/><W125/><G61/><T30/><D30/><U41/><E48/><V31/><F113/><W17/><G129/><T92/><D126/><U16/><E41/><V115/><F115/><W37/><G37/><N who="0" m="21647" /><D46/><U43/><E43/><V79/><F79/><W19/><G125/><T87/><D94/><U112/><E112/><V105/><F105/><W9/><G102/><T128/><D92/><U104/><E13/><V29/><F10/><W34/><G34/><T12/><D12/><U52/><E52/><V117/><F55/><W131/><G131/><N who="0" m="50219" /><D68/><U119/><E119/><V47/><F117/><W103/><G103/><T106/><D106/><U91/><E91/><V71/><F47/><W11/><REACH who="3" step="1"/><G19/><REACH who="3" ten="431,141,18,400" step="2"/><T66/><D66/><U44/><E44/><AGARI ba="0,1" hai="9,11,15,17,21,44,51,54,74,77,81,96,97,99" machi="44" ten="40,7700,0" yaku="1,1,2,1,52,1,53,0" doraHai="78" doraHaiUra="114" who="3" fromWho="1" sc="431,0,141,-77,18,0,400,87" owari="431,23.0,64,-34.0,18,-48.0,487,59.0" />
</Scene>
</mjloggm>