<mjloggm ver="2.3"><GO type="169" lobby="0"/><UN n0="%E5%94%90%E6%8F%9A%E5%A4%A7%E5%A5%BD%E3%81%8D" n1="%E8%99%8E%E7%8D%85%E3%81%8F%E3%82%93" n2="%74%61%63%6F%73" n3="%41%53%41%50%49%4E" dan="17,16,17,18" rate="2253.46,2118.77,2121.61,2258.33" sx="M,M,M,M"/><TAIKYOKU oya="0"/>

<Scene>
<INIT seed="0,0,0,3,1,36" ten="250,250,250,250" oya="0" hai0="59,95,1,19,66,87,2,110,89,128,18,83,11" hai1="101,48,45,37,27,42,49,131,109,23,105,104,55" hai2="124,57,121,107,61,29,99,120,79,82,74,113,53" hai3="69,7,96,90,132,85,65,30,100,129,70,4,50"/><T56/><D128/><U93/><E109/><V63/><F113/><W62/><G129/><T112/><D112/><U73/><E73/><V118/><F118/><W0/><G132/><T127/><D127/><U75/><E75/><V40/><F124/><W114/><G114/><T25/><D110/><U91/><E101/><V12/><F29/><W22/><G70/><T33/><D33/><U5/><E5/><V97/><F61/><W123/><G123/><T35/><D35/><U44/><E37/><V24/><F24/><W31/><G0/><T81/><D1/><U86/><REACH who="1" step="1"/><E131/><REACH who="1" ten="250,240,250,250" step="2"/><V68/><F74/><W122/><G7/><T15/><D2/><U78/><E78/><V3/><F79/><W102/><G4/><T77/><D77/><U72/><E72/><V115/><F115/><W60/><G100/><T20/><D66/><U47/><E47/><V13/><F120/><W58/><G102/><T135/><D135/><U26/><E26/><V16/><F121/><W130/><G65/><T134/><D134/><U80/><E80/><AGARI ba="0,1" hai="11,15,18,19,20,25,56,59,80,81,83,87,89,95" machi="80" ten="40,2000,0" yaku="8,1" doraHai="36" who="0" fromWho="1" sc="250,30,240,-20,250,0,250,0" />
</Scene>
<Scene>
<INIT seed="0,1,0,0,5,3" ten="280,220,250,250" oya="0" hai0="40,91,119,57,62,133,105,127,15,7,47,114,121" hai1="112,122,85,93,74,53,72,81,113,131,14,61,130" hai2="111,79,51,134,39,100,132,125,34,99,12,23,59" hai3="52,103,84,110,80,115,66,89,64,37,73,18,63"/><T82/><D105/><U44/><E122/><V32/><F39/><W129/><G115/><N who="1" m="44106" /><E14/><V35/><F111/><W26/><G37/><T92/><D114/><U29/><E29/><V1/><F1/><W123/><G110/><T94/><D121/><U49/><E61/><V9/><F79/><W88/><G123/><T50/><D119/><U13/><E13/><V21/><F125/><W24/><G129/><N who="1" m="49162" /><E93/><N who="2" m="58479" /><F51/><W54/><G63/><T77/><D127/><U108/><E108/><V83/><F83/><W104/><G80/><T97/><D133/><N who="2" m="51306" /><F59/><W101/><G104/><T31/><D31/><U87/><E87/><V70/><F70/><W76/><G84/><N who="0" m="48207" /><D92/><U106/><E106/><V30/><F30/><W86/><G86/><T78/><D78/><AGARI ba="1,0" hai="44,49,53,72,74,78,81,85" m="49162,44106" machi="78" ten="30,2000,0" yaku="11,1,19,1" doraHai="3" who="1" fromWho="0" sc="280,-23,220,23,250,0,250,0" />
</Scene>
<Scene>
<INIT seed="1,0,0,1,4,77" ten="257,243,250,250" oya="1" hai0="35,70,20,113,116,25,21,96,2,33,10,57,16" hai1="88,45,7,131,99,53,58,135,60,50,127,22,120" hai2="124,0,91,117,37,8,69,105,132,54,82,134,128" hai3="98,26,32,56,100,103,94,129,18,40,68,75,65"/><U48/><E120/><V11/><F69/><W34/><G68/><T61/><D70/><U95/><E127/><V126/><F117/><W97/><G129/><T19/><D116/><U83/><E131/><V31/><F128/><W64/><G75/><T59/><D113/><U6/><E135/><N who="2" m="51755" /><F105/><W29/><G32/><T23/><D96/><U121/><E121/><V112/><F37/><W41/><G18/><T52/><D21/><U17/><E50/><V133/><F112/><W3/><G3/><T106/><D106/><U14/><REACH who="1" step="1"/><E83/><REACH who="1" ten="257,233,250,250" step="2"/><V51/><F133/><W36/><G36/><T46/><D46/><U15/><E15/><V101/><F124/><W80/><G80/><T44/><D44/><U79/><E79/><V24/><F126/><W42/><REACH who="3" step="1"/><G56/><REACH who="3" ten="257,233,250,240" step="2"/><T114/><D59/><U47/><E47/><V111/><F82/><W122/><G122/><T9/><D2/><U4/><E4/><V107/><F0/><W71/><G71/><T87/><D114/><U93/><E93/><AGARI ba="0,2" hai="26,29,34,40,41,42,64,65,93,94,97,98,100,103" machi="93" ten="40,2600,0" yaku="1,1,9,1,53,0" doraHai="77" doraHaiUra="123" who="3" fromWho="1" sc="257,0,233,-26,250,0,240,46" />
</Scene>
<Scene>
<INIT seed="2,0,0,1,5,8" ten="257,207,250,286" oya="2" hai0="44,110,65,23,7,70,88,109,76,83,63,34,50" hai1="12,55,98,86,113,105,42,9,54,135,35,96,24" hai2="14,107,60,3,89,117,104,134,133,90,123,101,22" hai3="77,112,28,27,106,119,38,84,30,129,15,103,97"/><V43/><F123/><W68/><G119/><T53/><D34/><U131/><E113/><V124/><F117/><W29/><G112/><T1/><D23/><U36/><E131/><V80/><F3/><W120/><G120/><T102/><D102/><U126/><E126/><V13/><F124/><W58/><G68/><T85/><REACH who="0" step="1"/><D76/><REACH who="0" ten="247,207,250,286" step="2"/><U118/><E118/><V0/><F101/><W56/><G77/><T18/><D18/><U40/><E135/><V122/><F22/><W59/><G30/><T10/><AGARI ba="0,1" hai="1,7,10,44,50,53,63,65,70,83,85,88,109,110" machi="10" ten="30,7900,0" yaku="1,1,0,1,54,1,53,1" doraHai="8" doraHaiUra="33" who="0" fromWho="0" sc="247,89,207,-20,250,-39,286,-20" />
</Scene>
<Scene>
<INIT seed="3,0,0,4,3,67" ten="336,187,211,266" oya="3" hai0="36,48,43,39,52,119,40,118,33,111,120,26,123" hai1="44,31,74,21,91,93,135,122,79,83,98,68,22" hai2="25,66,110,121,114,20,96,97,124,126,81,59,89" hai3="32,64,76,71,57,63,34,127,8,85,117,62,55"/><W125/><G117/><N who="0" m="44555" /><D33/><U128/><E122/><N who="0" m="46633" /><D26/><U73/><E128/><V56/><F114/><W101/><G101/><T112/><D112/><U130/><E135/><V30/><F110/><W7/><G85/><T72/><D72/><U47/><E130/><V41/><F41/><N who="0" m="15946" /><D111/><U94/><E73/><V116/><F116/><W80/><G80/><T61/><D61/><U69/><E94/><V42/><F121/><W129/><G76/><T5/><D5/><U87/><E74/><V103/><F81/><W108/><G129/><T109/><D109/><U86/><E86/><V27/><F25/><W10/><G108/><T133/><D133/><U29/><E22/><V60/><F60/><W115/><G115/><T4/><D4/><U82/><E82/><V46/><F20/><W14/><REACH who="3" step="1"/><G10/><REACH who="3" ten="336,187,211,256" step="2"/><T45/><AGARI ba="0,1" hai="36,39,45,48,52" m="15946,46633,44555" machi="45" ten="40,5200,0" yaku="34,2,54,1" doraHai="67" who="0" fromWho="0" sc="336,62,187,-13,211,-13,256,-26" />
</Scene>
<Scene>
<INIT seed="4,0,0,1,1,70" ten="398,174,198,230" oya="0" hai0="49,105,77,124,63,65,27,133,89,6,55,104,86" hai1="60,106,73,75,116,132,24,100,74,115,88,21,19" hai2="134,83,98,120,53,122,7,3,117,102,5,54,66" hai3="10,126,128,99,37,114,56,129,9,41,97,121,20"/><T1/><D124/><U29/><E116/><V44/><F117/><W47/><G126/><T26/><D133/><U111/><E111/><V48/><F134/><W103/><G114/><T76/><D6/><U35/><E132/><V31/><F66/><W112/><G112/><T93/><D1/><U30/><E115/><V46/><F31/><W11/><G121/><T82/><D104/><U64/><E35/><V91/><F83/><W57/><G20/><T23/><D105/><U90/><E100/><V18/><F91/><W39/><G103/><T101/><D101/><U131/><E106/><V12/><F3/><W72/><G72/><T81/><D81/><U94/><E131/><N who="3" m="50250" /><G47/><N who="0" m="28095" /><D23/><U32/><E94/><N who="2" m="58711" /><F122/><W69/><G41/><T38/><D38/><N who="3" m="14345" /><G69/><T113/><D113/><U13/><REACH who="1" step="1"/><E30/><REACH who="1" ten="398,164,198,230" step="2"/><V108/><F120/><W135/><G135/><T36/><D82/><U61/><E61/><V85/><F108/><W34/><G34/><T52/><D63/><U67/><E67/><V107/><F107/><W14/><G14/><T15/><D65/><U25/><E25/><V51/><F12/><W43/><G43/><T123/><D15/><U92/><E92/><V45/><F53/><W42/><G42/><T96/><D52/><U118/><E118/><V79/><F54/><W80/><G80/><T4/><D123/><U40/><E40/><V71/><F71/><AGARI ba="0,1" hai="13,19,21,24,29,32,60,64,71,73,74,75,88,90" machi="71" ten="40,2600,0" yaku="1,1,54,1,53,0" doraHai="70" doraHaiUra="78" who="1" fromWho="2" sc="398,0,164,36,198,-26,230,0" />
</Scene>
<Scene>
<INIT seed="5,0,0,4,5,18" ten="398,200,172,230" oya="1" hai0="29,104,112,126,113,13,87,77,92,96,89,64,90" hai1="34,41,8,102,1,116,10,110,55,115,84,68,40" hai2="9,79,27,76,15,19,46,16,131,127,70,21,37" hai3="111,58,60,109,103,117,61,38,7,72,65,54,26"/><U67/><E116/><V114/><F70/><W45/><G117/><T124/><D64/><U97/><E34/><V2/><F2/><W11/><G72/><T120/><D29/><U47/><E115/><N who="0" m="44105" /><D13/><U94/><E110/><V23/><F114/><W17/><G103/><N who="0" m="62567" /><D120/><U91/><E55/><V30/><F127/><N who="0" m="48682" /><D92/><U24/><E24/><N who="2" m="16671" /><F37/><W125/><G38/><T12/><D12/><U14/><E1/><V57/><F131/><W85/><G26/><T44/><D44/><U100/><E67/><V43/><F43/><W118/><G45/><T53/><D53/><U81/><E68/><V63/><F46/><W0/><G54/><AGARI ba="0,0" hai="9,15,16,19,21,27,54,57,63,76,79" m="16671" machi="54" ten="30,7700,0" yaku="8,1,52,2,54,1" doraHai="18" who="2" fromWho="3" sc="398,0,200,0,172,77,230,-77" />
</Scene>
<Scene>
<INIT seed="6,0,0,3,4,124" ten="398,200,249,153" oya="2" hai0="63,72,59,29,69,76,121,67,61,32,129,66,114" hai1="95,50,68,115,131,9,98,80,88,93,40,7,70" hai2="27,1,78,102,116,15,37,65,87,16,122,23,3" hai3="127,71,107,6,92,28,75,91,19,8,44,21,33"/><V25/><F116/><W96/><G127/><T22/><D121/><U125/><E125/><V105/><F37/><W82/><G71/><T26/><D114/><U38/><E38/><V5/><F122/><W83/><G75/><T112/><D112/><U30/><E30/><V108/><F108/><W77/><G77/><T97/><D97/><U46/><E80/><V118/><F65/><W60/><G107/><T74/><D76/><U84/><E115/><V106/><F25/><W90/><G60/><T130/><D22/><U45/><E45/><V35/><F105/><W94/><G44/><T34/><D34/><U18/><E18/><V64/><F64/><W104/><G28/><T81/><D81/><U126/><E126/><V135/><F135/><W12/><G104/><T31/><D31/><U73/><E73/><V41/><F41/><W134/><G134/><T10/><D10/><U36/><E36/><V123/><F106/><W57/><G57/><T20/><D20/><U85/><E85/><V132/><F87/><W79/><G79/><T43/><D43/><U39/><E39/><V89/><F78/><W117/><G33/><T55/><D67/><U101/><E131/><AGARI ba="0,0" hai="26,29,32,55,59,61,63,66,69,72,74,129,130,131" machi="131" ten="40,8000,1" yaku="19,1,52,3" doraHai="124" who="0" fromWho="1" sc="398,80,200,-80,249,0,153,0" />
</Scene>
<Scene>
<INIT seed="7,0,0,2,5,89" ten="478,120,249,153" oya="3" hai0="26,13,9,24,91,105,79,33,3,50,121,43,67" hai1="25,56,44,36,72,59,130,28,128,5,93,120,58" hai2="62,15,117,85,126,88,95,101,86,114,66,80,19" hai3="124,111,84,112,110,11,76,122,47,94,63,12,55"/><W127/><G122/><T51/><D105/><U70/><E70/><V99/><F117/><W0/><G0/><T52/><D121/><U118/><E120/><V96/><F114/><W125/><G112/><T134/><D3/><U109/><E109/><N who="3" m="41482" /><G76/><T90/><D67/><U108/><E108/><V8/><F126/><W103/><G63/><T65/><D65/><U54/><E72/><V97/><F86/><W1/><G1/><T131/><D79/><U34/><E5/><V42/><F42/><W64/><G64/><T92/><D131/><U119/><E36/><V57/><AGARI ba="0,0" hai="8,15,19,57,62,66,80,85,88,95,96,97,99,101" machi="57" ten="20,8000,1" yaku="0,1,7,1,8,1,52,1,54,1" doraHai="89" who="2" fromWho="2" sc="478,-20,120,-20,249,80,153,-40" owari="458,56.0,100,-40.0,329,13.0,113,-29.0" />
</Scene>
</mjloggm>