<mjloggm ver="2.3"><GO type="169" lobby="0"/><UN n0="%E3%83%95%E3%83%AA%E3%83%86%E3%83%B3" n1="%68%61%6D%6F%6E" n2="%41%53%41%50%49%4E" n3="%E3%83%90%E3%83%AB%E3%81%B0%E3%82%8B" dan="16,16,19,16" rate="2086.22,2040.92,2269.92,2034.88" sx="M,M,M,M"/><TAIKYOKU oya="0"/>

<Scene>
<INIT seed="0,0,0,0,4,46" ten="250,250,250,250" oya="0" hai0="79,85,83,81,122,51,56,106,111,123,21,8,80" hai1="58,76,75,10,107,88,63,19,96,4,9,55,6" hai2="70,131,3,103,93,124,101,13,32,128,66,118,18" hai3="60,86,92,126,47,114,113,35,115,23,109,134,74"/><T1/><D106/><U0/><E19/><V127/><F32/><W31/><G35/><T20/><D111/><U17/><E17/><V84/><F3/><W39/><G74/><T89/><D1/><U132/><E132/><V61/><F118/><W5/><G134/><T97/><D97/><U94/><E107/><V7/><F7/><W110/><G60/><T36/><D36/><U12/><E76/><V108/><F108/><N who="3" m="41579" /><G5/><T90/><D8/><U64/><REACH who="1" step="1"/><E75/><REACH who="1" ten="250,240,250,250" step="2"/><V78/><F78/><W33/><G115/><T112/><D112/><U130/><E130/><V14/><F18/><W69/><G113/><T27/><D123/><U71/><E71/><V62/><F70/><W73/><G69/><T91/><D122/><U48/><E48/><V41/><F128/><W67/><G73/><T28/><REACH who="0" step="1"/><D20/><REACH who="0" ten="240,240,250,250" step="2"/><U68/><E68/><V133/><F133/><W29/><G23/><T11/><D11/><U116/><E116/><V44/><F131/><W87/><G114/><T54/><AGARI ba="0,2" hai="21,27,28,51,54,56,79,80,81,83,85,89,90,91" machi="54" ten="30,11700,0" yaku="1,1,0,1,8,1,52,1,53,0" doraHai="46" doraHaiUra="37" who="0" fromWho="0" sc="240,137,240,-39,250,-39,250,-39" />
</Scene>
<Scene>
<INIT seed="0,1,0,0,5,68" ten="377,201,211,211" oya="0" hai0="0,82,90,69,3,9,98,34,112,18,97,83,37" hai1="104,13,10,61,24,51,72,116,121,74,35,2,94" hai2="11,55,56,54,47,28,66,100,53,6,122,131,63" hai3="114,102,8,36,110,108,39,95,46,20,26,62,41"/><T4/><D112/><U80/><E116/><V5/><F122/><W126/><G126/><T135/><D69/><U21/><E121/><V73/><F73/><W84/><G8/><T123/><D123/><U22/><E104/><V92/><F131/><W105/><G62/><T85/><D135/><U49/><E2/><V70/><F70/><W27/><G27/><T42/><D34/><U58/><E35/><V113/><F113/><W33/><G33/><T89/><D3/><U111/><E111/><N who="3" m="42538" /><G105/><T134/><D134/><U77/><E74/><V76/><F76/><W12/><G12/><T130/><D130/><U86/><E94/><V52/><F28/><W87/><G39/><T103/><D18/><N who="1" m="8503" /><E72/><V7/><F66/><W128/><G128/><T71/><D71/><U99/><E99/><N who="2" m="59495" /><F11/><W119/><G119/><T96/><D103/><U43/><E43/><V45/><AGARI ba="1,0" hai="5,6,7,45,47,52,53,54,55,56,63" m="59495" machi="45" ten="40,2700,0" yaku="8,1,54,1" doraHai="68" who="2" fromWho="2" sc="377,-14,201,-8,211,30,211,-8" />
</Scene>
<Scene>
<INIT seed="1,0,0,4,0,82" ten="363,193,241,203" oya="1" hai0="7,129,105,133,26,89,135,65,107,92,40,21,117" hai1="120,62,15,79,69,103,24,67,111,17,91,2,59" hai2="68,55,44,43,29,4,95,115,48,63,39,81,109" hai3="61,93,30,32,41,3,88,110,51,54,131,27,78"/><U94/><E120/><V28/><F109/><W87/><G110/><T36/><D65/><U9/><E111/><V0/><F115/><W20/><G131/><T99/><D7/><U70/><E103/><V71/><F71/><W56/><G3/><T47/><D117/><U10/><E79/><V8/><F95/><W5/><G5/><T19/><REACH who="0" step="1"/><D129/><REACH who="0" ten="353,193,241,203" step="2"/><U46/><E2/><V38/><F4/><W77/><G32/><T122/><D122/><U57/><E70/><V130/><F68/><W127/><G127/><T121/><D121/><U53/><E69/><V76/><F130/><W83/><G41/><T114/><D114/><U116/><E116/><V80/><F43/><W14/><G14/><T42/><D42/><U23/><E15/><V66/><F66/><W128/><G128/><T106/><AGARI ba="0,1" hai="19,21,26,36,40,47,89,92,99,105,106,107,133,135" machi="106" ten="40,5200,0" yaku="1,1,0,1,53,1" doraHai="82" doraHaiUra="12" who="0" fromWho="0" sc="353,62,193,-26,241,-13,203,-13" />
</Scene>
<Scene>
<INIT seed="2,0,0,2,0,34" ten="415,167,228,190" oya="2" hai0="109,69,39,14,67,130,103,28,57,90,10,102,87" hai1="3,15,113,135,5,95,75,125,110,72,42,105,115" hai2="25,55,53,74,80,48,84,104,79,118,92,1,98" hai3="37,71,56,108,51,129,38,40,7,13,21,119,99"/><V26/><F118/><W128/><G71/><T35/><D39/><U88/><E105/><V83/><F1/><W19/><G119/><T106/><D69/><U126/><E110/><V107/><F107/><W101/><G108/><T111/><D130/><N who="3" m="50281" /><G7/><T93/><D106/><U77/><E42/><V117/><F117/><W62/><G51/><T24/><D111/><U64/><E64/><V23/><F104/><N who="3" m="63551" /><G40/><T59/><D109/><U112/><E15/><V49/><F49/><W134/><G134/><T41/><D41/><U54/><E54/><AGARI ba="0,0" hai="13,19,21,37,38,54,56,62" m="63551,50281" machi="54" ten="30,1000,0" yaku="19,1" doraHai="34" who="3" fromWho="1" sc="415,0,167,-10,228,0,190,10" />
</Scene>
<Scene>
<INIT seed="3,0,0,3,0,33" ten="415,157,228,200" oya="3" hai0="15,132,17,4,100,105,118,79,76,84,65,25,128" hai1="123,89,42,11,31,80,120,97,51,63,58,109,49" hai2="134,35,32,2,61,127,52,103,5,54,108,29,110" hai3="125,101,98,131,19,83,74,59,77,46,45,43,107"/><W85/><G125/><T94/><D118/><U75/><E109/><N who="2" m="42091" /><F127/><W21/><G131/><T1/><D105/><U129/><E129/><V88/><F103/><W126/><G126/><T6/><D65/><U24/><E11/><N who="2" m="2487" /><F134/><W0/><G0/><T114/><D1/><U7/><E7/><V64/><F29/><W56/><G45/><T135/><D6/><U86/><E75/><V39/><F39/><W72/><G72/><T60/><D4/><U102/><E123/><V37/><F37/><W16/><G74/><T73/><D73/><U8/><E8/><V124/><F124/><W91/><G77/><T115/><D100/><U44/><E120/><V104/><F104/><W3/><G3/><T87/><D128/><U27/><E51/><V34/><F88/><W26/><REACH who="3" step="1"/><G19/><REACH who="3" ten="415,157,228,190" step="2"/><T10/><D79/><U66/><REACH who="1" step="1"/><E31/><REACH who="1" ten="415,147,228,190" step="2"/><V99/><F99/><W78/><G78/><T50/><D76/><U111/><E111/><V23/><F23/><W121/><G121/><T96/><D132/><U82/><E82/><V13/><F34/><W12/><G12/><T92/><D135/><U95/><AGARI ba="0,2" hai="24,27,42,44,49,58,63,66,80,86,89,95,97,102" machi="95" ten="20,5200,0" yaku="1,1,0,1,7,1,8,1,53,0" doraHai="33" doraHaiUra="112" who="1" fromWho="1" sc="415,-13,147,72,228,-13,190,-26" />
</Scene>
<Scene>
<INIT seed="4,0,0,3,2,61" ten="402,219,215,164" oya="0" hai0="28,12,51,49,71,67,3,88,37,121,26,15,32" hai1="17,35,114,36,6,11,58,81,86,27,18,69,100" hai2="0,5,75,135,44,133,109,57,7,2,124,95,90" hai3="97,128,132,80,101,89,63,99,16,91,39,107,130"/><T55/><D121/><U22/><E69/><V87/><F109/><W72/><G39/><T127/><D3/><N who="2" m="1066" /><F75/><W110/><G63/><T10/><D127/><U60/><E36/><V79/><F79/><N who="3" m="44135" /><G16/><T118/><D118/><U40/><E35/><V23/><F124/><W41/><G41/><T113/><D113/><U115/><E100/><V126/><F126/><W56/><G56/><T85/><D37/><U92/><E40/><V123/><F123/><W78/><G78/><T82/><D51/><U65/><E92/><V21/><F44/><W31/><G31/><T134/><D134/><N who="2" m="51210" /><F57/><W76/><G132/><T19/><D15/><U122/><E122/><V59/><F59/><W105/><G76/><T47/><D71/><U42/><E42/><V66/><F66/><AGARI ba="0,0" hai="10,12,19,26,28,32,47,49,55,66,67,82,85,88" machi="66" ten="40,12000,1" yaku="25,2,52,2,54,1" doraHai="61" who="0" fromWho="2" sc="402,120,219,0,215,-120,164,0" />
</Scene>
<Scene>
<INIT seed="4,1,0,0,2,63" ten="522,219,95,164" oya="0" hai0="89,45,92,17,73,82,44,32,3,59,61,68,130" hai1="8,104,2,105,43,50,38,7,15,69,66,16,19" hai2="28,95,129,117,99,87,47,54,116,25,60,4,96" hai3="123,134,42,133,71,107,67,31,65,97,119,112,78"/><T94/><D68/><U55/><E38/><V49/><F129/><W35/><G71/><T118/><D32/><U24/><E43/><V62/><F4/><W79/><G42/><T83/><D3/><U131/><E131/><V27/><F87/><W81/><G112/><T109/><D118/><N who="2" m="45674" /><F99/><W127/><G127/><T5/><D5/><U111/><E111/><V113/><F113/><W125/><G125/><T76/><D109/><U126/><E126/><V101/><F27/><N who="3" m="18943" /><G123/><T121/><D121/><U74/><E74/><V64/><F64/><N who="3" m="24651" /><G81/><T10/><D83/><U132/><E24/><V26/><F26/><W37/><G37/><T20/><D130/><U128/><E128/><V51/><F51/><W9/><G9/><T29/><D10/><U93/><E93/><V11/><F11/><W23/><G23/><AGARI ba="1,0" hai="23,25,28,47,49,54,60,62,95,96,101" m="45674" machi="23" ten="30,1000,0" yaku="12,1" doraHai="63" who="2" fromWho="3" sc="522,0,219,0,95,13,164,-13" />
</Scene>
<Scene>
<INIT seed="5,0,0,3,4,79" ten="522,219,108,151" oya="1" hai0="23,60,8,46,53,6,78,115,28,52,95,33,131" hai1="109,107,19,44,123,16,108,70,72,71,13,51,96" hai2="125,35,82,134,85,14,88,45,34,110,77,135,81" hai3="63,25,124,83,127,31,104,80,74,86,43,103,62"/><U57/><E123/><V122/><F110/><N who="1" m="42601" /><E72/><N who="2" m="43175" /><F122/><W59/><G43/><T18/><D115/><U68/><E57/><V120/><F120/><W20/><G74/><T111/><D131/><U112/><E112/><V65/><F125/><N who="3" m="48203" /><G86/><T50/><D111/><U119/><E119/><V89/><F65/><N who="3" m="39135" /><G63/><T73/><D73/><U132/><E132/><N who="2" m="50731" /><F89/><W40/><G40/><T9/><D60/><U10/><E19/><V49/><F14/><W114/><G114/><T4/><D18/><U37/><E37/><V27/><F27/><W94/><G104/><T3/><D46/><U99/><E107/><V126/><F126/><W121/><G121/><T106/><D106/><U100/><E100/><V102/><F102/><W56/><G56/><T113/><D113/><U26/><E26/><V105/><F105/><W2/><G2/><T76/><D50/><U17/><E17/><V15/><F15/><W0/><G0/><T130/><D130/><U118/><E118/><V97/><F97/><AGARI ba="0,0" hai="20,25,31,80,83,94,97,103" m="39135,48203" machi="97" ten="30,7700,0" yaku="25,1,18,1,52,2" doraHai="79" who="3" fromWho="2" sc="522,0,219,0,108,-77,151,77" />
</Scene>
<Scene>
<INIT seed="6,0,0,4,3,131" ten="522,219,31,228" oya="2" hai0="91,66,120,23,55,62,13,99,14,41,123,71,74" hai1="51,94,75,44,16,100,107,81,30,53,43,39,52" hai2="109,35,45,47,121,25,79,126,8,67,57,18,40" hai3="105,33,73,125,46,20,133,15,78,88,34,5,63"/><V87/><F121/><W115/><G105/><T31/><D74/><U110/><E110/><V108/><F126/><W134/><G115/><T106/><D14/><U70/><E107/><V98/><F98/><W116/><G116/><T36/><D55/><U90/><E70/><V117/><F117/><W48/><G63/><T59/><D59/><U50/><E30/><V27/><F45/><W56/><G56/><T60/><D60/><U111/><E111/><N who="2" m="42571" /><F35/><W1/><G1/><T9/><D99/><N who="1" m="59511" /><E39/><N who="2" m="21919" /><F57/><W127/><G34/><T58/><D58/><U2/><E2/><V86/><F67/><W22/><G33/><T112/><D66/><U7/><E75/><V135/><F135/><N who="3" m="51723" /><G73/><T42/><D62/><U80/><E7/><V77/><F86/><W89/><G46/><T21/><D112/><U85/><E43/><V38/><F38/><W83/><G48/><N who="1" m="18474" /><E80/><N who="2" m="47503" /><F79/><W128/><G78/><T76/><D76/><U24/><E44/><V122/><F122/><W103/><G83/><T97/><D106/><U3/><E3/><V130/><F130/><W132/><G128/><T114/><D114/><U19/><E24/><V4/><F18/><AGARI ba="0,0" hai="16,18,19,52,53,81,85,90" m="18474,59511" machi="18" ten="30,3900,0" yaku="8,1,54,2" doraHai="131" who="1" fromWho="2" sc="522,0,219,39,31,-39,228,0" owari="522,62.0,258,6.0,-8,-51.0,228,-17.0" />
</Scene>
</mjloggm>