<mjloggm ver="2.3"><GO type="169" lobby="0"/><UN n0="%E8%99%8E%E7%8D%85%E3%81%8F%E3%82%93" n1="%E3%82%B9%E3%82%BF%E3%83%BC%E3%83%93%E3%83%83%E3%83%81" n2="%41%53%41%50%49%4E" n3="%E6%A1%9C%E4%BA%95%E3%82%A2%E3%82%BD%E3%82%B3" dan="16,16,19,16" rate="2158.06,2136.04,2310.55,2178.79" sx="M,M,M,M"/><TAIKYOKU oya="0"/>

<Scene>
<INIT seed="0,0,0,3,2,76" ten="250,250,250,250" oya="0" hai0="65,20,29,121,94,12,0,18,89,104,69,122,103" hai1="15,60,26,135,88,101,46,131,24,87,16,95,7" hai2="31,38,116,128,14,56,9,72,74,81,78,13,42" hai3="59,50,113,112,54,51,107,134,2,58,45,41,10"/><T17/><D0/><U4/><E135/><V84/><F128/><W64/><G107/><T34/><D29/><U111/><E111/><V80/><F116/><W124/><G2/><T61/><D34/><U28/><E131/><V1/><F31/><W40/><G10/><T8/><D103/><U130/><E130/><V108/><F108/><W3/><G3/><T129/><D104/><U63/><E46/><N who="2" m="23895" /><F74/><W90/><G90/><T114/><D114/><U67/><E101/><V48/><F56/><W5/><G5/><N who="1" m="2122" /><E28/><V68/><F48/><W53/><G134/><T85/><REACH who="0" step="1"/><D129/><REACH who="0" ten="240,250,250,250" step="2"/><U57/><E63/><V30/><F30/><W23/><G23/><AGARI ba="0,1" hai="15,16,23,24,26,57,60,67,87,88,95" m="2122" machi="23" ten="30,3900,0" yaku="8,1,54,2" doraHai="76" who="1" fromWho="3" sc="240,0,250,49,250,0,250,-39" />
</Scene>
<Scene>
<INIT seed="1,0,0,0,2,54" ten="240,299,250,211" oya="1" hai0="38,4,77,72,8,40,35,111,18,53,1,2,21" hai1="90,41,101,95,135,39,36,79,67,89,52,46,47" hai2="48,99,17,123,85,98,102,88,59,22,131,12,44" hai3="92,84,130,96,51,114,106,100,78,74,33,10,57"/><U108/><E135/><V62/><F123/><W128/><G33/><T107/><D107/><U7/><E7/><V103/><F131/><N who="3" m="50219" /><G10/><T37/><D111/><U104/><E108/><V29/><F29/><W122/><G122/><T83/><D35/><U115/><E115/><V6/><F6/><W45/><G114/><T26/><D2/><U13/><E79/><V23/><F23/><W87/><G74/><T119/><D119/><U27/><E67/><N who="2" m="39391" /><F103/><W69/><G69/><T50/><REACH who="0" step="1"/><D40/><REACH who="0" ten="230,299,250,211" step="2"/><U129/><E104/><V127/><F127/><W109/><G106/><T43/><D43/><U64/><E41/><N who="2" m="24591" /><F102/><W63/><G109/><T19/><D19/><U14/><E101/><V28/><F28/><W34/><G34/><T118/><D118/><U55/><E129/><V58/><F58/><AGARI ba="0,1" hai="1,4,8,18,21,26,37,38,50,53,58,72,77,83" machi="58" ten="30,7700,0" yaku="1,1,7,1,52,1,53,1" doraHai="54" doraHaiUra="16" who="0" fromWho="2" sc="230,87,299,0,250,-77,211,0" />
</Scene>
<Scene>
<INIT seed="2,0,0,0,5,134" ten="317,299,173,211" oya="2" hai0="111,72,25,96,99,27,24,19,22,129,73,87,117" hai1="124,52,107,23,127,102,16,126,38,49,20,85,105" hai2="121,94,39,116,90,3,48,26,75,70,13,128,51" hai3="7,21,11,67,59,12,42,14,33,56,29,58,6"/><V93/><F116/><W76/><G33/><T53/><D111/><U118/><E118/><V40/><F3/><W112/><G112/><T84/><D117/><U35/><E35/><V120/><F70/><W60/><G76/><T45/><D129/><U62/><E38/><V123/><F75/><W83/><G83/><T113/><D113/><U82/><E102/><V4/><F128/><W101/><G42/><T34/><D34/><U104/><E62/><V81/><F26/><W125/><G125/><T108/><D108/><U77/><E16/><V71/><F71/><W98/><G29/><T135/><D135/><U36/><E36/><V47/><F81/><W100/><G21/><T130/><D130/><U103/><E103/><V69/><F69/><W122/><G122/><T55/><D45/><AGARI ba="0,0" hai="20,23,45,49,52,77,82,85,104,105,107,124,126,127" machi="45" ten="50,8000,1" yaku="18,1,52,3,54,1" doraHai="134" who="1" fromWho="0" sc="317,-80,299,80,173,0,211,0" />
</Scene>
<Scene>
<INIT seed="3,0,0,3,1,34" ten="237,379,173,211" oya="3" hai0="106,74,21,117,128,19,5,113,9,133,119,110,59" hai1="4,29,24,129,41,69,94,35,33,78,42,39,66" hai2="30,112,104,53,96,10,13,52,40,46,127,65,26" hai3="55,92,12,89,79,0,37,95,111,85,105,130,62"/><W73/><G0/><T115/><D74/><U86/><E129/><V22/><F112/><N who="0" m="43082" /><D106/><U120/><E120/><V91/><F127/><W132/><G130/><T56/><D59/><U8/><E35/><V84/><F65/><W27/><G37/><T83/><D83/><U97/><E39/><V49/><F96/><W32/><G105/><T44/><D44/><U43/><E66/><V101/><F101/><W88/><G132/><T68/><D68/><U122/><E69/><V51/><F51/><W123/><G123/><T50/><D56/><U107/><E122/><V81/><REACH who="2" step="1"/><F104/><REACH who="2" ten="237,379,163,211" step="2"/><W31/><G62/><T98/><D98/><U75/><E107/><V48/><F48/><W16/><G111/><T15/><D50/><U125/><E125/><V11/><F11/><W118/><G118/><N who="0" m="45067" /><D128/><U77/><E97/><V47/><F47/><W131/><G131/><T57/><D110/><U99/><E99/><V90/><F90/><W135/><G89/><T36/><D36/><U80/><E78/><V103/><F103/><W87/><G55/><T63/><D133/><U6/><E8/><V18/><AGARI ba="0,1" hai="10,13,18,22,26,30,40,46,49,52,53,81,84,91" machi="18" ten="20,8000,1" yaku="1,1,0,1,7,1,8,1,54,1,53,0" doraHai="34" doraHaiUra="60" who="2" fromWho="2" sc="237,-20,379,-20,163,90,211,-40" />
</Scene>
<Scene>
<INIT seed="4,0,0,4,0,26" ten="217,359,253,171" oya="0" hai0="65,123,112,21,121,66,11,128,50,40,131,104,120" hai1="122,126,129,2,42,30,74,72,70,13,12,105,81" hai2="5,20,39,87,86,78,28,125,98,7,82,55,63" hai3="94,57,76,97,1,23,116,45,59,41,32,83,71"/><T49/><D104/><U46/><E2/><V14/><F39/><W68/><G32/><T101/><D101/><U106/><E122/><V102/><F125/><W25/><G116/><T6/><D21/><U48/><E70/><V91/><F63/><W15/><G1/><T113/><D11/><U133/><E126/><V110/><F110/><W130/><G130/><N who="0" m="49707" /><D40/><U124/><E129/><V61/><F61/><W38/><G15/><T60/><D6/><U109/><E124/><V114/><F55/><W9/><G9/><T24/><D24/><U69/><E109/><V52/><F52/><W89/><G68/><N who="0" m="42023" /><D66/><U18/><E69/><V75/><F5/><W80/><G71/><T62/><D62/><U108/><E106/><V127/><F127/><W29/><REACH who="3" step="1"/><G83/><REACH who="3" ten="217,359,253,161" step="2"/><T4/><D4/><U85/><E81/><V51/><F82/><W31/><G31/><T34/><D34/><U47/><E30/><V3/><F28/><W53/><G53/><T27/><D27/><U96/><E108/><V100/><F7/><W135/><G135/><T95/><D95/><U90/><E133/><V103/><F14/><W0/><G0/><T88/><D88/><U107/><E90/><V37/><F3/><W54/><G54/><T77/><D77/><U58/><E107/><V16/><F78/><W10/><G10/><T119/><D119/><U43/><E105/><V35/><F91/><W99/><G99/><T17/><D17/><U111/><E96/><V67/><F98/><W93/><G93/><T36/><D36/><U73/><E111/><V92/><F37/><W22/><G22/><RYUUKYOKU ba="0,1" sc="217,15,359,-15,253,-15,161,15" hai0="49,50,112,113,120,121,123" hai3="23,25,29,38,41,45,57,59,76,80,89,94,97" />
</Scene>
<Scene>
<INIT seed="4,1,1,0,2,46" ten="232,344,238,176" oya="0" hai0="88,94,51,61,60,117,39,34,89,3,43,67,76" hai1="19,104,42,123,120,66,58,55,93,113,18,69,87" hai2="68,24,21,135,13,119,121,108,122,25,91,49,26" hai3="134,0,97,23,73,109,40,116,77,82,35,90,79"/><T133/><D117/><U101/><E113/><V85/><F108/><W132/><G35/><T44/><D3/><U20/><E42/><V65/><F119/><W98/><G0/><T45/><D34/><U33/><E33/><V63/><F135/><N who="3" m="51755" /><G116/><T130/><D133/><U71/><E104/><V64/><F64/><W53/><G109/><T118/><D118/><U17/><E66/><V36/><F36/><W1/><G1/><T22/><D130/><U15/><E69/><V100/><F100/><W16/><G40/><T129/><D129/><U5/><E71/><V7/><F7/><W62/><G77/><T14/><D76/><U92/><E5/><V2/><F2/><W59/><G90/><T47/><D39/><U72/><E72/><V56/><F13/><AGARI ba="1,1" hai="13,16,23,53,59,62,73,79,82,97,98" m="51755" machi="13" ten="30,2000,0" yaku="20,1,54,1" doraHai="46" who="3" fromWho="2" sc="232,0,344,0,238,-23,176,33" />
</Scene>
<Scene>
<INIT seed="5,0,0,0,2,51" ten="232,344,215,209" oya="1" hai0="112,39,47,21,93,16,73,59,74,81,32,70,30" hai1="58,63,20,1,134,102,94,34,113,48,25,114,118" hai2="31,71,117,92,82,40,85,66,38,12,15,2,55" hai3="44,127,14,88,122,61,46,43,18,128,89,5,52"/><U4/><E118/><V13/><F117/><W9/><G122/><T130/><D70/><U123/><E34/><V107/><F107/><W37/><G127/><T10/><D112/><U132/><E123/><V90/><F2/><W108/><G108/><T110/><D110/><U124/><E124/><V77/><F31/><W111/><G111/><T35/><D130/><U83/><E83/><V75/><F66/><W8/><G128/><T60/><D30/><U65/><E48/><V67/><F67/><W86/><G86/><T115/><D10/><N who="1" m="2319" /><E94/><V33/><F33/><W64/><G46/><T56/><D115/><N who="1" m="44043" /><E102/><V121/><F71/><W72/><G72/><T96/><D35/><U131/><E131/><V125/><F121/><W54/><G89/><T76/><D32/><U22/><E22/><V26/><F125/><W27/><G88/><T50/><D74/><U7/><E7/><V11/><F11/><W36/><G36/><T126/><D39/><U3/><E3/><V23/><F38/><W68/><G27/><T109/><D126/><U99/><E99/><V80/><F80/><W120/><G120/><T42/><D60/><U97/><E97/><V91/><F91/><W53/><REACH who="3" step="1"/><G5/><REACH who="3" ten="232,344,215,199" step="2"/><T45/><D47/><U133/><E134/><V100/><F75/><W104/><G104/><T105/><D105/><U116/><E116/><V95/><F90/><W6/><G6/><T87/><D73/><U129/><E129/><V19/><F100/><W135/><G135/><T62/><D109/><U24/><E24/><V106/><F106/><W78/><G78/><T0/><D76/><RYUUKYOKU ba="0,1" sc="232,-15,344,15,215,-15,199,15" hai1="20,25,58,63,65,132,133" hai3="8,9,14,18,37,43,44,52,53,54,61,64,68" />
</Scene>
<Scene>
<INIT seed="5,1,1,5,5,90" ten="217,359,200,214" oya="1" hai0="103,130,95,124,87,21,25,127,104,126,39,31,22" hai1="118,54,27,89,56,93,51,100,99,80,97,41,81" hai2="79,109,78,17,46,50,121,34,96,72,122,4,105" hai3="47,33,107,131,101,38,23,0,37,86,85,134,75"/><U114/><E118/><V115/><F109/><W128/><G75/><T83/><D39/><U26/><E114/><V58/><F34/><W52/><G33/><T84/><D130/><N who="3" m="49705" /><G0/><T125/><D125/><U67/><E41/><V123/><F115/><W108/><G108/><T57/><D104/><U132/><E132/><V129/><F129/><W98/><G134/><T48/><D21/><U42/><E42/><V14/><F4/><W60/><G23/><T45/><D57/><U32/><E32/><V117/><F117/><W7/><G7/><T120/><D120/><U40/><E40/><V3/><F3/><W76/><G76/><N who="0" m="46183" /><D87/><N who="3" m="33289" /><G60/><T61/><D61/><U1/><E1/><V49/><F72/><W43/><G43/><N who="0" m="24639" /><D103/><U116/><E116/><V88/><F78/><W82/><G82/><T28/><D95/><N who="1" m="58495" /><E81/><V69/><F105/><W19/><G19/><AGARI ba="1,1" hai="19,22,25,28,31,124,126,127" m="24639,46183" machi="19" ten="30,1000,0" yaku="18,1" doraHai="90" who="0" fromWho="3" sc="217,23,359,0,200,0,214,-13" />
</Scene>
<Scene>
<INIT seed="6,0,0,5,4,85" ten="240,359,200,201" oya="2" hai0="9,41,76,107,67,69,105,126,133,20,92,114,71" hai1="119,123,72,80,23,63,31,50,56,39,24,120,97" hai2="3,25,14,102,129,131,101,22,30,87,62,38,127" hai3="13,43,28,112,59,68,19,130,6,79,47,52,0"/><V70/><F3/><W58/><G68/><T122/><D122/><U65/><E39/><V94/><F38/><W106/><G106/><T77/><D114/><U116/><E50/><V83/><F127/><W95/><G112/><T88/><D41/><U18/><E97/><V73/><F73/><W110/><G110/><T7/><D20/><U100/><E100/><V61/><F14/><W113/><G113/><T96/><D133/><U86/><E72/><V132/><F132/><W15/><G130/><N who="2" m="49673" /><F70/><W78/><G28/><T90/><D126/><U44/><E44/><V55/><F55/><W21/><G0/><T10/><D67/><U118/><E31/><V2/><F2/><W29/><G29/><T51/><D51/><U108/><E108/><V128/><N who="2" m="49681" /><V33/><DORA hai="8" /><F33/><W46/><G95/><T37/><D92/><U34/><E34/><V40/><F40/><W125/><G58/><T75/><D96/><U35/><E35/><V42/><F42/><W1/><G1/><T48/><D48/><U54/><E54/><V111/><F111/><W104/><G125/><T89/><D75/><U64/><E64/><V117/><F117/><W16/><G104/><T27/><D27/><U93/><E93/><V121/><F121/><N who="1" m="46665" /><E119/><V84/><F84/><W36/><G6/><T53/><D53/><U98/><E98/><N who="2" m="59607" /><F102/><W103/><G103/><T124/><D124/><U26/><E26/><V32/><F32/><W60/><G46/><T91/><D37/><U49/><E118/><V99/><F99/><W115/><G115/><T135/><N who="0" m="23040" /><DORA hai="66" /><T45/><D107/><RYUUKYOKU ba="0,0" sc="240,-15,359,-15,200,15,201,15" hai2="22,25,30,61,62,83,87" hai3="13,15,16,19,21,36,43,47,52,59,60,78,79" />
</Scene>
<Scene>
<INIT seed="6,1,0,5,4,115" ten="225,344,215,216" oya="2" hai0="41,93,133,80,20,85,39,81,42,86,135,111,28" hai1="101,121,43,72,55,11,53,70,51,71,35,54,107" hai2="31,78,99,103,132,131,116,105,5,66,100,98,22" hai3="12,0,21,73,16,69,62,95,87,90,89,114,23"/><V120/><F120/><W63/><G73/><T7/><D111/><U33/><E72/><V13/><F116/><W88/><G114/><T130/><D130/><U94/><E121/><V34/><F131/><W84/><G0/><T104/><D104/><U17/><E107/><V65/><F132/><N who="0" m="50762" /><D93/><U128/><E128/><V110/><F110/><W19/><G69/><T76/><D7/><U75/><E75/><V126/><F34/><W37/><G37/><T2/><D2/><U96/><E71/><V47/><F78/><W124/><G124/><T82/><D39/><U97/><E70/><V112/><F112/><W117/><G117/><T59/><D59/><U118/><E118/><V14/><F126/><W60/><REACH who="3" step="1"/><G95/><REACH who="3" ten="225,344,215,206" step="2"/><T4/><D81/><U50/><E94/><V49/><F105/><W3/><G3/><T79/><D82/><U32/><E101/><N who="2" m="38987" /><F99/><W45/><G45/><T74/><D74/><U123/><E123/><V48/><F98/><W1/><G1/><T10/><D80/><U6/><E97/><V24/><F49/><W83/><G83/><T122/><D122/><U36/><E96/><V15/><F5/><W58/><G58/><T119/><D119/><U52/><E6/><V56/><F56/><W61/><N who="3" m="15872" /><DORA hai="64" /><W129/><G129/><T30/><D79/><U109/><E109/><V108/><F108/><W8/><G8/><T38/><D76/><U44/><N who="1" m="13312" /><DORA hai="102" /><U77/><E77/><V9/><F9/><W40/><G40/><AGARI ba="1,1" hai="13,14,15,22,24,31,40,47,48,65,66" m="38987" machi="40" ten="30,1500,0" yaku="8,1" doraHai="115,64,102" who="2" fromWho="3" sc="225,0,344,0,215,28,206,-18" />
</Scene>
<Scene>
<INIT seed="6,2,0,4,0,24" ten="225,344,243,188" oya="2" hai0="96,69,54,41,58,126,125,97,43,71,110,90,75" hai1="87,38,19,55,134,130,26,47,103,106,1,131,63" hai2="4,53,127,29,28,119,37,102,117,60,21,73,112" hai3="2,84,111,115,68,5,64,32,30,82,100,133,109"/><V116/><F37/><W17/><G133/><T16/><D75/><U101/><E1/><V83/><F112/><W88/><G115/><T18/><D90/><U118/><E134/><V57/><F127/><N who="0" m="48650" /><D110/><U70/><E118/><V20/><F4/><W121/><G121/><T107/><D107/><U0/><E0/><V7/><F7/><W95/><G17/><N who="0" m="6763" /><D54/><U52/><E106/><V80/><F102/><N who="1" m="38921" /><E87/><V81/><REACH who="2" step="1"/><F73/><REACH who="2" ten="225,344,233,188" step="2"/><W27/><G64/><T86/><D86/><U25/><E26/><V51/><F51/><W79/><G68/><N who="0" m="26187" /><D58/><U99/><E70/><V34/><F34/><W113/><G113/><T44/><D44/><U76/><E47/><V129/><F129/><W11/><REACH who="3" step="1"/><G100/><REACH who="3" ten="225,344,233,178" step="2"/><T12/><D12/><U89/><E131/><V9/><F9/><W72/><AGARI ba="2,2" hai="2,5,11,27,30,32,72,79,82,84,88,95,109,111" machi="72" ten="20,12000,2" yaku="1,1,2,1,0,1,7,1,52,1,54,1,53,1" doraHai="24" doraHaiUra="91" who="3" fromWho="3" sc="225,-32,344,-32,233,-62,178,146" />
</Scene>
<Scene>
<INIT seed="7,0,0,1,4,7" ten="193,312,171,324" oya="3" hai0="58,101,56,6,107,64,45,118,30,92,18,125,11" hai1="54,96,25,41,116,65,124,79,128,55,84,112,2" hai2="52,67,87,115,24,53,39,126,94,100,71,132,97" hai3="0,85,78,114,69,86,10,57,110,49,83,104,14"/><W73/><G104/><T134/><D118/><U113/><E2/><V3/><F39/><W17/><G69/><T95/><D30/><U68/><E41/><V82/><F115/><N who="1" m="44105" /><E116/><V133/><F3/><W111/><G114/><T38/><D107/><U15/><E128/><V76/><F126/><W123/><G123/><T61/><D18/><U42/><E124/><V20/><F67/><W13/><G0/><T27/><D27/><U93/><E42/><V28/><F71/><W72/><G14/><T120/><D45/><U1/><E1/><V108/><F108/><N who="3" m="41515" /><G73/><T105/><D38/><U91/><E25/><V63/><REACH who="2" step="1"/><F63/><REACH who="2" ten="193,312,161,324" step="2"/><W99/><G99/><T130/><D61/><N who="1" m="39983" /><E15/><V66/><F66/><W48/><G48/><T122/><D64/><U135/><E135/><AGARI ba="0,1" hai="20,24,28,52,53,76,82,87,94,97,100,132,133,135" machi="135" ten="40,5200,0" yaku="1,1,20,1,54,1,53,0" doraHai="7" doraHaiUra="44" who="2" fromWho="1" sc="193,0,312,-52,161,62,324,0" owari="193,-31.0,260,6.0,223,-18.0,324,43.0" />
</Scene>
</mjloggm>