<mjloggm ver="2.3"><GO type="169"/><UN n0="%41%53%41%50%49%4E" n1="%E6%AF%94%E5%98%89%E7%A7%80%E4%BB%81" n2="%E6%B0%97%E6%A5%BD%E3%81%AB%E6%89%93%E3%81%A4" n3="%E5%B2%A1%E6%9D%91" dan="19,17,16,17" rate="2218,2216,2161,2075" sx="M,M,M,M"/><TAIKYOKU oya="0"/>

<Scene>
<INIT seed="0,0,0,4,2,37" ten="250,250,250,250" oya="0" hai0="41,83,0,26,100,129,104,132,93,85,101,75,25" hai1="6,96,49,113,14,45,107,57,36,116,128,31,3" hai2="65,32,21,89,80,130,84,22,43,61,131,24,82" hai3="115,23,66,27,15,108,62,52,53,79,9,71,124"/><T46/><D0/><U68/><E68/><V40/><F80/><W58/><G115/><T5/><D5/><U56/><E3/><V102/><F102/><W8/><G124/><T106/><D129/><N who="2" m="49162" /><F32/><W10/><G108/><T87/><D132/><U94/><E36/><V70/><F21/><W125/><G125/><T2/><D2/><U38/><E38/><V126/><F126/><W35/><G35/><T72/><D83/><U44/><E116/><V99/><F99/><W110/><G110/><T13/><D13/><U121/><E107/><V12/><F12/><W17/><G79/><T34/><D34/><U118/><E121/><V97/><F97/><W112/><G112/><T92/><D46/><U98/><E118/><V111/><F111/><W19/><REACH who="3" step="1"/><G53/><REACH who="3" ten="250,250,250,240" step="2"/><T76/><D76/><U29/><E113/><V67/><F65/><W7/><G7/><T90/><REACH who="0" step="1"/><D90/><REACH who="0" ten="240,250,250,240" step="2"/><U30/><E128/><V69/><F70/><W117/><G117/><T59/><D59/><U122/><E122/><V95/><F82/><W50/><AGARI ba="0,2" hai="8,9,10,15,17,19,23,27,50,52,58,62,66,71" machi="50" ten="20,8000,1" yaku="1,1,0,1,7,1,54,1,53,1" doraHai="37" doraHaiUra="55" who="3" fromWho="3" sc="240,-40,250,-20,250,-20,240,100" />
</Scene>
<Scene>
<INIT seed="1,0,0,1,2,80" ten="200,230,230,340" oya="1" hai0="99,24,62,76,131,108,63,67,91,101,128,129,84" hai1="11,47,7,120,115,71,48,79,127,13,66,5,6" hai2="87,10,112,14,104,125,89,15,33,22,29,135,73" hai3="69,59,85,94,75,110,56,83,107,32,60,26,42"/><U93/><E120/><V3/><F125/><W113/><G113/><T92/><D108/><U68/><E115/><V39/><F112/><W123/><G110/><T45/><D76/><U117/><E127/><V106/><F73/><W114/><G114/><T55/><D24/><U100/><E117/><V97/><F39/><W132/><G107/><T41/><D67/><U17/><E79/><V4/><F135/><W23/><G32/><T121/><D55/><U78/><E78/><V35/><F15/><W103/><G75/><T134/><D134/><U18/><E18/><N who="2" m="10583" /><F33/><W21/><G132/><T8/><D8/><U28/><E28/><V12/><F12/><W118/><G118/><T77/><D77/><U25/><E25/><N who="2" m="18863" /><F97/><W19/><G21/><T36/><REACH who="0" step="1"/><D121/><REACH who="0" ten="190,230,230,340" step="2"/><U111/><E111/><V38/><F38/><W61/><G123/><T2/><D2/><U57/><E66/><V88/><F89/><W74/><G26/><T40/><D40/><U9/><E9/><V133/><F133/><W43/><G42/><T72/><D72/><U53/><E71/><V51/><F51/><W64/><G69/><T96/><D96/><N who="1" m="59407" /><E68/><V130/><F130/><W27/><G74/><T49/><D49/><U98/><E98/><V31/><F31/><W122/><G122/><T70/><D70/><U0/><E0/><V109/><F109/><W54/><G43/><T16/><D16/><U65/><E65/><V34/><F34/><W95/><G103/><T126/><D126/><U90/><E90/><AGARI ba="0,1" hai="19,23,27,54,56,59,60,61,64,83,85,90,94,95" machi="90" ten="30,3900,0" yaku="7,1,8,1,52,1" doraHai="80" who="3" fromWho="1" sc="190,0,230,-39,230,0,340,49" />
</Scene>
<Scene>
<INIT seed="2,0,0,5,0,6" ten="190,191,230,389" oya="2" hai0="19,88,89,33,87,70,126,13,95,43,86,38,64" hai1="20,128,41,35,23,105,16,47,97,74,107,81,85" hai2="44,68,8,120,84,131,49,103,100,11,39,1,25" hai3="0,32,99,22,72,58,5,125,4,75,45,135,15"/><V108/><F120/><W28/><G32/><T54/><D126/><U92/><E35/><V113/><F113/><W102/><G125/><T116/><D33/><U48/><E74/><V127/><F127/><W55/><G0/><T46/><D116/><U31/><E31/><V61/><F39/><W52/><G135/><T27/><D27/><U78/><E23/><V117/><F117/><W79/><G45/><T50/><D64/><U18/><E18/><V77/><F131/><W124/><G124/><T121/><D70/><U30/><E30/><V14/><F108/><W129/><G129/><T123/><D43/><U110/><E110/><V69/><F25/><W96/><G28/><T40/><D40/><U63/><E63/><V118/><F118/><W119/><G79/><T9/><D38/><U59/><E59/><V111/><F111/><W104/><G96/><T66/><D66/><U94/><E128/><V36/><F36/><W122/><G122/><T114/><D114/><U60/><E60/><V3/><F61/><W12/><G119/><T90/><D90/><U10/><E10/><N who="2" m="3627" /><F14/><W80/><G15/><T21/><D21/><U51/><E51/><V73/><F73/><W109/><G12/><T132/><D132/><U26/><REACH who="1" step="1"/><E94/><AGARI ba="0,0" hai="9,13,19,46,50,54,86,87,88,89,94,95,121,123" machi="94" ten="30,7700,0" yaku="7,1,9,1,52,1,54,1" doraHai="6" who="0" fromWho="1" sc="190,77,191,-77,230,0,389,0" />
</Scene>
<Scene>
<INIT seed="3,0,0,2,1,108" ten="267,114,230,389" oya="3" hai0="110,125,28,54,124,19,52,37,71,63,114,33,82" hai1="101,46,61,112,117,107,126,3,31,55,58,29,81" hai2="121,68,73,38,131,62,7,21,27,93,51,12,106" hai3="14,10,76,47,84,50,122,69,70,67,32,39,89"/><W92/><G122/><T26/><D37/><U11/><E117/><V91/><F38/><W6/><G39/><T94/><D110/><U95/><E107/><V64/><F121/><W35/><G76/><T60/><D82/><U135/><E135/><V8/><F106/><W2/><G2/><T134/><D134/><U17/><E126/><N who="0" m="48745" /><D114/><U41/><E81/><V90/><F131/><W109/><G109/><T30/><D30/><U129/><E129/><V72/><F51/><W111/><G111/><T16/><D94/><U118/><E118/><V102/><F102/><W74/><G74/><T100/><D100/><U85/><E112/><V83/><F83/><W59/><G69/><T18/><D60/><U96/><E85/><V56/><F68/><W119/><G70/><T24/><D26/><U88/><E101/><V127/><F127/><W78/><G78/><T130/><D130/><U128/><E128/><V23/><F91/><W120/><G120/><T9/><D9/><U75/><E75/><V79/><F79/><W36/><G119/><T42/><D42/><U113/><E113/><V99/><REACH who="2" step="1"/><F21/><REACH who="2" ten="267,114,220,389" step="2"/><W57/><G36/><T116/><D116/><U43/><E43/><V22/><F22/><W98/><G35/><T104/><D104/><U80/><E80/><V115/><F115/><W105/><G32/><T34/><D34/><U77/><E77/><V87/><F87/><W20/><G20/><T48/><D48/><N who="1" m="26703" /><E3/><V53/><F53/><N who="3" m="29919" /><G67/><AGARI ba="0,1" hai="16,18,19,24,28,33,52,54,63,67,71" m="48745" machi="67" ten="30,3900,0" yaku="18,1,54,2" doraHai="108" who="0" fromWho="3" sc="267,49,114,0,220,0,389,-39" />
</Scene>
<Scene>
<INIT seed="4,0,0,1,0,82" ten="316,114,220,350" oya="0" hai0="108,99,79,0,53,109,14,101,87,20,31,15,72" hai1="89,11,134,127,110,93,69,26,45,118,95,56,61" hai2="1,40,55,103,34,65,52,8,119,60,16,54,115" hai3="80,12,68,129,91,117,97,19,132,120,42,70,35"/><T28/><D0/><U10/><E110/><N who="0" m="42601" /><D72/><U66/><E118/><V62/><F119/><W85/><G117/><T37/><D37/><U116/><E116/><V75/><F115/><W135/><G120/><T107/><D53/><U111/><E111/><V5/><F75/><W98/><G35/><T50/><D50/><U92/><E134/><N who="3" m="51242" /><G42/><T41/><D41/><U4/><E127/><V27/><F40/><W126/><G126/><T2/><D2/><U58/><E45/><V39/><F39/><W112/><G112/><T25/><D28/><U36/><E36/><V64/><F103/><W102/><G129/><T122/><D122/><U90/><E26/><V17/><F34/><W38/><G38/><T24/><D24/><U77/><E77/><V22/><REACH who="2" step="1"/><F17/><REACH who="2" ten="316,114,210,350" step="2"/><W48/><G102/><T47/><D101/><U71/><E4/><V76/><F76/><W78/><G78/><T128/><D79/><U18/><E18/><V29/><F29/><W114/><G114/><T21/><D31/><U57/><REACH who="1" step="1"/><E71/><REACH who="1" ten="316,104,210,350" step="2"/><V88/><F88/><AGARI ba="0,2" hai="10,11,56,57,58,61,66,69,88,89,90,92,93,95" machi="88" ten="40,5200,0" yaku="1,1,2,1,54,1,53,0" doraHai="82" doraHaiUra="23" who="1" fromWho="2" sc="316,0,104,72,210,-52,350,0" />
</Scene>
<Scene>
<INIT seed="5,0,0,1,0,134" ten="316,176,158,350" oya="1" hai0="50,132,47,49,65,82,108,13,32,37,112,17,31" hai1="61,6,79,122,95,41,48,103,44,76,72,85,1" hai2="107,27,40,19,10,101,20,99,115,62,4,70,36" hai3="81,23,56,92,75,63,97,58,93,135,98,110,119"/><U8/><E122/><V68/><F115/><W21/><G135/><T69/><D108/><U120/><E72/><V133/><F133/><W7/><G110/><T127/><D132/><U45/><E120/><V66/><F40/><W84/><G75/><T111/><D111/><U51/><E61/><V67/><F67/><W128/><G128/><T124/><D112/><U130/><E130/><V87/><F87/><W3/><G3/><T52/><D37/><U131/><E131/><V33/><F36/><W94/><G7/><T86/><D50/><U25/><E25/><V0/><REACH who="2" step="1"/><F33/><REACH who="2" ten="316,176,148,350" step="2"/><W34/><G34/><T77/><D65/><U57/><E85/><V59/><AGARI ba="0,1" hai="0,4,10,19,20,27,59,62,66,68,70,99,101,107" machi="59" ten="20,5200,0" yaku="1,1,2,1,0,1,7,1,53,0" doraHai="134" doraHaiUra="117" who="2" fromWho="2" sc="316,-13,176,-26,148,62,350,-13" />
</Scene>
<Scene>
<INIT seed="6,0,0,4,0,57" ten="303,150,210,337" oya="2" hai0="71,93,108,75,39,33,7,2,117,12,80,21,79" hai1="92,122,1,106,4,83,15,96,69,134,29,86,59" hai2="73,81,102,49,31,77,118,132,104,53,121,30,89" hai3="113,114,87,110,64,95,99,72,101,62,23,50,129"/><V130/><F121/><W41/><G72/><T131/><D108/><U65/><E106/><V18/><F118/><W82/><G110/><T107/><D107/><U68/><E1/><V34/><F132/><W19/><G129/><T94/><D33/><U54/><E134/><V16/><F130/><W43/><G50/><T42/><D131/><U91/><E29/><V84/><F104/><W90/><G114/><T135/><D135/><U61/><E122/><V47/><F102/><W120/><G120/><T133/><D71/><U51/><E4/><V26/><REACH who="2" step="1"/><F31/><REACH who="2" ten="303,150,200,337" step="2"/><W58/><REACH who="3" step="1"/><G113/><REACH who="3" ten="303,150,200,327" step="2"/><T125/><D133/><U88/><REACH who="1" step="1"/><E15/><AGARI ba="0,2" hai="15,19,23,41,43,58,62,64,82,87,90,95,99,101" machi="15" ten="30,8000,1" yaku="1,1,2,1,7,1,8,1,52,1,53,0" doraHai="57" doraHaiUra="28" who="3" fromWho="1" sc="303,0,150,-80,200,0,327,100" />
</Scene>
<Scene>
<INIT seed="7,0,0,5,2,79" ten="303,70,200,427" oya="3" hai0="22,118,101,65,27,116,97,53,85,16,59,13,41" hai1="46,72,67,91,131,105,44,51,107,58,23,76,111" hai2="49,87,114,133,120,127,2,33,90,19,108,55,113" hai3="20,84,122,103,99,69,77,109,50,74,112,47,94"/><W61/><G74/><T92/><D116/><U62/><E111/><V34/><F108/><W10/><G20/><T128/><D128/><U9/><E131/><V86/><F2/><W66/><G10/><T36/><D118/><U130/><E130/><V110/><F110/><W18/><G18/><T75/><D75/><U121/><E121/><V24/><F120/><W3/><G3/><T71/><D71/><U43/><E46/><V31/><F127/><W132/><G132/><T48/><D36/><U60/><E60/><V63/><F63/><W125/><G125/><T81/><D41/><U6/><E23/><V17/><F133/><W54/><G122/><T8/><D65/><U37/><E51/><V70/><F70/><W117/><G117/><T100/><D92/><U0/><REACH who="1" step="1"/><E91/><REACH who="1" ten="303,60,200,427" step="2"/><V56/><F90/><W40/><G109/><T7/><REACH who="0" step="1"/><D97/><REACH who="0" ten="293,60,200,427" step="2"/><U96/><E96/><V1/><F114/><W26/><G112/><T28/><D28/><U98/><E98/><V135/><F113/><W21/><G99/><T42/><D42/><U39/><E39/><V30/><F30/><W80/><G94/><T102/><D102/><U4/><E4/><V11/><F31/><N who="3" m="17871" /><G103/><T119/><D119/><U83/><AGARI ba="0,2" hai="0,6,9,37,43,44,58,62,67,72,76,83,105,107" machi="83" ten="30,8000,1" yaku="1,1,0,1,25,2,52,1,53,0" doraHai="79" doraHaiUra="29" who="1" fromWho="1" sc="293,-20,60,100,200,-20,427,-40" owari="273,7.0,160,-34.0,180,-22.0,387,49.0" />
</Scene>
</mjloggm>