<mjloggm ver="2.3"><GO type="169" lobby="0"/><UN n0="%E3%83%8F%E3%83%94%E3%83%8A%E5%90%8D%E6%8E%9B%E4%B8%81" n1="%4B%E3%80%82" n2="%41%53%41%50%49%4E" n3="%4D%61%52%63%48" dan="16,17,19,16" rate="2082,2178,2218,2087" sx="M,M,M,M"/><TAIKYOKU oya="0"/>

<Scene>
<INIT seed="0,0,0,0,5,130" ten="250,250,250,250" oya="0" hai0="96,11,50,79,52,123,8,45,80,14,115,114,44" hai1="10,106,124,12,61,55,113,94,23,56,49,98,118" hai2="7,28,21,77,36,43,51,60,17,58,64,92,40" hai3="39,127,103,2,67,88,82,59,18,72,3,63,26"/><T57/><D123/><U87/><E118/><V41/><F36/><W69/><G39/><T0/><D0/><U89/><E124/><V100/><F77/><W5/><G127/><T81/><D96/><U70/><E113/><V91/><F7/><W116/><G116/><T78/><D115/><U120/><E120/><V104/><F104/><W65/><G5/><T86/><D114/><U83/><E106/><V85/><F100/><W20/><G103/><T108/><D108/><U97/><E70/><V16/><REACH who="2" step="1"/><F51/><REACH who="2" ten="250,250,240,250" step="2"/><W101/><G101/><T74/><REACH who="0" step="1"/><D8/><REACH who="0" ten="240,250,240,250" step="2"/><U105/><E105/><V19/><F19/><AGARI ba="0,2" hai="11,14,19,44,45,50,52,57,74,78,79,80,81,86" machi="19" ten="30,11600,0" yaku="1,1,2,1,7,1,54,1,53,0" doraHai="130" doraHaiUra="90" who="0" fromWho="2" sc="240,136,250,0,240,-116,250,0" />
</Scene>
<Scene>
<INIT seed="0,1,0,2,2,89" ten="376,250,124,250" oya="0" hai0="49,19,98,86,127,111,21,102,14,37,7,107,53" hai1="110,119,47,63,128,28,33,97,26,15,132,11,50" hai2="24,105,64,94,74,77,6,69,75,100,92,99,43" hai3="72,36,131,113,126,62,79,18,57,106,25,46,16"/><T116/><D37/><U23/><E119/><V34/><F43/><W134/><G113/><T35/><D116/><U133/><E110/><V112/><F112/><W84/><G72/><T91/><D111/><U8/><E128/><V70/><F6/><W51/><G106/><T104/><D127/><U87/><E63/><N who="2" m="40095" /><F70/><W52/><G131/><T101/><D35/><U20/><E87/><V48/><F48/><W9/><G126/><T1/><D1/><U2/><E97/><V3/><F3/><W71/><G134/><N who="1" m="51818" /><E50/><V73/><F77/><W13/><G71/><T65/><D7/><N who="1" m="1143" /><E47/><V32/><F32/><W44/><G36/><T122/><D122/><U117/><E117/><V95/><F73/><W0/><G0/><T27/><D107/><U135/><N who="1" m="51826" /><U120/><DORA hai="55" /><E120/><V129/><F129/><W56/><G79/><T67/><D104/><U45/><E45/><V60/><F60/><W54/><G84/><T31/><D98/><U78/><E78/><V123/><F123/><W66/><G66/><T5/><D67/><U96/><E96/><V108/><F108/><W68/><G68/><T29/><D65/><U103/><E103/><V41/><F41/><W12/><REACH who="3" step="1"/><G25/><REACH who="3" ten="376,250,124,240" step="2"/><T10/><D102/><U40/><E40/><V17/><F17/><AGARI ba="1,1" hai="11,15,17,20,23,26,28,33" m="1143,51826" machi="17" ten="40,5200,0" yaku="20,1,34,2" doraHai="89,55" who="1" fromWho="2" sc="376,0,250,65,124,-55,240,0" />
</Scene>
<Scene>
<INIT seed="1,0,0,2,0,89" ten="376,315,69,240" oya="1" hai0="14,35,127,26,55,69,50,92,41,28,10,15,65" hai1="53,27,12,36,58,84,0,85,42,90,40,111,61" hai2="77,4,87,121,37,25,100,64,20,62,21,116,129" hai3="97,29,16,23,135,72,11,52,83,80,19,8,24"/><U67/><E0/><V110/><F121/><W17/><G135/><T96/><D127/><U132/><E132/><V120/><F120/><W122/><G122/><T107/><D41/><U38/><E111/><V133/><F110/><W47/><G72/><T112/><D107/><U81/><E38/><V123/><F133/><W33/><G97/><T114/><D65/><U3/><E3/><V44/><F123/><W32/><G32/><T125/><D69/><U6/><E27/><V88/><F116/><W104/><G104/><T39/><D39/><U60/><E36/><V74/><F129/><W59/><G47/><T51/><D125/><U79/><E12/><V117/><F117/><W43/><G43/><T30/><D30/><U48/><E6/><V131/><F131/><W130/><G33/><T45/><D51/><U68/><REACH who="1" step="1"/><E48/><REACH who="1" ten="376,305,69,240" step="2"/><V78/><F4/><W49/><REACH who="3" step="1"/><G130/><REACH who="3" ten="376,305,69,230" step="2"/><T54/><D114/><U126/><E126/><V118/><F118/><W18/><N who="3" m="4096" /><DORA hai="109" /><W99/><G99/><T13/><D112/><U115/><E115/><V91/><F25/><W76/><G76/><T66/><D10/><AGARI ba="0,2" hai="8,10,11,23,24,29,49,52,59,80,83" m="4096" machi="10" ten="50,8000,1" yaku="1,1,8,1,54,2,53,1" doraHai="89,109" doraHaiUra="46,103" who="3" fromWho="0" sc="376,-80,305,0,69,0,230,100" />
</Scene>
<Scene>
<INIT seed="2,0,0,2,5,117" ten="296,305,69,330" oya="2" hai0="111,107,50,67,96,71,12,98,122,58,32,46,109" hai1="97,54,79,93,22,61,14,6,38,129,44,37,35" hai2="23,75,19,45,115,15,36,94,89,29,43,1,62" hai3="4,101,87,52,73,27,132,59,48,47,9,51,124"/><V26/><F115/><W112/><G73/><T74/><D122/><U131/><E35/><V128/><F75/><W100/><G112/><T130/><D32/><U39/><E79/><V21/><F128/><N who="1" m="49225" /><E61/><V134/><F1/><W88/><G132/><T76/><D130/><U120/><E120/><V106/><F134/><W28/><G124/><T68/><D12/><U116/><E116/><V66/><F106/><W102/><G27/><T95/><D107/><U64/><E64/><V105/><F105/><W84/><G28/><T125/><D125/><U60/><E60/><V77/><F77/><W69/><G69/><T3/><D3/><U113/><E113/><V30/><F23/><W90/><G84/><T0/><D0/><U40/><E54/><V83/><F26/><W91/><G87/><T16/><D68/><U13/><E6/><V65/><F83/><W33/><G33/><T11/><D71/><U104/><E104/><V63/><F63/><W108/><G108/><T8/><D109/><U70/><E70/><V20/><F20/><W81/><G81/><T82/><D111/><U56/><E56/><V78/><F78/><W127/><G127/><T85/><D58/><U10/><E10/><N who="0" m="3625" /><D67/><N who="2" m="25610" /><F62/><W126/><G126/><T34/><D34/><U42/><E22/><V133/><F133/><W41/><G9/><T110/><D110/><U31/><E31/><V86/><F30/><W57/><REACH who="3" step="1"/><G59/><REACH who="3" ten="296,305,69,320" step="2"/><T18/><D74/><U7/><E7/><AGARI ba="0,1" hai="4,7,41,47,48,51,52,57,88,90,91,100,101,102" machi="7" ten="40,8000,1" yaku="1,1,2,1,8,1,54,2,53,0" doraHai="117" doraHaiUra="114" who="3" fromWho="1" sc="296,0,305,-80,69,0,320,90" />
</Scene>
<Scene>
<INIT seed="3,0,0,0,0,89" ten="296,225,69,410" oya="3" hai0="127,112,40,7,84,17,37,80,120,6,133,74,107" hai1="126,124,2,33,110,47,54,60,90,114,11,68,31" hai2="113,32,8,101,86,23,134,128,92,52,42,77,69" hai3="85,64,115,41,18,108,51,58,9,104,94,79,72"/><W59/><G104/><T63/><D120/><U98/><E114/><V49/><F113/><W91/><G115/><T0/><D112/><U78/><E110/><V135/><F69/><W82/><G108/><T67/><D74/><U43/><E78/><V39/><F32/><W3/><G64/><T10/><D107/><U25/><E2/><V123/><F123/><W95/><G3/><T93/><D7/><U13/><E68/><V16/><F128/><W30/><G30/><T27/><D133/><N who="2" m="50698" /><F8/><W24/><G9/><T35/><D127/><N who="1" m="48683" /><E60/><V75/><F75/><W36/><G36/><T118/><D118/><U55/><E98/><N who="2" m="59591" /><F42/><W100/><G41/><T22/><D40/><U26/><E26/><N who="2" m="14695" /><F39/><W66/><G66/><T131/><D37/><N who="1" m="21999" /><E90/><V88/><F77/><W71/><G51/><T102/><D131/><U19/><AGARI ba="0,0" hai="11,13,19,25,31,33,54,55" m="21999,48683" machi="19" ten="30,1100,0" yaku="18,1" doraHai="89" who="1" fromWho="1" sc="296,-3,225,11,69,-3,410,-5" />
</Scene>
<Scene>
<INIT seed="4,0,0,0,5,54" ten="293,236,66,405" oya="0" hai0="16,24,9,116,109,0,77,93,85,127,113,25,3" hai1="46,132,97,79,91,61,87,41,45,56,108,95,90" hai2="52,88,130,57,29,51,34,131,83,110,5,81,18" hai3="128,4,14,31,124,125,121,92,102,59,117,37,126"/><T115/><D116/><U129/><E108/><V10/><F110/><W44/><G121/><T19/><D109/><U76/><E129/><N who="2" m="49163" /><F18/><N who="0" m="6698" /><D77/><N who="1" m="29771" /><E132/><V99/><F29/><W20/><G117/><T47/><D47/><N who="1" m="17931" /><E41/><V89/><F34/><W8/><G128/><T53/><D53/><N who="1" m="33935" /><E91/><N who="2" m="34891" /><F99/><AGARI ba="0,0" hai="87,90,95,97,99" m="33935,17931,29771" machi="99" ten="30,2000,0" yaku="8,1,52,1" doraHai="54" who="1" fromWho="2" sc="293,0,236,20,66,-20,405,0" />
</Scene>
<Scene>
<INIT seed="5,0,0,3,3,105" ten="293,256,46,405" oya="1" hai0="1,128,99,15,11,79,12,98,55,109,56,7,68" hai1="97,91,17,35,116,49,129,81,8,46,36,37,130" hai2="9,126,44,103,107,26,85,54,27,30,106,22,108" hai3="70,83,71,115,29,119,38,40,72,64,60,73,4"/><U80/><E116/><V123/><F108/><W131/><G119/><T20/><D109/><U133/><E35/><V34/><F123/><W100/><G100/><T31/><D68/><U86/><E133/><V66/><F126/><W39/><G115/><T104/><D128/><N who="1" m="49259" /><E97/><N who="0" m="36873" /><D104/><U13/><E81/><V135/><F135/><W82/><G131/><T94/><D1/><U127/><E127/><V2/><F103/><W62/><G29/><T93/><D79/><U3/><E3/><V25/><F66/><W132/><G4/><T102/><D102/><U120/><E120/><V18/><F27/><W101/><G101/><T53/><D53/><AGARI ba="0,0" hai="8,13,17,36,37,46,49,53,80,86,91" m="49259" machi="53" ten="30,2900,0" yaku="25,1,19,1" doraHai="105" who="1" fromWho="0" sc="293,-29,256,29,46,0,405,0" />
</Scene>
<Scene>
<INIT seed="5,1,0,5,2,87" ten="264,285,46,405" oya="1" hai0="120,131,68,88,50,86,16,127,75,63,40,11,42" hai1="115,49,13,51,128,85,39,84,1,70,3,98,32" hai2="121,15,73,0,125,80,9,100,27,35,43,23,122" hai3="78,99,67,123,56,126,116,65,113,58,102,108,89"/><U57/><E32/><V101/><F125/><W97/><G126/><T94/><D127/><U10/><E39/><V20/><F35/><W69/><G123/><T66/><D120/><U37/><E37/><V47/><F0/><W124/><G116/><T107/><D107/><U48/><E70/><V52/><F43/><W134/><G134/><T33/><D33/><U41/><E128/><V76/><F122/><W29/><G113/><T26/><D75/><U31/><E31/><V96/><F121/><W103/><G108/><T14/><D131/><U38/><E115/><V105/><F100/><W117/><G124/><T4/><D50/><U92/><E38/><V36/><F36/><W21/><G78/><T62/><D63/><U18/><E41/><V19/><REACH who="2" step="1"/><F27/><REACH who="2" ten="264,285,36,405" step="2"/><W45/><G117/><T30/><D40/><U7/><E3/><V93/><F93/><W106/><G103/><T81/><D42/><U109/><E109/><V111/><F111/><W129/><G102/><T91/><D26/><U83/><E83/><V82/><F82/><W12/><G106/><T22/><D94/><U119/><E119/><V55/><F55/><W79/><G129/><T54/><D54/><U135/><E135/><V60/><F60/><W114/><G67/><T132/><D132/><U2/><E1/><V61/><F61/><W24/><G65/><T8/><D62/><U53/><E2/><V110/><F110/><W17/><G24/><T90/><D66/><U64/><E64/><V46/><F46/><W25/><G45/><T77/><D81/><U34/><E34/><V5/><F5/><RYUUKYOKU ba="1,1" sc="264,-10,285,-10,36,30,405,-10" hai2="9,15,19,20,23,47,52,73,76,80,96,101,105" />
</Scene>
<Scene>
<INIT seed="6,2,1,2,5,40" ten="254,275,66,395" oya="2" hai0="86,41,75,9,51,79,113,98,60,20,132,44,78" hai1="48,25,74,46,6,63,90,27,95,34,134,39,118" hai2="127,103,4,36,26,1,126,18,11,64,61,115,80" hai3="23,65,3,52,47,91,112,19,29,28,121,117,37"/><V24/><F36/><W133/><G121/><T67/><D132/><U72/><E118/><V88/><F115/><W57/><G133/><T99/><D113/><U56/><E134/><V105/><F103/><W125/><G117/><T89/><D75/><U104/><E104/><V32/><F105/><W110/><G110/><T58/><D9/><U108/><E108/><V102/><F102/><W111/><G111/><T22/><D22/><U16/><E39/><V97/><F32/><W0/><G112/><T135/><D20/><U14/><E6/><V77/><F18/><W62/><G125/><N who="2" m="47625" /><F77/><N who="0" m="29194" /><D135/><U15/><E34/><V131/><F131/><W96/><G3/><T31/><D31/><U10/><E15/><V107/><F107/><W124/><G0/><T119/><D119/><U83/><E83/><AGARI ba="2,1" hai="41,44,51,58,60,67,83,86,89,98,99" m="29194" machi="83" ten="30,2000,0" yaku="8,1,52,1" doraHai="40" who="0" fromWho="1" sc="254,36,275,-26,66,0,395,0" />
</Scene>
<Scene>
<INIT seed="7,0,0,2,1,120" ten="290,249,66,395" oya="3" hai0="21,76,56,106,117,32,53,14,58,23,135,19,20" hai1="60,80,83,85,4,43,112,63,54,11,28,74,22" hai2="47,9,17,59,133,121,55,132,90,94,108,41,102" hai3="79,128,111,29,77,44,67,8,57,0,125,88,10"/><W92/><G125/><T93/><D106/><U27/><E112/><V40/><F9/><W129/><G8/><T89/><D117/><U65/><E43/><V7/><F94/><W42/><G29/><T70/><D135/><U64/><E74/><V73/><F102/><W87/><G67/><T78/><D70/><U127/><E127/><V50/><F7/><N who="3" m="1383" /><G57/><T12/><D32/><U131/><E131/><N who="3" m="50250" /><G111/><T51/><D58/><U123/><E123/><V82/><F90/><W109/><G109/><T100/><D100/><U69/><E54/><V24/><F82/><W39/><AGARI ba="0,0" hai="39,42,44,77,79,87,88,92" m="50250,1383" machi="39" ten="30,3000,0" yaku="19,1,54,1" doraHai="120" who="3" fromWho="3" sc="290,-10,249,-10,66,-10,395,30" owari="280,8.0,239,-16.0,56,-44.0,425,52.0" />
</Scene>
</mjloggm>