<mjloggm ver="2.3"><GO type="169" lobby="0"/><UN n0="%41%53%41%50%49%4E" n1="%E3%83%8A%E3%82%AC%E3%83%A4%E3%83%9E" n2="%E3%81%99%E3%81%9F%E3%83%BC%E3%82%89%E3%81%84%E3%81%A8%E3%81%B3%E3%83%BC" n3="%E6%B5%9C%E6%B4%8B%E4%B8%80%E6%9C%97" dan="19,16,18,16" rate="2278.57,2094.59,2183.95,2064.44" sx="M,M,F,F"/><TAIKYOKU oya="0"/>

<Scene>
<INIT seed="0,0,0,2,3,68" ten="250,250,250,250" oya="0" hai0="69,91,17,71,20,135,40,1,121,45,96,117,16" hai1="95,9,33,107,14,60,37,21,99,72,83,67,70" hai2="109,22,47,53,100,7,42,34,93,124,55,36,118" hai3="32,44,24,79,5,133,127,80,4,38,111,2,104"/><T19/><D117/><U134/><E134/><V41/><F34/><W77/><G104/><T88/><D121/><U27/><E107/><V122/><F122/><W3/><G133/><T97/><D135/><U130/><E33/><V6/><F118/><W48/><G111/><T66/><D1/><U58/><E70/><V51/><F109/><W12/><G38/><T15/><D69/><U29/><E130/><V115/><F115/><W49/><G127/><T126/><D126/><U125/><E125/><V119/><F119/><W89/><G89/><N who="0" m="34379" /><D66/><U25/><E25/><V123/><F123/><W114/><G24/><N who="0" m="14343" /><D71/><U110/><E72/><V116/><F36/><W54/><G32/><T131/><D131/><U52/><E110/><V63/><F116/><W94/><G3/><T13/><D13/><U120/><E120/><V59/><F124/><W102/><G12/><T11/><D19/><N who="1" m="8655" /><E67/><V8/><F22/><W73/><G2/><T31/><D31/><U35/><E35/><V78/><F8/><W10/><G10/><T56/><D56/><U132/><E37/><V61/><F59/><W113/><G113/><T64/><D64/><U76/><E132/><V26/><F26/><W85/><G114/><T39/><D39/><U57/><E57/><V82/><F6/><W23/><G4/><T90/><N who="0" m="34387" /><T18/><DORA hai="28" /><D18/><U112/><E112/><V74/><F7/><W128/><G5/><T98/><D45/><U46/><E46/><V30/><F47/><W84/><G44/><T101/><D101/><U87/><E29/><V0/><F30/><W105/><G128/><RYUUKYOKU ba="0,0" sc="250,30,250,-10,250,-10,250,-10" hai0="11,15,17,40,96,97,98" />
</Scene>
<Scene>
<INIT seed="0,1,0,1,0,130" ten="280,240,240,240" oya="0" hai0="69,111,127,117,47,68,70,36,66,84,34,13,38" hai1="95,60,129,80,123,101,48,50,125,108,90,8,100" hai2="106,26,132,27,21,11,96,107,109,10,0,79,67" hai3="81,114,97,113,85,23,44,2,135,24,9,28,118"/><T112/><D112/><U61/><E123/><V49/><F79/><W35/><G118/><T92/><D34/><U115/><E115/><V58/><F109/><W64/><G64/><T103/><D117/><U72/><E129/><V122/><F122/><W5/><G135/><T4/><D111/><U87/><E108/><V59/><F21/><W1/><G1/><T77/><D127/><U88/><E125/><V99/><F49/><N who="1" m="19049" /><E72/><V131/><F132/><W43/><G97/><T76/><D66/><U46/><E46/><V53/><F131/><W14/><G44/><T71/><D71/><U55/><E8/><V98/><F67/><W89/><REACH who="3" step="1"/><G43/><REACH who="3" ten="280,240,240,230" step="2"/><T3/><D47/><U93/><E55/><V54/><F98/><W19/><AGARI ba="1,1" hai="2,5,9,14,19,23,24,28,35,81,85,89,113,114" machi="19" ten="30,12000,2" yaku="1,1,2,1,0,1,24,2,53,1" doraHai="130" doraHaiUra="7" who="3" fromWho="3" sc="280,-61,240,-31,240,-31,230,133" />
</Scene>
<Scene>
<INIT seed="1,0,0,2,2,5" ten="219,209,209,363" oya="1" hai0="127,98,4,76,31,49,109,50,34,56,72,45,88" hai1="33,115,68,10,66,84,134,132,101,135,7,35,18" hai2="118,75,90,114,89,117,23,125,40,81,94,36,21" hai3="63,60,70,17,113,29,122,64,133,123,130,112,99"/><U22/><E115/><V61/><F114/><N who="3" m="44139" /><G17/><T93/><D109/><U107/><E84/><V52/><F125/><W126/><G29/><T91/><D127/><U9/><E101/><V37/><F37/><W121/><G99/><T13/><D34/><N who="1" m="12811" /><E107/><V80/><F40/><W97/><G97/><T129/><D31/><U69/><E7/><V51/><F36/><W71/><G126/><T44/><D129/><U86/><E86/><V87/><F61/><N who="3" m="23627" /><G130/><T30/><D30/><U48/><E48/><V28/><F80/><W0/><G0/><T53/><D76/><U32/><N who="1" m="12819" /><U55/><DORA hai="62" /><E55/><V38/><F75/><W111/><G133/><T2/><D72/><U104/><E104/><V14/><F87/><W106/><G106/><T105/><D2/><U8/><E66/><V19/><F89/><W20/><G20/><T25/><D105/><U85/><E85/><V67/><F90/><W103/><G103/><T15/><D91/><U110/><E110/><V108/><F108/><W12/><G12/><AGARI ba="0,0" hai="8,9,10,12,18,22,68,69,132,134,135" m="12819" machi="12" ten="50,12000,1" yaku="20,1,52,3" doraHai="5,62" who="1" fromWho="3" sc="219,0,209,120,209,0,363,-120" />
</Scene>
<Scene>
<INIT seed="1,1,0,1,1,102" ten="219,329,209,243" oya="1" hai0="31,64,119,43,62,116,52,24,98,106,115,101,32" hai1="45,78,21,88,4,75,73,120,42,3,49,40,100" hai2="92,30,54,108,125,48,70,121,0,77,69,83,111" hai3="46,38,109,82,25,61,81,34,47,118,96,112,59"/><U94/><E120/><V84/><F0/><W63/><G112/><T90/><D115/><U28/><E100/><V86/><F121/><W99/><G109/><N who="2" m="42057" /><F30/><W126/><G126/><T16/><D43/><U41/><E4/><V128/><F128/><W35/><G59/><T67/><D90/><U68/><E68/><V76/><F125/><W113/><G113/><T37/><D37/><U22/><E3/><V131/><F131/><W27/><REACH who="3" step="1"/><G38/><REACH who="3" ten="219,329,209,233" step="2"/><T56/><D67/><U44/><E44/><V14/><F70/><W51/><G51/><T117/><D117/><AGARI ba="1,1" hai="25,27,34,35,46,47,61,63,81,82,96,99,117,118" machi="117" ten="25,3200,0" yaku="1,1,22,2,53,0" doraHai="102" doraHaiUra="26" who="3" fromWho="0" sc="219,-35,329,0,209,0,233,45" />
</Scene>
<Scene>
<INIT seed="2,0,0,0,1,94" ten="184,329,209,278" oya="2" hai0="133,114,112,35,42,10,122,28,30,134,65,44,127" hai1="8,100,37,5,1,29,34,111,51,57,62,68,7" hai2="50,66,78,108,117,6,98,97,89,130,0,131,26" hai3="86,102,120,53,25,71,99,73,11,64,16,15,9"/><V39/><F39/><W18/><G73/><T75/><D122/><U3/><E37/><V116/><F78/><W14/><G120/><T77/><D127/><U13/><E111/><V45/><F66/><W105/><G25/><T32/><D65/><U110/><E110/><V74/><F74/><W33/><G33/><T126/><D126/><U88/><E100/><V91/><F108/><W83/><G53/><T46/><D75/><U41/><E68/><V107/><F107/><W55/><G55/><T31/><D77/><U109/><E109/><V61/><F26/><W106/><G64/><T54/><D54/><U36/><E36/><V27/><F27/><W43/><G71/><T20/><D20/><U124/><E124/><V72/><F72/><W101/><G43/><T59/><D59/><U92/><E29/><V56/><F56/><W40/><G40/><T79/><D79/><U4/><E34/><N who="0" m="12841" /><D10/><U52/><E41/><N who="2" m="24879" /><F61/><W69/><G69/><T60/><D60/><U87/><REACH who="1" step="1"/><E62/><REACH who="1" ten="184,319,209,278" step="2"/><V118/><F118/><W85/><G83/><T123/><D42/><U80/><E80/><V19/><F116/><W2/><G2/><AGARI ba="0,1" hai="1,2,3,4,5,7,8,13,51,52,57,87,88,92" machi="2" ten="40,5200,0" yaku="1,1,54,2,53,0" doraHai="94" doraHaiUra="125" who="1" fromWho="3" sc="184,0,319,62,209,0,278,-52" />
</Scene>
<Scene>
<INIT seed="3,0,0,4,4,122" ten="184,381,209,226" oya="3" hai0="108,66,80,91,100,2,12,76,44,71,78,51,57" hai1="117,59,35,42,85,6,130,27,123,75,25,99,7" hai2="106,114,4,14,40,77,29,103,5,38,13,83,70" hai3="15,41,48,120,133,121,62,8,94,49,69,110,67"/><W28/><G133/><T118/><D2/><U112/><E75/><V0/><F70/><W111/><G28/><T87/><D71/><U32/><E123/><V131/><F29/><W81/><G94/><T37/><D37/><U21/><E112/><V24/><F24/><W101/><G101/><T72/><D118/><U68/><E68/><V88/><F5/><W60/><G81/><T90/><D100/><U56/><E117/><V116/><F4/><N who="3" m="3463" /><G62/><N who="0" m="38223" /><D108/><N who="3" m="41513" /><G48/><T30/><D30/><U109/><E109/><V19/><F103/><W1/><G1/><T61/><D61/><U31/><E31/><V46/><F83/><W134/><G134/><T45/><D72/><U54/><E35/><V126/><F0/><W96/><G96/><T86/><D51/><U132/><E99/><V102/><F102/><W84/><G84/><T104/><D86/><U74/><E85/><V3/><F3/><W119/><G119/><T53/><D87/><U98/><E98/><V92/><F116/><W79/><G79/><T89/><D80/><U34/><E34/><V18/><F77/><W97/><G97/><T50/><D78/><U43/><E32/><V128/><F92/><W82/><G82/><T64/><D76/><U58/><E132/><V33/><F33/><W9/><G9/><T65/><D50/><U127/><E74/><V52/><F114/><W135/><G135/><T10/><D10/><U36/><E7/><V107/><F107/><W129/><G129/><T105/><D104/><U63/><E6/><V124/><F131/><W23/><G23/><T26/><D105/><U115/><E130/><RYUUKYOKU ba="0,0" sc="184,-10,381,-10,209,-10,226,30" hai3="41,49,60,67,69,120,121" />
</Scene>
<Scene>
<INIT seed="3,1,0,5,1,33" ten="174,371,199,256" oya="3" hai0="39,3,112,26,34,65,99,78,128,11,53,27,92" hai1="63,30,93,24,81,60,111,35,101,2,127,97,12" hai2="14,10,84,70,134,19,45,121,51,123,48,57,58" hai3="22,37,29,69,72,95,64,21,18,86,110,74,50"/><W89/><G37/><T80/><D39/><U98/><E2/><V107/><F70/><W54/><G110/><T44/><D128/><U106/><E111/><V40/><F107/><W16/><G69/><T7/><D112/><U59/><E127/><V71/><F71/><W103/><G64/><T5/><D34/><U49/><E81/><V47/><F134/><W32/><G103/><T113/><D113/><U85/><E85/><V17/><F84/><W119/><G119/><T43/><D65/><U105/><E105/><V129/><F129/><W126/><G126/><T38/><D53/><U68/><E68/><V9/><F123/><W133/><G32/><T4/><D26/><U15/><E49/><V116/><F116/><W120/><G133/><T100/><D27/><U67/><REACH who="1" step="1"/><E63/><REACH who="1" ten="174,361,199,256" step="2"/><V52/><F121/><W104/><G104/><T1/><D1/><U79/><E79/><V96/><F96/><W102/><G120/><T132/><D132/><U75/><E75/><AGARI ba="1,1" hai="3,4,5,7,11,38,43,44,75,78,80,92,99,100" machi="75" ten="30,7700,0" yaku="7,1,25,2,52,1" doraHai="33" who="0" fromWho="1" sc="174,90,361,-80,199,0,256,0" />
</Scene>
<Scene>
<INIT seed="4,0,0,1,5,7" ten="264,281,199,256" oya="0" hai0="49,31,114,81,107,129,21,100,131,32,48,38,35" hai1="115,29,52,99,92,37,46,57,135,120,102,97,25" hai2="69,45,42,17,36,44,103,59,41,13,86,8,95" hai3="20,50,18,123,33,75,133,83,74,27,91,96,77"/><T73/><D38/><U66/><E120/><V116/><F69/><W23/><G123/><T122/><D122/><U34/><E135/><V70/><F70/><W128/><G33/><T90/><D114/><U82/><E115/><V121/><F121/><W19/><G133/><T60/><D21/><U24/><E82/><V79/><F116/><W119/><G119/><T130/><D60/><U3/><E3/><V76/><F59/><W55/><G128/><T40/><D40/><U88/><E25/><V6/><F17/><W14/><G96/><N who="0" m="61831" /><D90/><U39/><E46/><V63/><F63/><W118/><G91/><T94/><D94/><U2/><E66/><V68/><F68/><W67/><G67/><T65/><D65/><U101/><E2/><V108/><F108/><W1/><G1/><T28/><D35/><U22/><E34/><V0/><F0/><W111/><G118/><T30/><D32/><U26/><E26/><V53/><F53/><W93/><G93/><T110/><D110/><U61/><REACH who="1" step="1"/><E102/><REACH who="1" ten="264,271,199,256" step="2"/><V62/><F103/><W78/><G111/><T126/><D126/><U109/><E109/><V15/><F45/><W89/><G83/><T113/><D113/><U125/><E125/><V43/><F44/><W16/><G27/><T104/><D104/><AGARI ba="0,1" hai="22,24,29,37,39,52,57,61,88,92,97,99,101,104" machi="104" ten="30,7700,0" yaku="1,1,7,1,54,2,53,0" doraHai="7" doraHaiUra="64" who="1" fromWho="0" sc="264,-77,271,87,199,0,256,0" />
</Scene>
<Scene>
<INIT seed="5,0,0,4,0,76" ten="187,358,199,256" oya="1" hai0="132,50,7,90,14,58,135,71,13,69,122,96,126" hai1="47,121,35,86,29,21,124,67,84,134,120,48,75" hai2="112,74,10,73,81,104,41,128,83,82,31,117,9" hai3="51,56,18,5,28,103,100,15,0,53,37,133,108"/><U46/><E75/><V98/><F117/><W88/><G108/><T80/><D126/><U92/><E124/><V85/><F41/><W3/><G133/><N who="0" m="51275" /><D122/><U20/><E35/><V6/><F31/><W22/><G37/><T119/><D119/><U44/><E134/><V87/><F10/><W4/><G28/><T97/><D7/><N who="3" m="2633" /><G3/><T2/><D2/><U77/><E67/><V106/><F9/><W78/><G0/><T42/><D96/><U32/><E32/><V70/><F6/><W8/><G78/><T114/><D114/><U118/><E118/><V19/><F19/><N who="3" m="8679" /><G88/><T49/><D97/><U24/><E120/><V79/><F70/><W115/><G115/><T102/><D102/><U111/><E121/><V101/><F112/><W40/><G40/><T72/><D42/><U54/><E111/><V93/><F128/><W23/><G23/><T68/><D14/><AGARI ba="0,0" hai="14,18,22,51,53,56,100,103" m="8679,2633" machi="14" ten="30,1000,0" yaku="8,1" doraHai="76" who="3" fromWho="0" sc="187,-10,358,0,199,0,256,10" />
</Scene>
<Scene>
<INIT seed="6,0,0,4,1,109" ten="177,358,199,266" oya="2" hai0="54,114,3,65,113,40,23,120,129,121,18,50,135" hai1="73,13,88,105,131,71,123,33,103,31,95,111,117" hai2="15,48,62,21,28,27,4,66,25,78,125,2,58" hai3="14,12,6,126,30,102,119,34,43,96,82,90,69"/><V61/><F125/><W17/><G119/><T106/><D3/><U99/><E117/><V45/><F2/><W128/><G126/><T107/><D40/><U60/><E111/><V70/><F78/><W56/><G69/><T101/><D65/><N who="1" m="41383" /><E13/><V116/><F116/><W104/><G128/><T74/><D74/><U110/><E110/><V64/><F27/><W63/><G43/><T86/><D129/><U55/><E73/><V133/><F133/><W16/><G34/><T44/><D135/><U100/><E100/><V29/><F15/><W92/><G30/><T108/><D108/><U53/><E131/><V19/><REACH who="2" step="1"/><F4/><REACH who="2" ten="177,358,189,266" step="2"/><W32/><G6/><T49/><D121/><U38/><E123/><V9/><F9/><W41/><G14/><N who="0" m="9687" /><D120/><U75/><E75/><V93/><F93/><W10/><G92/><T26/><D26/><U35/><E95/><V79/><F79/><W37/><G104/><T80/><D101/><U68/><E103/><V22/><F22/><W5/><G102/><T132/><D132/><U76/><E105/><V11/><F11/><W8/><G10/><T134/><D134/><U94/><E94/><V51/><F51/><W85/><G8/><T36/><D49/><U83/><E76/><V39/><F39/><W87/><G37/><T130/><D36/><U112/><E38/><V0/><F0/><W98/><G5/><T20/><D130/><U57/><E83/><V67/><F67/><W24/><G12/><T84/><D20/><U52/><E35/><V122/><F122/><W59/><G32/><T81/><D106/><U118/><E33/><RYUUKYOKU ba="0,1" sc="177,-10,358,-10,189,30,266,-10" hai2="19,21,25,28,29,45,48,58,61,62,64,66,70" />
</Scene>
<Scene>
<INIT seed="6,1,1,2,1,67" ten="167,348,219,256" oya="2" hai0="127,33,82,61,93,23,98,71,94,95,128,29,47" hai1="79,49,7,12,69,110,126,92,17,55,129,125,62" hai2="13,60,97,14,25,108,28,122,34,99,9,38,53" hai3="42,27,30,37,65,81,88,70,134,35,59,72,90"/><V119/><F122/><W76/><G134/><T132/><D132/><U84/><E110/><V123/><F123/><W131/><G131/><T114/><D128/><U103/><E7/><V77/><F38/><W96/><G59/><T57/><D33/><U68/><E129/><V46/><F77/><W41/><G37/><T109/><D109/><U106/><E106/><V18/><F119/><W51/><G51/><T116/><D116/><U21/><E103/><V40/><F108/><W83/><G83/><T100/><D114/><U120/><E120/><V135/><F135/><W4/><G4/><T105/><D127/><N who="1" m="48651" /><E62/><V118/><F118/><W3/><G3/><T104/><D104/><U75/><E75/><V24/><F24/><W121/><G121/><T101/><D101/><U64/><E64/><V26/><F26/><W107/><G42/><T91/><D29/><U6/><E6/><V32/><F32/><W102/><G41/><T86/><D23/><U19/><E19/><V15/><F40/><W22/><G22/><T10/><D10/><U63/><E63/><AGARI ba="1,1" hai="27,30,35,63,65,70,72,76,81,88,90,96,102,107" machi="63" ten="40,8000,1" yaku="25,2,52,1,54,1" doraHai="67" who="3" fromWho="1" sc="167,0,348,-83,219,0,256,93" />
</Scene>
<Scene>
<INIT seed="7,0,0,2,1,72" ten="167,265,219,349" oya="3" hai0="43,10,132,130,48,96,131,36,101,81,70,5,94" hai1="103,84,113,92,129,116,71,37,8,34,23,64,134" hai2="73,16,54,85,77,90,3,51,67,104,2,4,63" hai3="87,47,126,26,46,120,32,30,115,61,127,111,28"/><W68/><G115/><T52/><D70/><U124/><E34/><V19/><F104/><W80/><G120/><T114/><D132/><U13/><E113/><V33/><F33/><W82/><G30/><T53/><D114/><U76/><E37/><V25/><F4/><W123/><G123/><T89/><D36/><U18/><E134/><V27/><F2/><W12/><G111/><T21/><D43/><U9/><E124/><N who="3" m="47658" /><G12/><T133/><D133/><U93/><E129/><V106/><F106/><W60/><G82/><T22/><D53/><U17/><E103/><V75/><F54/><W57/><G68/><T117/><D117/><U86/><E71/><V112/><F3/><W31/><G31/><T118/><D118/><U107/><E116/><V42/><F25/><W38/><G60/><T122/><D122/><U119/><E13/><V35/><F27/><W83/><G83/><T95/><D81/><U7/><E119/><V135/><F63/><W78/><G38/><T100/><D130/><U11/><E7/><V98/><F135/><W58/><G58/><T109/><D109/><U125/><E125/><V45/><F112/><W79/><G79/><T91/><D131/><U59/><E76/><V108/><F77/><W66/><AGARI ba="0,0" hai="26,28,32,46,47,57,61,66,78,80,87" m="47658" machi="66" ten="30,3000,0" yaku="18,1,52,1" doraHai="72" who="3" fromWho="3" sc="167,-10,265,-10,219,-10,349,30" owari="157,-34.0,255,6.0,209,-19.0,379,47.0" />
</Scene>
</mjloggm>