<mjloggm ver="2.3"><GO type="169"/><UN n0="%E3%83%92%E3%82%B2%E3%83%AD%E3%83%B3%E3%82%B0" n1="%41%53%41%50%49%4E" n2="%E5%9F%BA%E7%A4%8E%E8%AB%96" n3="%E7%81%BC%E7%9C%BC%E3%81%AE%E3%82%B7%E3%83%A3%E3%83%8A%E3%82%BF%E3%83%B3" dan="18,18,16,16" rate="2160,2173,2037,2073" sx="M,M,M,F"/><TAIKYOKU oya="0"/>

<Scene>
<INIT seed="0,0,0,0,3,134" ten="250,250,250,250" oya="0" hai0="18,110,105,43,68,65,42,84,36,13,23,26,83" hai1="128,133,16,55,4,111,14,2,32,127,48,86,9" hai2="60,81,29,54,41,21,38,33,118,103,53,49,37" hai3="122,77,74,75,66,94,120,95,24,135,11,64,115"/><T108/><D105/><U34/><E133/><V50/><F33/><W6/><G24/><T79/><D65/><N who="3" m="25193" /><G115/><T35/><D68/><U131/><E86/><V5/><F5/><W22/><G22/><T88/><D79/><U125/><E111/><N who="0" m="42537" /><D36/><U46/><E34/><V130/><F103/><W104/><G104/><T119/><D119/><U17/><E32/><V10/><F10/><W109/><G109/><T85/><D85/><U73/><E73/><N who="3" m="27658" /><G135/><T61/><D61/><U113/><E113/><V56/><F81/><W12/><G77/><T27/><D27/><U40/><E40/><V0/><F0/><W98/><G98/><T89/><D89/><U100/><E100/><V129/><F21/><W19/><G6/><T71/><D71/><U67/><E67/><V45/><F29/><AGARI ba="0,0" hai="13,18,23,26,29,35,42,43,83,84,88" m="42537" machi="29" ten="30,5800,0" yaku="14,1,10,1,54,1" doraHai="134" who="0" fromWho="2" sc="250,58,250,0,250,-58,250,0" />
</Scene>
<Scene>
<INIT seed="0,1,0,0,3,18" ten="308,250,192,250" oya="0" hai0="105,54,51,4,41,9,7,96,40,44,61,2,84" hai1="118,66,60,32,80,87,83,15,77,86,132,57,94" hai2="56,35,90,131,65,74,45,124,97,92,16,58,5" hai3="133,55,10,111,28,91,117,39,17,129,0,67,63"/><T121/><D121/><U103/><E132/><V130/><F74/><W98/><G117/><T109/><D4/><U101/><E118/><V72/><F72/><W116/><G116/><T112/><D112/><U22/><E32/><V11/><F35/><W13/><G39/><T119/><D119/><U71/><E94/><V21/><F45/><W37/><G37/><T25/><D84/><U82/><E71/><V20/><F124/><W30/><G133/><T69/><D109/><U88/><E83/><V29/><F29/><W79/><G111/><T134/><D134/><U14/><E14/><N who="2" m="7263" /><F5/><W135/><G135/><T73/><D73/><U68/><E68/><V113/><F113/><W36/><G36/><T106/><D25/><U12/><E12/><V23/><F65/><W114/><G114/><T89/><D106/><U19/><AGARI ba="1,0" hai="15,19,22,57,60,66,77,80,82,86,87,88,101,103" machi="19" ten="30,7900,0" yaku="0,1,8,1,52,1,54,1" doraHai="18" who="1" fromWho="1" sc="308,-40,250,82,192,-21,250,-21" />
</Scene>
<Scene>
<INIT seed="1,0,0,1,2,71" ten="268,332,171,229" oya="1" hai0="129,75,81,19,12,80,21,97,68,10,79,20,44" hai1="102,26,70,95,48,50,9,39,65,38,133,22,92" hai2="11,55,66,91,24,93,35,128,132,58,27,115,62" hai3="113,23,30,45,99,135,87,117,106,85,2,46,130"/><U120/><E120/><V74/><F74/><W41/><G113/><T49/><D68/><U77/><E133/><V109/><F132/><W104/><G2/><T127/><D129/><U86/><E9/><V94/><F128/><W61/><G135/><T25/><D127/><U89/><E77/><V4/><F115/><W14/><G130/><T54/><D81/><U112/><E112/><V16/><F35/><W33/><G117/><T123/><D123/><U96/><E50/><V3/><F109/><W119/><G119/><T84/><D97/><U64/><E48/><V53/><F93/><W122/><G122/><T98/><D98/><U37/><REACH who="1" step="1"/><E70/><REACH who="1" ten="268,322,171,229" step="2"/><V72/><F72/><W5/><G61/><T101/><D75/><U57/><E57/><V34/><F11/><W15/><G46/><T125/><D125/><U78/><E78/><V56/><F56/><W67/><G45/><T28/><D101/><U107/><E107/><V17/><F4/><W18/><G104/><T52/><REACH who="0" step="1"/><D10/><REACH who="0" ten="258,322,171,229" step="2"/><U69/><E69/><V63/><F63/><W88/><G106/><T126/><D126/><U6/><E6/><V116/><F116/><W31/><G5/><T0/><D0/><U111/><E111/><V83/><F3/><W76/><G76/><T51/><D51/><U118/><E118/><V100/><F100/><W13/><G88/><T90/><D90/><U114/><E114/><V42/><F91/><W73/><G73/><T131/><D131/><U40/><E40/><AGARI ba="0,2" hai="12,19,20,21,25,28,40,44,49,52,54,79,80,84" machi="40" ten="30,8000,1" yaku="1,1,7,1,8,1,54,1,53,1" doraHai="71" doraHaiUra="43" who="0" fromWho="1" sc="258,100,322,-80,171,0,229,0" />
</Scene>
<Scene>
<INIT seed="2,0,0,4,2,78" ten="358,242,171,229" oya="2" hai0="76,129,122,6,34,73,16,114,58,12,123,47,42" hai1="126,55,35,74,54,3,119,19,108,4,132,30,14" hai2="83,134,96,22,41,131,66,97,17,60,5,31,85" hai3="52,1,36,130,70,84,107,45,68,46,53,124,39"/><V8/><F131/><W21/><G1/><T113/><D129/><U23/><E119/><V86/><F134/><W133/><G107/><T9/><D34/><U29/><E132/><V28/><F41/><W127/><G133/><T79/><D58/><U91/><E108/><V11/><F5/><W44/><G21/><T57/><D57/><U56/><E126/><N who="3" m="48170" /><G84/><T59/><D59/><U7/><E74/><V72/><F72/><W116/><G116/><T135/><D135/><U25/><E30/><N who="2" m="11307" /><F60/><W82/><G82/><T106/><D106/><U77/><E77/><N who="2" m="46319" /><F86/><W24/><G24/><T95/><D122/><U2/><E91/><V10/><F66/><W112/><G112/><T40/><D123/><U94/><E94/><V37/><F37/><N who="3" m="14411" /><G130/><T120/><D120/><U100/><E100/><V64/><F64/><W13/><G13/><AGARI ba="0,0" hai="8,10,11,13,17,22,96,97" m="46319,11307" machi="13" ten="30,2900,0" yaku="8,1,52,1" doraHai="78" who="2" fromWho="3" sc="358,0,242,0,171,29,229,-29" />
</Scene>
<Scene>
<INIT seed="2,1,0,3,5,50" ten="358,242,200,200" oya="2" hai0="26,51,16,32,128,63,120,116,101,106,56,91,100" hai1="49,24,105,97,99,19,114,37,46,121,118,108,95" hai2="131,1,119,107,10,96,112,2,22,3,55,86,45" hai3="17,6,65,70,18,47,61,36,27,35,130,20,92"/><V74/><F74/><W89/><G130/><T103/><D120/><U7/><E118/><V78/><F112/><W80/><G6/><T0/><D0/><U77/><E114/><V14/><F119/><W88/><G35/><T85/><D128/><U39/><E121/><V48/><F131/><W30/><G80/><T15/><D116/><U33/><E108/><V12/><F22/><W5/><G5/><T90/><D51/><U115/><E115/><V25/><F25/><W42/><REACH who="3" step="1"/><G89/><REACH who="3" ten="358,242,200,190" step="2"/><T127/><D91/><U81/><E7/><V133/><F1/><W11/><G11/><T83/><D127/><U60/><E81/><V58/><F2/><W111/><G111/><T8/><D32/><U53/><E33/><V34/><F34/><W21/><G21/><T23/><D106/><U109/><E105/><V38/><F3/><W135/><G135/><T66/><REACH who="0" step="1"/><D103/><REACH who="0" ten="348,242,200,190" step="2"/><U82/><E109/><V84/><F107/><W134/><G134/><T72/><D72/><U104/><E104/><V126/><F133/><W129/><G129/><T110/><D110/><U43/><E37/><V87/><F38/><W69/><G69/><T62/><D62/><U132/><E60/><V54/><F126/><W122/><G122/><T59/><D59/><U71/><E132/><V29/><F58/><W40/><G40/><T76/><D76/><U57/><E71/><V73/><F73/><W113/><G113/><T9/><D9/><U67/><E39/><V68/><F78/><W4/><G4/><AGARI ba="1,2" hai="4,8,15,16,23,26,56,63,66,83,85,90,100,101" machi="4" ten="30,8000,1" yaku="1,1,7,1,8,1,54,1,53,1" doraHai="50" doraHaiUra="79" who="0" fromWho="3" sc="348,103,242,0,200,0,190,-83" />
</Scene>
<Scene>
<INIT seed="3,0,0,2,5,96" ten="451,242,200,107" oya="3" hai0="69,125,132,23,110,78,80,42,3,32,51,93,7" hai1="37,113,62,87,39,12,28,104,58,24,105,79,5" hai2="17,52,1,55,38,33,64,90,133,92,67,111,130" hai3="65,88,22,85,114,116,75,135,11,115,10,71,84"/><W27/><G75/><T102/><D32/><U89/><E79/><V16/><F38/><W2/><G116/><T99/><D69/><U68/><E68/><V31/><F1/><W44/><G135/><T50/><D110/><U36/><E113/><V15/><F111/><W56/><G71/><T106/><D132/><U53/><E12/><V112/><F133/><W61/><G44/><T41/><D125/><U94/><REACH who="1" step="1"/><E5/><REACH who="1" ten="451,232,200,107" step="2"/><V134/><F134/><W6/><G11/><T63/><D7/><U100/><E100/><V9/><F112/><W131/><G131/><T43/><D78/><U18/><E18/><V21/><F130/><W54/><G65/><T4/><D102/><U82/><E82/><V66/><F31/><W30/><REACH who="3" step="1"/><G85/><REACH who="3" ten="451,232,200,97" step="2"/><T73/><D73/><U34/><AGARI ba="0,2" hai="24,28,34,36,37,39,53,58,62,87,89,94,104,105" machi="34" ten="30,2000,0" yaku="1,1,0,1,53,0" doraHai="96" doraHaiUra="107" who="1" fromWho="1" sc="451,-5,232,40,200,-5,97,-10" />
</Scene>
<Scene>
<INIT seed="4,0,0,1,4,7" ten="446,272,195,87" oya="0" hai0="83,132,49,50,104,40,2,121,116,25,82,89,112" hai1="31,123,98,128,54,81,102,103,38,3,6,105,75" hai2="10,70,61,47,52,73,78,134,15,57,58,17,48" hai3="32,120,124,60,106,33,41,27,16,88,26,80,44"/><T12/><D2/><U93/><E123/><V97/><F134/><W39/><G106/><T62/><D121/><U9/><E128/><V34/><F34/><W126/><G120/><T99/><D132/><U122/><E122/><V35/><F35/><W8/><G60/><T29/><D116/><U13/><E38/><V131/><F131/><W51/><G39/><T11/><D112/><U94/><E31/><V65/><REACH who="2" step="1"/><F97/><REACH who="2" ten="446,272,185,87" step="2"/><W18/><G33/><T87/><D99/><U118/><E98/><V100/><F100/><W55/><G41/><T109/><D40/><U0/><E103/><V14/><F14/><N who="3" m="7239" /><G32/><T77/><D12/><U42/><E13/><V129/><F129/><W101/><G101/><T1/><D1/><U43/><E3/><V115/><F115/><W91/><G91/><T108/><D89/><U133/><E102/><V117/><F117/><W19/><G27/><T63/><D25/><U114/><E118/><V68/><F68/><W90/><G90/><T119/><D119/><U84/><E114/><V5/><F5/><W85/><G26/><T22/><D108/><U53/><E133/><V66/><F66/><W111/><G111/><T36/><D109/><U125/><E42/><V130/><F130/><W127/><AGARI ba="0,1" hai="18,19,44,51,55,80,85,88,124,126,127" m="7239" machi="127" ten="30,8000,1" yaku="25,1,18,1,52,1,54,2" doraHai="7" who="3" fromWho="3" sc="446,-40,272,-20,185,-20,87,90" />
</Scene>
<Scene>
<INIT seed="5,0,0,4,4,58" ten="406,252,165,177" oya="1" hai0="49,77,12,75,38,73,19,44,104,63,17,113,43" hai1="74,9,53,8,135,94,67,31,45,56,127,24,97" hai2="69,72,108,54,14,133,116,68,114,47,102,128,5" hai3="125,10,27,79,83,85,23,132,30,80,40,32,64"/><U134/><E74/><V42/><F72/><W99/><G132/><N who="1" m="50730" /><E127/><V11/><F133/><W46/><G125/><T7/><D104/><U2/><E2/><V98/><F108/><W41/><G10/><T96/><D113/><U124/><E45/><V21/><F116/><W1/><G1/><T105/><D7/><U71/><E71/><V37/><F114/><W100/><G83/><T90/><D38/><U51/><E67/><V107/><F128/><W82/><G82/><T93/><D105/><U50/><E50/><V109/><F109/><W119/><G119/><T110/><D110/><U3/><E3/><V130/><F130/><W92/><G64/><T29/><D29/><U15/><E15/><V120/><F120/><W36/><REACH who="3" step="1"/><G41/><REACH who="3" ten="406,252,165,167" step="2"/><T26/><D43/><U59/><E124/><V91/><F54/><W61/><G61/><T4/><D63/><U129/><E129/><V28/><F68/><W20/><AGARI ba="0,1" hai="20,23,27,30,32,36,40,46,79,80,85,92,99,100" machi="20" ten="30,2000,0" yaku="1,1,0,1,53,0" doraHai="58" doraHaiUra="48" who="3" fromWho="3" sc="406,-5,252,-10,165,-5,167,30" />
</Scene>
<Scene>
<INIT seed="6,0,0,2,3,125" ten="401,242,160,197" oya="2" hai0="128,85,10,0,118,61,41,103,44,69,31,45,98" hai1="93,82,123,91,90,73,63,32,51,26,111,67,83" hai2="16,35,46,120,30,37,130,12,129,117,127,75,76" hai3="1,57,107,115,19,105,113,20,80,18,39,64,7"/><V133/><F117/><W48/><G39/><T132/><D118/><U119/><E119/><V88/><F120/><W23/><G80/><T59/><D69/><U121/><E111/><V124/><F133/><W94/><G94/><T106/><D132/><U3/><E3/><V28/><F76/><W6/><G64/><T25/><D85/><U38/><E38/><V71/><F75/><W43/><G57/><T53/><D41/><U22/><E32/><V34/><F71/><W112/><G48/><T131/><D10/><U97/><E51/><V29/><F88/><W8/><G43/><T15/><D15/><U24/><E24/><V114/><F114/><W55/><G55/><T50/><D0/><U100/><E90/><V49/><F37/><W17/><REACH who="3" step="1"/><G7/><REACH who="3" ten="401,242,160,187" step="2"/><T101/><D101/><N who="1" m="60591" /><E83/><V122/><F122/><W77/><G77/><T14/><D50/><U95/><E82/><V52/><F35/><W109/><G109/><T9/><D45/><U2/><E95/><V70/><F34/><W81/><G81/><T92/><D44/><U13/><E123/><V84/><F84/><W135/><G135/><T104/><D92/><U58/><E121/><V116/><F70/><W87/><G87/><T60/><D106/><AGARI ba="0,1" hai="1,6,8,17,18,19,20,23,105,106,107,112,113,115" machi="106" ten="50,6400,0" yaku="1,1,15,1,11,1,53,0" doraHai="125" doraHaiUra="96" who="3" fromWho="0" sc="401,-64,242,0,160,0,187,74" />
</Scene>
<Scene>
<INIT seed="7,0,0,3,0,13" ten="337,242,160,261" oya="3" hai0="42,14,26,67,79,70,90,110,68,23,124,29,5" hai1="35,74,63,89,111,82,78,53,60,47,116,25,100" hai2="112,120,0,126,122,43,128,1,66,50,76,72,51" hai3="38,130,57,56,46,84,11,24,123,49,48,15,30"/><W118/><G118/><T135/><D110/><U64/><E111/><V40/><F72/><W52/><G123/><N who="2" m="47145" /><F76/><W104/><G104/><T32/><D79/><U92/><E116/><V44/><F1/><W132/><G132/><T99/><D42/><N who="2" m="15914" /><F0/><W86/><G130/><T127/><D135/><U101/><E25/><V75/><F75/><W109/><G38/><T61/><D70/><U6/><E6/><V96/><F96/><W133/><G109/><T97/><D90/><U106/><E35/><V65/><F128/><W121/><G121/><T125/><D32/><U88/><E106/><V91/><F91/><W115/><G115/><T19/><D5/><U7/><E7/><V37/><F112/><W117/><G117/><T10/><AGARI ba="0,0" hai="10,14,19,23,26,29,61,67,68,97,99,124,125,127" machi="10" ten="30,4000,0" yaku="0,1,18,1,52,1" doraHai="13" who="0" fromWho="0" sc="337,40,242,-10,160,-10,261,-20" owari="377,48.0,232,-17.0,150,-35.0,241,4.0" />
</Scene>
</mjloggm>