<mjloggm ver="2.3"><GO type="169" lobby="0"/><UN n0="%E6%9C%AC%E6%97%A5%E5%AE%9A%E4%BC%91%E6%97%A5" n1="%41%53%41%50%49%4E" n2="%E6%82%A0%E9%9B%85" n3="%E3%83%9A%E3%83%81%E3%83%A7%E3%83%BC%E3%83%AA%E3%83%B3" dan="17,18,16,17" rate="2188.12,2255.69,2030.62,2175.92" sx="M,M,M,M"/><TAIKYOKU oya="0"/>

<Scene>
<INIT seed="0,0,0,4,3,15" ten="250,250,250,250" oya="0" hai0="86,127,121,117,19,36,8,7,134,88,49,12,47" hai1="106,57,1,110,70,116,30,94,21,48,125,22,41" hai2="95,101,65,75,80,111,25,24,135,71,114,29,38" hai3="16,44,74,113,132,104,69,92,63,133,115,124,18"/><T83/><D121/><U27/><E116/><V53/><F114/><N who="3" m="43531" /><G104/><T76/><D117/><U32/><E106/><V0/><F0/><W26/><G74/><T54/><D134/><N who="3" m="51817" /><G124/><T9/><D127/><U33/><E70/><V131/><F135/><W68/><G26/><T28/><D28/><U34/><E110/><V2/><F80/><W126/><G126/><T43/><D76/><U52/><E1/><V96/><F111/><W42/><G92/><T112/><D112/><U61/><E125/><V13/><F75/><W79/><G79/><T87/><D87/><U78/><E78/><V37/><F2/><W51/><G68/><T85/><D85/><U120/><E120/><V6/><F24/><W81/><G81/><T45/><D7/><U67/><E41/><V10/><F71/><W58/><G69/><T99/><D99/><U55/><E48/><V40/><F40/><W107/><G107/><T35/><D35/><U93/><E93/><V20/><F65/><AGARI ba="0,0" hai="16,18,42,44,51,58,63,65" m="51817,43531" machi="65" ten="30,7700,0" yaku="20,1,52,2,54,1" doraHai="15" who="3" fromWho="2" sc="250,0,250,0,250,-77,250,77" />
</Scene>
<Scene>
<INIT seed="1,0,0,4,4,20" ten="250,250,173,327" oya="1" hai0="63,84,25,41,118,44,104,22,49,16,7,83,29" hai1="110,99,4,10,101,38,95,34,108,115,31,47,76" hai2="39,37,1,65,18,2,73,56,32,51,15,6,0" hai3="93,67,8,80,70,116,122,26,117,90,24,103,23"/><U126/><E115/><V21/><F73/><W124/><G122/><T11/><D104/><U81/><E126/><V96/><F32/><W55/><G124/><T113/><D113/><U9/><E38/><V48/><F37/><W13/><G103/><T85/><D118/><N who="3" m="45673" /><G80/><T3/><D63/><U123/><E123/><V125/><F39/><W97/><G55/><T66/><D66/><U35/><E47/><V135/><F125/><W121/><G121/><T12/><REACH who="0" step="1"/><D83/><REACH who="0" ten="240,250,173,327" step="2"/><U89/><E81/><V28/><F65/><W62/><G23/><AGARI ba="0,1" hai="3,7,11,12,16,22,23,25,29,41,44,49,84,85" machi="23" ten="30,12000,2" yaku="1,1,2,1,7,1,52,1,54,1,53,1" doraHai="20" doraHaiUra="43" who="0" fromWho="3" sc="240,130,250,0,173,0,327,-120" />
</Scene>
<Scene>
<INIT seed="2,0,0,4,4,96" ten="370,250,173,207" oya="2" hai0="81,67,128,18,2,91,126,73,26,108,92,110,76" hai1="80,94,59,41,90,14,53,109,23,105,60,133,0" hai2="15,72,40,95,7,16,114,39,19,123,111,99,11" hai3="79,118,117,84,87,43,24,30,125,64,49,58,25"/><V9/><F123/><W47/><G125/><T130/><D2/><U32/><E0/><V131/><F114/><W31/><G117/><T51/><D67/><U120/><E120/><V124/><F124/><W8/><G118/><T101/><D126/><U44/><E32/><V33/><F33/><W121/><G121/><T21/><D51/><U50/><E109/><N who="0" m="42089" /><D101/><U77/><E133/><V46/><F111/><W36/><G8/><T28/><D28/><N who="3" m="10793" /><G36/><T97/><AGARI ba="0,0" hai="18,21,26,73,76,81,91,92,97,128,130" m="42089" machi="97" ten="30,1100,0" yaku="14,1" doraHai="96" who="0" fromWho="0" sc="370,11,250,-3,173,-5,207,-3" />
</Scene>
<Scene>
<INIT seed="3,0,0,5,5,6" ten="381,247,168,204" oya="3" hai0="31,80,106,51,43,25,24,125,7,54,28,58,134" hai1="115,94,68,64,119,130,18,98,75,65,110,4,44" hai2="112,93,86,71,120,62,131,109,21,0,29,66,49" hai3="40,52,35,107,42,5,34,124,10,23,20,76,11"/><W122/><G122/><T87/><D106/><U105/><E115/><V133/><F112/><W3/><G107/><T135/><D125/><U126/><E75/><V12/><F0/><W17/><G124/><T111/><D111/><U32/><E126/><V47/><F109/><W13/><G76/><T95/><D95/><U100/><E110/><V30/><F133/><N who="0" m="50698" /><D43/><U46/><E130/><V72/><F72/><W60/><G42/><T56/><D56/><U85/><E32/><N who="3" m="12330" /><G40/><T57/><D57/><U102/><E105/><V118/><F118/><W50/><G60/><T41/><D41/><U121/><E121/><V88/><F131/><W128/><G52/><T108/><D108/><U55/><E119/><V101/><F120/><W78/><G50/><T91/><D7/><U99/><E4/><V33/><F33/><W61/><G78/><T117/><D117/><U63/><E55/><V26/><F101/><W132/><G61/><T77/><D77/><U14/><E63/><V74/><F74/><W27/><G132/><T82/><D82/><U79/><E79/><V19/><F49/><W73/><G73/><T96/><D96/><U69/><E94/><V104/><F104/><W36/><G36/><T123/><D123/><U8/><E85/><V113/><F113/><W114/><G114/><T90/><D90/><U38/><E38/><V2/><F47/><W48/><G48/><T92/><D92/><N who="1" m="58439" /><E99/><V67/><F67/><N who="1" m="25673" /><E102/><V1/><F30/><AGARI ba="0,0" hai="24,25,28,30,31,51,54,58,80,87,91" m="50698" machi="30" ten="30,1000,0" yaku="20,1" doraHai="6" who="0" fromWho="2" sc="381,10,247,0,168,-10,204,0" />
</Scene>
<Scene>
<INIT seed="4,0,0,5,3,26" ten="391,247,158,204" oya="0" hai0="55,130,2,63,134,120,10,100,56,71,78,0,15" hai1="22,104,81,11,99,17,89,82,47,32,85,98,42" hai2="105,110,124,18,48,93,96,131,125,38,62,44,29" hai3="8,28,117,112,102,14,86,92,111,126,79,66,95"/><T6/><D120/><U88/><E32/><V74/><F110/><W51/><G117/><T21/><D134/><U67/><E104/><V50/><F105/><W35/><G111/><T133/><D133/><U61/><E11/><V68/><F74/><W73/><G73/><T53/><D130/><U37/><E89/><V128/><F18/><W121/><G121/><T114/><D100/><U65/><E82/><V97/><F97/><W25/><G126/><N who="2" m="48745" /><F29/><W24/><G112/><T13/><D114/><U16/><E67/><N who="2" m="41079" /><F93/><W116/><G66/><T113/><D78/><U43/><E43/><N who="2" m="22647" /><F96/><W27/><G116/><T4/><D113/><U39/><E17/><V46/><F50/><W60/><G95/><T3/><D21/><U30/><E30/><V115/><F115/><W135/><G135/><T64/><D3/><U72/><E72/><V54/><AGARI ba="0,0" hai="46,48,54,128,131" m="22647,41079,48745" machi="54" ten="30,4000,0" yaku="18,1,34,2" doraHai="26" who="2" fromWho="2" sc="391,-20,247,-10,158,40,204,-10" />
</Scene>
<Scene>
<INIT seed="5,0,0,0,3,92" ten="371,237,198,194" oya="1" hai0="51,99,88,46,80,70,11,3,74,50,93,132,61" hai1="57,122,47,2,28,63,59,121,102,107,39,54,53" hai2="32,49,125,18,22,124,76,100,116,94,108,81,104" hai3="33,110,131,60,29,12,31,1,130,13,78,36,126"/><U62/><E2/><V109/><F32/><W79/><G36/><T6/><D132/><U85/><E28/><N who="3" m="10826" /><G110/><T8/><D8/><U52/><E85/><V105/><F116/><W45/><G33/><T25/><D25/><U23/><E23/><V7/><F7/><W5/><G45/><T96/><D96/><U10/><E10/><V20/><F49/><W133/><G133/><T95/><D95/><U111/><E111/><N who="2" m="42571" /><F18/><W89/><G89/><T35/><D35/><U77/><E77/><N who="3" m="29194" /><G60/><N who="1" m="23082" /><E102/><V56/><F56/><N who="1" m="21577" /><E107/><N who="2" m="41035" /><F20/><W14/><G1/><T83/><D3/><U27/><E27/><V9/><F22/><W98/><G98/><T30/><D99/><U38/><E47/><V112/><F9/><N who="3" m="4143" /><G126/><N who="2" m="48745" /><F94/><W134/><G134/><T72/><D93/><U4/><E4/><V86/><F100/><W15/><G131/><T69/><D46/><U75/><E75/><V120/><F120/><AGARI ba="0,0" hai="38,39,52,53,54,120,121,122" m="21577,23082" machi="120" ten="40,12000,1" yaku="28,2,34,2,54,1" doraHai="92" who="1" fromWho="2" sc="371,0,237,120,198,-120,194,0" />
</Scene>
<Scene>
<INIT seed="5,1,0,0,5,28" ten="371,357,78,194" oya="1" hai0="3,70,122,6,82,108,15,57,71,49,13,41,34" hai1="12,33,16,81,92,25,128,23,115,114,58,19,110" hai2="125,90,5,29,133,84,88,75,26,39,129,77,134" hai3="24,65,61,121,62,1,35,52,17,46,47,0,99"/><U95/><E128/><V100/><F39/><W67/><G121/><T98/><D108/><U132/><E110/><V107/><F129/><W102/><G17/><T131/><D131/><U76/><E132/><V96/><F5/><W120/><G120/><T4/><D122/><U106/><E106/><V63/><F63/><W94/><G1/><T11/><D3/><U109/><E109/><V50/><F50/><W54/><G0/><T44/><D98/><U56/><E56/><V119/><F119/><W91/><G102/><T64/><D34/><U103/><E58/><V53/><F53/><W20/><G20/><T22/><D22/><U85/><E103/><V127/><F26/><W40/><G40/><T45/><D82/><U37/><E37/><V116/><F29/><W135/><G135/><N who="2" m="51721" /><F116/><W126/><G24/><T51/><D64/><U21/><REACH who="1" step="1"/><E33/><REACH who="1" ten="371,347,78,194" step="2"/><V7/><F7/><W118/><G35/><T59/><D57/><U32/><E32/><V97/><F97/><W104/><G99/><T74/><D59/><U123/><E123/><V80/><F90/><W31/><G91/><T111/><D111/><U14/><E14/><V86/><F75/><W113/><G61/><T78/><D13/><U9/><E9/><V18/><F18/><W36/><G62/><T55/><D6/><U101/><E101/><V27/><F27/><W72/><G36/><T43/><D15/><U60/><E60/><V38/><F38/><W87/><G118/><T69/><D4/><U68/><E68/><V2/><F2/><W48/><G67/><T130/><D70/><U30/><E30/><RYUUKYOKU ba="1,1" sc="371,-15,347,15,78,15,194,-15" hai1="12,16,19,21,23,25,76,81,85,92,95,114,115" hai2="77,80,84,86,88,96,100,107,125,127" />
</Scene>
<Scene>
<INIT seed="5,2,1,4,0,60" ten="356,362,93,179" oya="1" hai0="10,48,9,91,44,63,29,121,97,71,76,8,128" hai1="53,42,105,110,55,73,0,132,134,65,54,135,37" hai2="23,88,98,107,111,17,26,34,127,35,81,69,16" hai3="5,84,66,56,82,14,36,39,87,2,75,99,104"/><U62/><E0/><V1/><F69/><W103/><G75/><T58/><D71/><N who="1" m="42423" /><E73/><V18/><F1/><W93/><G2/><T83/><D128/><U129/><E105/><V78/><F111/><W130/><G130/><T79/><D121/><U52/><E129/><V47/><F47/><W86/><G104/><T19/><D29/><U40/><E110/><V108/><F108/><W57/><G82/><T7/><D7/><U117/><E117/><V133/><F35/><W118/><G118/><T114/><D114/><U74/><E74/><V20/><F34/><W67/><G39/><T59/><D19/><U106/><E106/><V95/><F107/><W41/><G41/><N who="1" m="15978" /><E55/><V89/><F89/><W4/><G36/><AGARI ba="2,1" hai="36,37,52,53,54,132,134,135" m="15978,42423" machi="36" ten="40,12000,1" yaku="20,1,34,2,52,1,54,1" doraHai="60" who="1" fromWho="3" sc="356,0,362,136,93,0,179,-126" />
</Scene>
<Scene>
<INIT seed="5,3,0,3,4,125" ten="356,498,93,53" oya="1" hai0="126,70,132,102,28,58,108,65,91,18,41,74,130" hai1="115,11,93,122,68,135,82,77,59,30,29,54,60" hai2="73,66,96,9,104,106,47,16,27,85,63,94,43" hai3="10,19,38,1,124,14,52,20,71,44,12,45,78"/><U49/><E122/><V57/><F73/><W92/><G71/><T48/><D102/><U97/><E135/><V34/><F85/><W114/><G124/><T113/><D28/><U2/><E115/><V23/><F34/><W131/><G114/><T110/><D91/><U25/><E2/><V98/><F98/><W116/><G1/><T84/><D84/><U72/><E11/><V40/><F40/><W118/><G78/><T81/><D18/><U88/><E68/><V31/><F31/><W129/><G92/><T5/><D5/><U36/><E36/><V123/><F9/><W80/><G80/><T87/><D87/><U53/><REACH who="1" step="1"/><E25/><REACH who="1" ten="356,488,93,53" step="2"/><V7/><F123/><W17/><G38/><T37/><D70/><U105/><E105/><V46/><F7/><W67/><G67/><T100/><D37/><U121/><E121/><V15/><F106/><W69/><G69/><T32/><D113/><U76/><E76/><V61/><F104/><W128/><G45/><AGARI ba="3,1" hai="29,30,45,49,53,54,59,60,72,77,82,88,93,97" machi="45" ten="30,5800,0" yaku="1,1,7,1,54,1,53,0" doraHai="125" doraHaiUra="109" who="1" fromWho="3" sc="356,0,488,77,93,0,53,-67" owari="356,16.0,565,66.0,93,-31.0,-14,-51.0" />
</Scene>
</mjloggm>