<mjloggm ver="2.3"><GO type="169"/><UN n0="%61%6B%69%6E%61%72%69%30" n1="%41%53%41%50%49%4E" n2="%E3%83%99%E3%82%BF%E3%82%AA%E3%83%AA%E3%82%B9%E3%82%AF" n3="%E4%BD%90%E5%80%89%E7%B4%97%E7%B9%94" dan="17,18,16,16" rate="2168,2232,2109,2076" sx="F,M,M,F"/><TAIKYOKU oya="0"/>

<Scene>
<INIT seed="0,0,0,1,2,91" ten="250,250,250,250" oya="0" hai0="44,68,101,53,0,83,117,27,69,132,97,80,89" hai1="114,45,31,38,122,35,135,17,12,76,129,118,124" hai2="1,37,72,54,103,74,86,127,102,99,19,20,57" hai3="90,21,123,25,7,22,67,52,15,126,104,115,75"/><T131/><D117/><U13/><E118/><V87/><F37/><W42/><G123/><T40/><D0/><U18/><E76/><V56/><F1/><W98/><G115/><T66/><D131/><U71/><E71/><V26/><F127/><W3/><G126/><T11/><D132/><U28/><E45/><V95/><F103/><W94/><G3/><T33/><D53/><U50/><E50/><V120/><F120/><W30/><G75/><T70/><D66/><U63/><E63/><V111/><F111/><W39/><G104/><T121/><D121/><U81/><E81/><V60/><REACH who="2" step="1"/><F57/><REACH who="2" ten="250,250,240,250" step="2"/><W58/><G67/><T9/><D101/><U62/><E38/><V113/><F113/><W46/><G7/><T16/><D69/><U43/><E122/><V110/><F110/><W82/><G82/><T65/><D68/><U32/><E124/><V96/><F96/><W79/><G79/><T78/><D80/><U77/><E77/><V100/><F100/><W112/><G112/><T106/><D78/><U24/><E114/><V116/><F116/><W84/><G98/><T49/><D83/><U133/><E129/><V8/><F8/><W107/><G107/><T36/><D9/><U125/><E125/><V10/><F10/><W23/><REACH who="3" step="1"/><G15/><REACH who="3" ten="250,250,240,240" step="2"/><T85/><D106/><U119/><E119/><V88/><F88/><W4/><G4/><T14/><D89/><U47/><E12/><V48/><F48/><AGARI ba="0,2" hai="21,22,23,25,30,39,42,46,48,52,58,84,90,94" machi="48" ten="30,7700,0" yaku="1,1,7,1,52,1,54,1,53,0" doraHai="91" doraHaiUra="73" who="3" fromWho="2" sc="250,0,250,0,240,-77,240,97" />
</Scene>
<Scene>
<INIT seed="1,0,0,0,3,119" ten="250,250,163,337" oya="1" hai0="19,66,120,104,116,18,21,61,131,115,6,91,40" hai1="92,97,117,89,47,45,88,85,27,125,113,14,57" hai2="63,24,81,32,133,8,101,20,111,93,29,34,23" hai3="5,90,16,124,79,38,22,68,3,49,76,110,78"/><U7/><E113/><V39/><F39/><W42/><G68/><T98/><D116/><U58/><E117/><V128/><F111/><W1/><G38/><T60/><D115/><U36/><E125/><V71/><F133/><W55/><G110/><T44/><D131/><U11/><E27/><V28/><F128/><W31/><G31/><T96/><D6/><U48/><E36/><V94/><F24/><W123/><G42/><T37/><D60/><U105/><E47/><V64/><F63/><W56/><G123/><T99/><D120/><U70/><E70/><V46/><F46/><W114/><G114/><T77/><D77/><U4/><E4/><V67/><F71/><W82/><G124/><T121/><D121/><U50/><E50/><V107/><F81/><W9/><G1/><T74/><D74/><U100/><REACH who="1" step="1"/><E89/><REACH who="1" ten="250,240,163,337" step="2"/><V41/><F101/><W73/><REACH who="3" step="1"/><G90/><REACH who="3" ten="250,240,163,327" step="2"/><T86/><D91/><U109/><E109/><V134/><F134/><W35/><G35/><T118/><D37/><U51/><E51/><V108/><F108/><W33/><G33/><T69/><D69/><U102/><E102/><V30/><F32/><W15/><AGARI ba="0,2" hai="3,5,9,15,16,22,49,55,56,73,76,78,79,82" machi="15" ten="20,5200,0" yaku="1,1,0,1,7,1,54,1,53,0" doraHai="119" doraHaiUra="122" who="3" fromWho="3" sc="250,-13,240,-26,163,-13,327,72" />
</Scene>
<Scene>
<INIT seed="2,0,0,4,2,40" ten="237,214,150,399" oya="2" hai0="75,70,103,93,18,76,120,9,67,39,105,116,7" hai1="45,90,89,131,0,44,19,128,54,86,77,88,51" hai2="119,1,33,26,46,79,110,108,13,35,127,78,132" hai3="30,74,112,68,60,81,57,58,134,52,41,130,133"/><V73/><F1/><W47/><G81/><T113/><D113/><U101/><E0/><V104/><F119/><W69/><G74/><T72/><D120/><U28/><E101/><V11/><F104/><W91/><G91/><T96/><D18/><U4/><E4/><N who="2" m="3303" /><F127/><W37/><G30/><T27/><D116/><U34/><E19/><V106/><F106/><W117/><G117/><T59/><D59/><N who="1" m="33247" /><E28/><N who="2" m="19607" /><F35/><W17/><G130/><N who="1" m="49706" /><E34/><V5/><F5/><W20/><G112/><T21/><D105/><U55/><E55/><V14/><F14/><W100/><G100/><T97/><D97/><U16/><E16/><V8/><F8/><W15/><REACH who="3" step="1"/><G58/><REACH who="3" ten="237,214,150,389" step="2"/><T125/><D72/><U31/><E31/><V63/><F73/><W114/><G114/><T62/><D75/><U95/><E95/><V38/><F79/><W94/><G94/><T123/><D76/><U121/><E121/><V126/><F78/><W83/><G83/><AGARI ba="0,1" hai="44,45,77,83,86,88,89,90" m="49706,33247" machi="83" ten="30,7700,0" yaku="19,1,52,2,54,1" doraHai="40" who="1" fromWho="3" sc="237,0,214,87,150,0,389,-77" />
</Scene>
<Scene>
<INIT seed="3,0,0,0,3,44" ten="237,301,150,312" oya="3" hai0="132,106,37,19,85,45,57,46,81,76,89,21,20" hai1="29,94,82,68,93,99,2,124,7,4,110,123,113" hai2="43,47,22,14,54,108,80,1,67,118,70,115,34" hai3="86,51,90,134,48,13,133,104,105,38,126,73,87"/><W120/><G73/><T24/><D132/><N who="3" m="50793" /><G120/><T130/><D130/><U16/><E123/><V103/><F115/><W56/><G38/><T127/><D127/><U102/><E113/><V12/><F34/><W18/><G126/><T10/><D106/><N who="3" m="41065" /><G56/><T69/><D69/><U63/><E110/><V72/><F1/><W100/><G100/><T35/><D35/><U60/><E124/><V39/><F118/><W78/><G78/><T65/><D37/><U11/><E29/><V25/><F108/><W91/><G87/><T53/><D65/><U17/><E7/><V31/><F103/><W6/><G6/><T84/><D10/><U107/><E82/><V83/><F54/><W52/><G52/><T49/><REACH who="0" step="1"/><D21/><REACH who="0" ten="227,301,150,312" step="2"/><U5/><E68/><V117/><F117/><W33/><G33/><T15/><D15/><U95/><REACH who="1" step="1"/><E4/><REACH who="1" ten="227,291,150,312" step="2"/><V114/><F114/><W125/><G125/><T96/><D96/><U41/><E41/><V8/><F43/><W92/><G91/><T59/><D59/><U23/><E23/><AGARI ba="0,2" hai="13,18,23,48,51,86,90,92" m="41065,50793" machi="23" ten="30,5800,0" yaku="20,1,52,2" doraHai="44" who="3" fromWho="1" sc="227,0,291,-58,150,0,312,78" />
</Scene>
<Scene>
<INIT seed="3,1,0,2,4,11" ten="227,233,150,390" oya="3" hai0="51,73,54,37,107,2,74,43,29,72,21,84,95" hai1="108,88,36,119,28,52,82,120,45,35,38,109,124" hai2="116,112,122,86,42,55,80,97,34,130,31,128,50" hai3="60,114,77,104,4,20,69,96,110,61,81,32,90"/><W83/><G32/><T47/><D2/><U132/><E120/><V91/><F112/><W126/><G61/><T125/><D107/><U27/><E132/><V64/><F116/><W33/><G33/><T48/><D125/><U14/><E124/><V98/><F122/><W100/><G126/><T94/><D84/><N who="1" m="50199" /><E119/><V7/><F64/><W121/><G121/><T8/><D8/><U103/><E103/><V13/><F42/><W131/><G114/><T22/><D37/><U6/><E14/><V16/><F7/><W92/><G4/><T115/><D115/><U18/><E18/><V134/><F134/><W102/><G69/><T71/><D71/><U101/><E101/><N who="3" m="39018" /><G20/><T41/><D29/><U111/><E6/><V40/><F40/><W68/><G68/><T30/><D41/><U106/><E106/><V49/><F31/><W87/><G60/><T24/><D22/><U17/><E17/><V79/><F34/><W99/><G104/><T65/><D65/><U66/><E66/><V57/><F50/><AGARI ba="1,0" hai="27,28,35,36,38,45,50,52,108,109,111" m="50199" machi="50" ten="30,3900,0" yaku="14,1,54,2" doraHai="11" who="1" fromWho="2" sc="227,0,233,42,150,-42,390,0" />
</Scene>
<Scene>
<INIT seed="4,0,0,4,3,27" ten="227,275,108,390" oya="0" hai0="38,45,128,112,33,2,114,100,7,12,90,102,101" hai1="25,126,18,60,58,81,26,34,14,63,115,133,119" hai2="47,96,84,11,48,19,5,70,98,92,37,22,125" hai3="8,104,105,134,41,127,72,88,62,83,113,59,56"/><T49/><D128/><U51/><E119/><V85/><F70/><W32/><G32/><T117/><D117/><U75/><E133/><V95/><F37/><W116/><G59/><T129/><D129/><U76/><E126/><V99/><F125/><W39/><G8/><T17/><D33/><U66/><E115/><N who="0" m="44073" /><D38/><U82/><E34/><V42/><F85/><W6/><G56/><T122/><D122/><U78/><E51/><V36/><F84/><W123/><G39/><T28/><D90/><U107/><E107/><V23/><F36/><W1/><G88/><T108/><D108/><U9/><E63/><V30/><F30/><W65/><G127/><T132/><D132/><U94/><E94/><N who="2" m="35883" /><F5/><W55/><G134/><T103/><D103/><U43/><E43/><V74/><F74/><AGARI ba="0,0" hai="9,14,18,25,26,58,60,66,74,75,76,78,81,82" machi="74" ten="30,2000,0" yaku="7,1,9,1" doraHai="27" who="1" fromWho="2" sc="227,0,275,20,108,-20,390,0" />
</Scene>
<Scene>
<INIT seed="5,0,0,4,3,16" ten="227,295,88,390" oya="1" hai0="23,128,122,83,92,124,94,106,29,25,131,18,4" hai1="38,61,47,3,66,120,12,135,133,104,48,45,65" hai2="71,75,99,130,34,26,51,53,49,78,8,97,46" hai3="73,63,88,103,33,118,43,62,127,81,20,108,93"/><U44/><E104/><V115/><F71/><W50/><G33/><T28/><D106/><U39/><E3/><V85/><F75/><W105/><G108/><T57/><D124/><U107/><E107/><V68/><F68/><W64/><G127/><T24/><D122/><U27/><E12/><V113/><F130/><N who="0" m="49706" /><D4/><U111/><E27/><V21/><F34/><W52/><G63/><T30/><D83/><U77/><E77/><V69/><F69/><W41/><G20/><N who="0" m="13335" /><D57/><N who="1" m="37039" /><E120/><V7/><F51/><W119/><G50/><T22/><D25/><U86/><E86/><V40/><F53/><W101/><G52/><T59/><D59/><U10/><E10/><V76/><F8/><W2/><G73/><T42/><D42/><U79/><E79/><N who="2" m="30251" /><F7/><W54/><G105/><T56/><D56/><U32/><E32/><V96/><F85/><W82/><G2/><T117/><D117/><U1/><E1/><V102/><F102/><W134/><G103/><T91/><D94/><U123/><E123/><V15/><F15/><W110/><G101/><T112/><D112/><N who="2" m="43082" /><F99/><AGARI ba="0,0" hai="22,23,28,29,30,91,92,99" m="13335,49706" machi="99" ten="30,7700,0" yaku="19,1,52,3" doraHai="16" who="0" fromWho="2" sc="227,77,295,0,88,-77,390,0" />
</Scene>
<Scene>
<INIT seed="6,0,0,0,4,50" ten="304,295,11,390" oya="2" hai0="4,57,64,103,51,1,36,133,104,41,94,105,135" hai1="83,5,47,60,10,76,70,93,62,115,129,100,21" hai2="19,126,33,67,28,74,17,9,128,6,121,78,61" hai3="23,30,79,38,84,85,18,69,89,124,16,102,106"/><V112/><F121/><W120/><G69/><T42/><D36/><U56/><E70/><V92/><F112/><W20/><G38/><T68/><D68/><U29/><E115/><V98/><F126/><W13/><G124/><T8/><D94/><U15/><E129/><V91/><F128/><W40/><G120/><T130/><D130/><U132/><E132/><N who="0" m="50761" /><D64/><U125/><E125/><V2/><F28/><W26/><G79/><T63/><D63/><U7/><E47/><V32/><F17/><N who="3" m="10287" /><G106/><N who="0" m="41067" /><D103/><U116/><E116/><V87/><F74/><W109/><G109/><T65/><D65/><U35/><E35/><V108/><F108/><W49/><G102/><T131/><D131/><U3/><E3/><V11/><F11/><W0/><G0/><T111/><D111/><U110/><E110/><V80/><REACH who="2" step="1"/><F19/><REACH who="2" ten="304,295,1,390" step="2"/><W81/><G18/><T48/><D8/><U12/><E29/><V25/><F25/><W122/><G122/><T127/><D127/><U73/><E10/><V71/><AGARI ba="0,1" hai="2,6,9,32,33,61,67,71,78,80,87,91,92,98" machi="71" ten="20,3900,0" yaku="1,1,0,1,7,1,53,0" doraHai="50" doraHaiUra="97" who="2" fromWho="2" sc="304,-13,295,-13,1,49,390,-13" />
</Scene>
<Scene>
<INIT seed="6,1,0,0,4,66" ten="291,282,50,377" oya="2" hai0="35,38,129,19,32,123,9,49,15,45,83,133,0" hai1="67,40,132,17,131,37,104,64,110,124,20,57,73" hai2="63,44,134,48,36,74,99,65,71,50,23,70,68" hai3="26,125,43,128,46,41,22,106,79,24,119,72,92"/><V28/><F74/><W75/><G106/><T87/><D123/><U84/><E110/><V116/><F99/><W13/><G119/><T18/><D0/><U21/><E73/><V30/><F30/><W135/><G26/><T115/><D38/><U82/><E104/><V59/><F23/><W120/><G92/><T103/><D103/><U122/><E122/><V14/><F14/><W102/><G13/><T80/><D129/><U111/><E111/><V90/><F90/><W114/><G102/><T61/><D133/><U34/><E34/><V33/><F28/><W88/><G135/><T94/><D115/><U1/><E1/><V56/><F33/><W69/><G128/><T97/><D61/><U55/><E131/><V25/><F25/><W86/><G79/><T52/><D18/><U96/><E96/><V127/><F134/><W29/><G22/><T2/><D2/><U6/><E6/><V42/><F127/><W109/><G125/><T85/><D35/><U126/><E21/><V11/><F11/><W91/><G24/><T3/><D3/><U54/><E132/><V39/><F116/><W113/><G29/><T77/><D32/><U16/><E126/><V89/><F89/><W81/><G91/><N who="0" m="51647" /><D97/><U78/><E124/><V130/><F130/><W5/><G75/><T62/><D62/><N who="1" m="37967" /><E17/><V76/><F76/><W8/><G72/><T47/><D94/><U10/><E10/><V12/><F12/><W27/><G8/><T93/><D93/><U121/><E121/><V60/><F39/><W7/><G120/><T4/><D19/><U51/><E16/><RYUUKYOKU ba="1,0" sc="291,15,282,-15,50,15,377,-15" hai0="4,9,15,45,47,49,52,77,80,87" hai2="36,42,44,48,50,56,59,60,63,65,68,70,71" />
</Scene>
<Scene>
<INIT seed="6,2,0,4,1,98" ten="306,267,65,362" oya="2" hai0="9,116,66,102,18,32,23,117,33,133,111,92,134" hai1="67,26,115,125,52,53,27,31,43,38,97,99,63" hai2="57,49,87,19,112,8,90,109,89,12,122,30,132" hai3="103,106,5,22,16,29,95,14,104,118,105,56,131"/><V61/><F122/><W120/><G118/><N who="0" m="45675" /><D111/><U39/><E115/><V45/><F112/><W110/><G120/><T135/><D66/><U128/><E128/><V79/><F109/><W47/><G110/><T77/><D77/><U3/><E3/><V46/><F132/><W25/><G131/><T36/><D36/><U20/><E125/><V71/><F71/><W81/><G5/><T84/><D9/><U59/><E27/><V85/><F30/><W28/><G28/><T44/><D44/><N who="2" m="17002" /><F49/><W113/><G47/><T35/><D84/><N who="2" m="32330" /><F79/><W114/><G113/><T7/><D7/><U83/><E43/><V54/><AGARI ba="2,0" hai="8,12,19,54,57,61,89,90" m="32330,17002" machi="54" ten="30,1500,0" yaku="8,1" doraHai="98" who="2" fromWho="2" sc="306,-7,267,-7,65,21,362,-7" />
</Scene>
<Scene>
<INIT seed="6,3,0,2,1,129" ten="299,260,86,355" oya="2" hai0="103,91,98,31,117,82,73,11,56,83,62,7,21" hai1="19,44,68,77,131,65,35,9,71,14,26,37,121" hai2="43,119,99,24,51,39,102,67,96,95,23,3,74" hai3="126,66,22,61,32,53,46,69,80,48,47,52,60"/><V18/><F119/><W115/><G32/><T8/><D117/><U29/><E131/><V57/><F74/><W15/><G80/><T40/><D40/><U132/><E121/><V49/><F3/><W64/><G15/><T114/><D73/><U13/><E65/><V12/><F96/><W59/><G22/><T20/><D114/><U85/><E77/><V101/><F101/><W105/><G105/><T5/><D91/><U123/><E123/><V108/><F108/><W28/><G28/><T63/><D31/><U120/><E120/><V10/><F39/><W34/><G34/><T27/><D27/><U2/><E85/><V89/><F43/><W94/><G94/><T72/><D72/><U125/><E125/><V76/><F76/><W55/><G115/><T30/><D30/><U6/><E13/><V104/><F104/><W75/><G75/><T90/><D90/><U17/><E17/><N who="2" m="8343" /><F102/><W100/><G100/><T127/><D103/><U112/><E112/><V38/><F38/><W54/><G126/><T84/><D98/><U106/><E106/><V88/><F89/><W50/><AGARI ba="3,0" hai="46,47,48,50,52,53,54,55,59,60,61,64,66,69" machi="50" ten="30,16000,3" yaku="0,1,9,1,35,6,54,1" doraHai="129" who="3" fromWho="3" sc="299,-43,260,-43,86,-83,355,169" />
</Scene>
<Scene>
<INIT seed="7,0,0,3,1,129" ten="256,217,3,524" oya="3" hai0="92,44,106,20,83,42,78,87,86,126,65,108,31" hai1="39,90,105,134,19,54,101,132,64,131,25,117,56" hai2="98,8,1,12,9,133,52,119,60,48,27,4,23" hai3="135,36,46,5,93,120,67,6,51,100,49,28,95"/><W3/><G51/><N who="0" m="27031" /><D106/><U74/><E74/><V70/><F119/><W111/><G93/><T103/><D108/><U17/><E131/><V128/><F128/><W112/><G6/><T80/><D126/><U77/><E77/><V53/><F133/><N who="1" m="51305" /><E117/><V21/><F70/><W89/><G49/><T40/><D40/><U76/><E76/><V96/><F60/><W73/><G67/><T34/><D34/><U26/><E39/><V58/><F53/><W10/><G89/><N who="0" m="51423" /><D65/><U115/><E115/><V107/><F107/><W75/><G73/><T18/><D31/><U122/><E122/><V127/><F127/><W29/><G75/><T7/><D7/><U45/><E45/><V94/><F27/><N who="1" m="10249" /><E64/><V104/><F104/><W66/><G66/><T59/><D59/><U14/><E90/><V71/><F71/><W123/><G46/><T84/><D103/><U0/><E0/><V114/><F114/><W109/><G135/><T121/><D121/><U99/><E14/><V22/><F94/><W16/><G120/><T33/><D33/><U30/><E30/><V97/><F8/><W91/><G10/><T130/><D130/><U69/><E69/><V15/><AGARI ba="0,0" hai="1,4,9,12,15,21,22,23,48,52,58,96,97,98" machi="15" ten="40,2700,0" yaku="0,1,54,1" doraHai="129" who="2" fromWho="2" sc="256,-7,217,-7,3,27,524,-13" owari="249,5.0,210,-19.0,30,-47.0,511,61.0" />
</Scene>
</mjloggm>