<mjloggm ver="2.3"><GO type="169" lobby="0"/><UN n0="%E3%81%8A%E3%81%8B%E3%82%82%E3%81%A8" n1="%E3%82%A2%E3%83%8B%E3%82%AA%E3%83%B3" n2="%41%53%41%50%49%4E" n3="%E2%98%85%E3%82%86%E3%83%BC%E2%98%86" dan="17,17,19,17" rate="2140,2153,2223,2177" sx="M,F,M,M"/><TAIKYOKU oya="0"/>

<Scene>
<INIT seed="0,0,0,0,0,128" ten="250,250,250,250" oya="0" hai0="35,16,118,67,59,30,112,37,76,85,106,3,46" hai1="1,50,135,125,104,119,34,91,115,7,63,15,39" hai2="56,123,44,97,77,69,105,88,21,122,22,92,60" hai3="31,28,81,12,32,58,84,90,89,42,110,4,86"/><T94/><D106/><U20/><E63/><V48/><F69/><W130/><G110/><T8/><D118/><U126/><E50/><V79/><F105/><W74/><G74/><T71/><D71/><U100/><E20/><N who="2" m="7787" /><F123/><W51/><G32/><T38/><D112/><U99/><E91/><V65/><F122/><W109/><G109/><T23/><D35/><U114/><E15/><V107/><F107/><W13/><G130/><T29/><D38/><U113/><E119/><V0/><F0/><W19/><G4/><T27/><D3/><U33/><E39/><V66/><F66/><W57/><G42/><AGARI ba="0,0" hai="42,44,48,56,60,65,77,79,88,92,97" m="7787" machi="42" ten="30,2000,0" yaku="8,1,54,1" doraHai="128" who="2" fromWho="3" sc="250,0,250,0,250,20,250,-20" />
</Scene>
<Scene>
<INIT seed="1,0,0,1,4,24" ten="250,250,270,230" oya="1" hai0="113,119,4,126,68,80,0,26,12,53,118,14,75" hai1="92,130,49,131,69,86,33,58,122,57,78,6,56" hai2="43,27,13,109,116,88,23,87,71,37,106,133,100" hai3="94,132,112,115,79,19,101,7,16,62,93,74,30"/><U2/><E69/><V63/><F109/><W35/><G7/><T47/><D113/><U128/><E122/><V81/><F133/><W8/><G132/><T110/><D68/><U76/><E33/><V127/><F127/><W102/><G79/><T15/><D126/><U44/><E92/><V45/><F116/><W59/><G74/><T28/><D110/><U1/><E86/><V105/><F100/><W66/><G8/><N who="0" m="2055" /><D80/><U72/><E72/><V65/><REACH who="2" step="1"/><F13/><REACH who="2" ten="250,250,260,230" step="2"/><W31/><G115/><T104/><D15/><U108/><E108/><V46/><F46/><W120/><G112/><T82/><D47/><U84/><E1/><V83/><F83/><W129/><G120/><T89/><D82/><N who="1" m="47175" /><E78/><V124/><F124/><W55/><G129/><T20/><D14/><U107/><E2/><V60/><F60/><W67/><G102/><T111/><D12/><U38/><E44/><V91/><F91/><W10/><G101/><T40/><D89/><U97/><E130/><V9/><F9/><W50/><G10/><T70/><D111/><U98/><E131/><V11/><F11/><W48/><G62/><T18/><D118/><U25/><E6/><V36/><F36/><W114/><G114/><T39/><D39/><U134/><E38/><V42/><F42/><W41/><G41/><T77/><D40/><U99/><E134/><V121/><F121/><W34/><G59/><N who="1" m="22602" /><E128/><V54/><F54/><AGARI ba="0,1" hai="16,19,30,31,34,35,48,50,54,55,66,67,93,94" machi="54" ten="25,8000,1" yaku="22,2,52,2,54,1" doraHai="24" who="3" fromWho="2" sc="250,0,250,0,260,-80,230,90" />
</Scene>
<Scene>
<INIT seed="2,0,0,1,2,8" ten="250,250,180,320" oya="2" hai0="106,135,43,26,0,51,33,123,120,22,114,80,35" hai1="49,130,103,113,66,84,72,104,94,74,1,47,97" hai2="13,20,53,5,109,70,40,100,54,34,58,115,36" hai3="125,12,59,129,32,77,45,92,75,87,50,24,2"/><V10/><F115/><W81/><G2/><T127/><D106/><U133/><E113/><V11/><F34/><W85/><G125/><T78/><D114/><U52/><E1/><V79/><F70/><W105/><G105/><T86/><D0/><U116/><E116/><V48/><F109/><W88/><G129/><T110/><D110/><U56/><E130/><V17/><F100/><W65/><G32/><T3/><D3/><U76/><E133/><V112/><F112/><W101/><G101/><T63/><D127/><U25/><E25/><V121/><F121/><W68/><G24/><T83/><D135/><U14/><E14/><V31/><F31/><W73/><G68/><T18/><D35/><U29/><E29/><V124/><F124/><W9/><G59/><T122/><D33/><U15/><E15/><V134/><F134/><W82/><G65/><T98/><D98/><U4/><E4/><V30/><F30/><W111/><G92/><T108/><D108/><U16/><E16/><V64/><F64/><W39/><G39/><T41/><D63/><U102/><E102/><V131/><F131/><W27/><G27/><T21/><D51/><U60/><E104/><V28/><F28/><W99/><G99/><T107/><D107/><U119/><E119/><V55/><F79/><W6/><G111/><T44/><D44/><U95/><E76/><V89/><F89/><W7/><G7/><T128/><D128/><U69/><E69/><V91/><F91/><W117/><G117/><T38/><D78/><U90/><AGARI ba="0,0" hai="47,49,52,56,60,66,72,74,84,90,94,95,97,103" machi="90" ten="30,2000,0" yaku="0,1,54,1" doraHai="8" who="1" fromWho="1" sc="250,-5,250,20,180,-10,320,-5" />
</Scene>
<Scene>
<INIT seed="3,0,0,0,5,87" ten="245,270,170,315" oya="3" hai0="17,95,2,125,28,93,84,108,3,39,30,106,81" hai1="57,35,16,1,92,114,59,77,55,14,26,117,68" hai2="102,135,37,75,47,104,33,71,10,127,116,9,46" hai3="18,112,50,94,79,13,36,60,61,67,12,6,27"/><W51/><G36/><T43/><D106/><U111/><E114/><V23/><F23/><N who="3" m="13815" /><G112/><T52/><D125/><U123/><E123/><V130/><F102/><W31/><G31/><T15/><D108/><U80/><E68/><V40/><F9/><N who="3" m="4151" /><G79/><T4/><D43/><U7/><E111/><V41/><F10/><W63/><G67/><T82/><D39/><U90/><E117/><V69/><F104/><W29/><G29/><T133/><D2/><U49/><E35/><V78/><F33/><W19/><G94/><T45/><D4/><U128/><E128/><V86/><F75/><W124/><G124/><T38/><D3/><U58/><E1/><V5/><F78/><W109/><G109/><T64/><D64/><U48/><E48/><V0/><F0/><W74/><G74/><T119/><D119/><U101/><E101/><V22/><F127/><W96/><G96/><T56/><D82/><U44/><E26/><V110/><F110/><W134/><G134/><T85/><D133/><U107/><E107/><V89/><F135/><W73/><G73/><T34/><D34/><U24/><E24/><V122/><F116/><W65/><G65/><T100/><D93/><U103/><E7/><V118/><F5/><W97/><G97/><N who="0" m="59455" /><D81/><U20/><E103/><V8/><F122/><W132/><G132/><T91/><D30/><U72/><E44/><V54/><F118/><W11/><AGARI ba="0,0" hai="11,13,19,50,51,60,61,63" m="4151,13815" machi="11" ten="30,1500,0" yaku="8,1" doraHai="87" who="3" fromWho="3" sc="245,-5,270,-5,170,-5,315,15" />
</Scene>
<Scene>
<INIT seed="3,1,0,5,0,105" ten="240,265,165,330" oya="3" hai0="117,37,120,94,6,69,13,54,87,104,51,5,72" hai1="74,128,130,109,111,59,86,134,127,67,107,48,93" hai2="23,108,40,82,70,18,75,126,55,7,80,4,3" hai3="31,19,110,133,103,121,123,17,35,26,47,63,124"/><W112/><G103/><T27/><D69/><U61/><E107/><V131/><F70/><W62/><G47/><T38/><D104/><U11/><E11/><V118/><F118/><W100/><G100/><T91/><D120/><U29/><E29/><V34/><F34/><W32/><G112/><T99/><D117/><U20/><E20/><V46/><F108/><N who="1" m="41545" /><E127/><V0/><F126/><W76/><G110/><T114/><D114/><U88/><E134/><V135/><F135/><W79/><G124/><T1/><D1/><U115/><E48/><V92/><F131/><N who="1" m="50217" /><E74/><V68/><F0/><W98/><G133/><T22/><D72/><U129/><E129/><V84/><F3/><W42/><G31/><T113/><D113/><AGARI ba="1,0" hai="59,61,67,86,88,93,113,115" m="50217,41545" machi="113" ten="30,3900,0" yaku="14,1,19,1,54,1" doraHai="105" who="1" fromWho="0" sc="240,-42,265,42,165,0,330,0" />
</Scene>
<Scene>
<INIT seed="4,0,0,2,1,40" ten="198,307,165,330" oya="0" hai0="51,86,5,117,23,27,69,95,133,49,10,123,128" hai1="17,113,103,39,70,131,134,46,116,73,125,91,6" hai2="68,38,16,20,75,77,18,126,67,25,120,109,93" hai3="63,36,19,101,13,74,8,92,72,57,22,132,121"/><T60/><D123/><U62/><E103/><V82/><F126/><W47/><G132/><T30/><D117/><U31/><E31/><V53/><F120/><W33/><G33/><T88/><D133/><U28/><E28/><V50/><F109/><W64/><G121/><T12/><REACH who="0" step="1"/><D128/><REACH who="0" ten="188,307,165,330" step="2"/><U96/><E131/><V42/><F68/><W43/><REACH who="3" step="1"/><G8/><REACH who="3" ten="188,307,165,320" step="2"/><T111/><D111/><U107/><E134/><V21/><F21/><W85/><G85/><T34/><D34/><U45/><E116/><V94/><F20/><W26/><G26/><T98/><D98/><AGARI ba="0,2" hai="13,19,22,36,43,47,57,63,64,72,74,92,98,101" machi="98" ten="40,2600,0" yaku="1,1,52,1,53,0" doraHai="40" doraHaiUra="29" who="3" fromWho="0" sc="188,-26,307,0,165,0,320,46" />
</Scene>
<Scene>
<INIT seed="5,0,0,0,5,47" ten="162,307,165,366" oya="1" hai0="133,4,49,121,99,14,1,18,46,112,104,51,50" hai1="101,52,55,69,122,119,120,17,92,35,70,16,30" hai2="3,98,38,81,96,27,134,89,108,5,135,82,24" hai3="109,11,44,23,63,34,130,113,26,67,32,80,86"/><U111/><E119/><V76/><F38/><W115/><G109/><T20/><D112/><N who="3" m="43081" /><G11/><N who="0" m="4455" /><D104/><U54/><E111/><V126/><F108/><W57/><G44/><T7/><D1/><U106/><E92/><V13/><F3/><W79/><G130/><T107/><D107/><U132/><E106/><V123/><F123/><W124/><G124/><T95/><D121/><N who="1" m="46699" /><E101/><V25/><F126/><W45/><G45/><T85/><D85/><U12/><E12/><V19/><F5/><W105/><G105/><T56/><D7/><U93/><E93/><V103/><F103/><W94/><G94/><T37/><D37/><U60/><E60/><V66/><F96/><W58/><G58/><T78/><D78/><U97/><E97/><V36/><F98/><W62/><G63/><T75/><D75/><U2/><E2/><V42/><F76/><W40/><G40/><N who="0" m="24775" /><D56/><U48/><E132/><V125/><F125/><W9/><G9/><T84/><D84/><U127/><E127/><V110/><F110/><W88/><G79/><T91/><D133/><U114/><E114/><V15/><F135/><W100/><G100/><T87/><D87/><U77/><E77/><V0/><F134/><W72/><G72/><T118/><D118/><U68/><E35/><V21/><F36/><W61/><G61/><T73/><D73/><U64/><E70/><V128/><F128/><W6/><G6/><T43/><D43/><U59/><E69/><V8/><F0/><W31/><AGARI ba="0,0" hai="23,26,31,32,34,57,62,67,80,86,88" m="43081" machi="31" ten="30,2000,0" yaku="15,1,54,1" doraHai="47" who="3" fromWho="3" sc="162,-5,307,-10,165,-5,366,20" />
</Scene>
<Scene>
<INIT seed="6,0,0,1,1,120" ten="157,297,160,386" oya="2" hai0="43,102,80,0,19,7,72,83,96,49,132,57,110" hai1="130,61,103,71,106,59,25,115,74,52,36,21,131" hai2="134,121,30,92,108,9,101,46,123,28,111,64,3" hai3="26,117,54,13,95,38,99,89,85,67,34,5,11"/><V119/><F119/><W113/><G38/><T87/><D132/><U62/><E36/><V78/><F134/><W100/><G117/><T2/><D110/><N who="2" m="42026" /><F64/><W23/><G34/><T29/><D29/><N who="2" m="11370" /><F78/><W97/><G113/><T60/><D72/><U17/><E115/><V50/><F101/><W91/><G67/><T79/><D83/><U4/><E4/><N who="2" m="1183" /><F92/><W37/><G100/><T24/><D7/><U107/><E74/><V65/><F65/><W76/><G76/><T35/><D35/><U126/><E126/><V133/><F133/><W98/><G95/><N who="0" m="58655" /><D2/><U93/><E93/><V48/><F48/><W44/><G37/><T47/><D0/><U12/><E103/><V124/><F124/><W81/><G91/><T135/><D135/><U18/><E71/><V75/><F75/><W70/><G70/><T6/><D6/><U88/><E88/><V69/><F69/><W68/><G68/><T33/><D33/><U125/><E125/><V40/><AGARI ba="0,0" hai="40,46,50,121,123" m="1183,11370,42026" machi="40" ten="30,11700,0" yaku="10,1,52,3" doraHai="120" who="2" fromWho="2" sc="157,-39,297,-39,160,117,386,-39" />
</Scene>
<Scene>
<INIT seed="6,1,0,1,2,103" ten="118,258,277,347" oya="2" hai0="134,34,11,109,12,96,59,94,53,120,38,15,8" hai1="127,69,3,84,41,126,112,35,49,17,65,4,122" hai2="73,60,50,47,25,64,20,26,58,115,87,23,10" hai3="48,123,2,16,98,89,99,82,40,75,52,22,37"/><V97/><F73/><W129/><G2/><T0/><D34/><U79/><E35/><V90/><F115/><W57/><G123/><T46/><D120/><U76/><E112/><V36/><F36/><W91/><G37/><T51/><D109/><U135/><E122/><V32/><F10/><W107/><G129/><T110/><D110/><U6/><E135/><V9/><F97/><N who="3" m="36875" /><G107/><T132/><D132/><U62/><E17/><V78/><F78/><W67/><G75/><T5/><D134/><U104/><E104/><V68/><F68/><W111/><G111/><T1/><D38/><U101/><E101/><V133/><F133/><W93/><G82/><T61/><D11/><U72/><E72/><V13/><F32/><W114/><G114/><T27/><D27/><U128/><E128/><V119/><F119/><W125/><G125/><N who="1" m="47626" /><E84/><V42/><F25/><N who="3" m="14535" /><G93/><T121/><D1/><U100/><E100/><V39/><F26/><W124/><G124/><T117/><D121/><U63/><E3/><V102/><F102/><W30/><G30/><T70/><D117/><U77/><E63/><V45/><F13/><W74/><G74/><T85/><D85/><U7/><E77/><V86/><F9/><W92/><G92/><T71/><D15/><U88/><E88/><N who="3" m="33866" /><G67/><T19/><D94/><U118/><E118/><V83/><REACH who="2" step="1"/><F86/><REACH who="2" ten="118,258,267,347" step="2"/><W24/><G24/><T80/><D96/><U44/><AGARI ba="1,1" hai="4,6,7,41,44,49,62,65,69,76,79" m="47626" machi="44" ten="40,1500,0" yaku="18,1" doraHai="103" who="1" fromWho="1" sc="118,-5,258,28,267,-8,347,-5" />
</Scene>
<Scene>
<INIT seed="7,0,0,4,4,83" ten="113,286,259,342" oya="3" hai0="100,56,91,30,93,111,116,14,24,117,19,108,28" hai1="134,3,109,73,43,62,119,59,11,5,74,124,35" hai2="31,46,34,135,1,112,6,118,44,102,132,36,126" hai3="98,52,53,104,4,54,95,18,37,68,107,67,29"/><W125/><G37/><T57/><D100/><U122/><E109/><V82/><F118/><W66/><G4/><T88/><D93/><U103/><E122/><V84/><F36/><W0/><G0/><T81/><D81/><U113/><E35/><V78/><F112/><W79/><G68/><T96/><D24/><U50/><E113/><V80/><F126/><W25/><G79/><T77/><D14/><U39/><E119/><V20/><F34/><W51/><G104/><T129/><D77/><U130/><E130/><V105/><F31/><W33/><G107/><T48/><D48/><U55/><E124/><V97/><F20/><N who="3" m="15527" /><G125/><T23/><D23/><U90/><E134/><N who="2" m="51243" /><F82/><W10/><G51/><T27/><D27/><U61/><E103/><V106/><F106/><W110/><G33/><T45/><D96/><U42/><E42/><V85/><F44/><W128/><G128/><T15/><D45/><U8/><E8/><N who="2" m="2127" /><F46/><W40/><G40/><T115/><D129/><U22/><E22/><V32/><F32/><W114/><G114/><T99/><D115/><U64/><E90/><V13/><F13/><N who="3" m="7479" /><G110/><T63/><D15/><U49/><E50/><V69/><F69/><W7/><G7/><T131/><D131/><U65/><E61/><V47/><F47/><W76/><G76/><T58/><D57/><N who="1" m="36943" /><E65/><V133/><N who="2" m="51251" /><V92/><DORA hai="71" /><F105/><W21/><G21/><T26/><D63/><U101/><E101/><AGARI ba="0,0" hai="52,53,54,66,67,95,98,101" m="7479,15527" machi="101" ten="30,2900,0" yaku="8,1,54,1" doraHai="83,71" who="3" fromWho="1" sc="113,0,286,-29,259,0,342,29" owari="113,-39.0,257,-14.0,259,6.0,371,47.0" />
</Scene>
</mjloggm>