<mjloggm ver="2.3"><GO type="169" lobby="0"/><UN n0="%E3%82%88%E3%81%8A%E3%81%96%E3%82%93" n1="%E7%A9%BA%2D%53%4F%52%41%2D" n2="%E5%B2%A1%E6%9D%91" n3="%41%53%41%50%49%4E" dan="17,16,17,19" rate="2116,2025,2135,2227" sx="M,M,M,M"/><TAIKYOKU oya="0"/>

<Scene>
<INIT seed="0,0,0,0,0,75" ten="250,250,250,250" oya="0" hai0="69,68,65,128,57,96,117,81,37,17,123,73,49" hai1="78,126,109,6,132,111,42,54,108,74,43,114,135" hai2="83,113,58,33,107,53,66,129,9,100,18,101,36" hai3="12,27,48,45,77,64,88,82,55,67,110,41,28"/><T47/><D123/><U95/><E6/><V104/><F113/><W13/><G110/><T102/><D117/><U23/><E114/><V133/><F33/><W105/><G105/><T92/><D128/><U70/><E70/><V5/><F36/><W90/><G13/><T0/><D0/><U25/><E95/><V87/><F129/><W120/><G120/><T131/><D131/><U71/><E71/><V125/><F125/><W116/><G116/><T99/><D37/><U30/><E126/><V8/><F66/><W86/><G64/><T124/><D124/><U46/><E54/><V122/><F122/><W31/><G67/><T134/><D134/><N who="1" m="51243" /><E46/><V20/><F133/><W72/><G72/><T29/><D29/><U85/><E85/><V14/><F107/><W127/><G127/><T44/><D44/><U2/><E2/><V80/><F104/><W130/><G130/><T7/><D7/><U34/><E34/><V89/><F83/><AGARI ba="0,0" hai="23,25,30,42,43,74,78,83,108,109,111" m="51243" machi="83" ten="40,5200,0" yaku="14,1,20,1,52,1" doraHai="75" who="1" fromWho="2" sc="250,0,250,52,250,-52,250,0" />
</Scene>
<Scene>
<INIT seed="1,0,0,1,5,69" ten="250,302,198,250" oya="1" hai0="131,14,28,129,103,60,55,111,67,106,63,114,84" hai1="48,2,112,127,77,126,52,99,133,74,56,16,36" hai2="124,38,117,72,42,92,76,44,50,71,128,91,58" hai3="11,116,3,115,41,39,7,21,23,105,0,123,98"/><U1/><E112/><V64/><F117/><W4/><G115/><T118/><D118/><U35/><E35/><V85/><F128/><W109/><G116/><T93/><D114/><U110/><E133/><V107/><F124/><N who="1" m="47657" /><E110/><V61/><F107/><W83/><G109/><T49/><D111/><U134/><E134/><V120/><F120/><W70/><G70/><T113/><D113/><U29/><E29/><V9/><F9/><N who="3" m="2183" /><G23/><T47/><D28/><U66/><E66/><V122/><F122/><W86/><G21/><T32/><D32/><U5/><E99/><V102/><F102/><N who="3" m="62679" /><G86/><T24/><D24/><U37/><E16/><V80/><REACH who="2" step="1"/><F58/><REACH who="2" ten="250,302,188,250" step="2"/><W82/><G123/><T15/><D129/><U8/><E2/><V94/><F94/><W18/><G11/><T10/><D131/><U78/><E77/><V104/><F104/><W40/><G3/><T88/><D106/><U95/><E95/><V121/><F121/><W97/><G82/><AGARI ba="0,1" hai="1,5,8,36,37,48,52,56,74,78,82" m="47657" machi="82" ten="30,11600,0" yaku="18,1,52,2,54,1" doraHai="69" who="1" fromWho="3" sc="250,0,302,126,188,0,250,-116" />
</Scene>
<Scene>
<INIT seed="1,1,0,5,0,29" ten="250,428,188,134" oya="1" hai0="58,22,117,2,56,84,74,101,122,64,134,127,48" hai1="30,99,109,125,34,116,69,105,97,78,96,65,46" hai2="44,77,91,47,10,72,92,80,119,81,45,5,42" hai3="118,102,73,35,79,106,21,57,76,28,123,7,25"/><U111/><E116/><V70/><F119/><W59/><G118/><T121/><D117/><RYUUKYOKU type="kaze4" ba="1,0" sc="250,0,428,0,188,0,134,0" />
</Scene>
<Scene>
<INIT seed="1,2,0,3,5,134" ten="250,428,188,134" oya="1" hai0="101,84,86,24,128,48,107,38,66,109,50,42,44" hai1="36,105,67,104,87,33,45,68,3,43,115,72,18" hai2="75,32,97,27,90,1,83,132,2,110,17,26,103" hai3="23,117,37,116,40,41,10,76,58,53,99,112,63"/><U30/><E3/><V8/><F132/><W113/><G76/><T47/><D66/><U11/><E72/><V93/><F110/><W57/><G99/><T120/><D109/><U5/><E87/><V89/><F32/><W125/><G10/><T34/><D128/><U60/><E18/><V94/><F75/><W56/><G23/><T133/><D133/><U69/><E69/><V52/><F83/><W51/><G56/><T100/><D120/><U119/><E119/><N who="3" m="45642" /><G125/><T124/><D38/><U35/><E115/><N who="3" m="44106" /><G37/><T55/><D107/><U6/><E6/><V91/><F94/><W22/><G22/><T0/><D0/><N who="1" m="423" /><E33/><V12/><F1/><W127/><G127/><T122/><D122/><U135/><E135/><V118/><F2/><W73/><G73/><T95/><D124/><U9/><E9/><V81/><F118/><W131/><G131/><T92/><D34/><U70/><E68/><V46/><REACH who="2" step="1"/><F81/><REACH who="2" ten="250,428,178,134" step="2"/><W78/><G78/><T25/><D95/><U121/><E121/><V4/><F4/><W29/><G29/><T14/><D92/><U126/><E126/><V61/><F61/><W114/><N who="3" m="44114" /><W129/><DORA hai="16" /><G129/><T65/><D86/><U77/><E77/><V130/><F130/><W28/><G28/><T85/><D84/><U7/><E7/><V62/><F62/><W96/><G96/><T13/><D85/><U39/><E30/><V74/><F74/><W20/><G63/><T21/><D101/><U79/><E79/><V64/><F64/><W80/><G80/><T31/><D100/><U59/><E35/><V15/><F15/><RYUUKYOKU ba="2,1" sc="250,-10,428,-10,178,30,134,-10" hai2="8,12,17,26,27,46,52,89,90,91,93,97,103" />
</Scene>
<Scene>
<INIT seed="2,3,1,2,0,42" ten="240,418,208,124" oya="2" hai0="113,92,98,0,77,122,41,65,49,66,118,127,17" hai1="83,30,26,68,119,134,73,20,50,32,5,100,133" hai2="18,99,34,104,101,9,53,55,3,94,19,60,69" hai3="74,111,95,90,72,11,76,23,63,109,36,39,88"/><V86/><F34/><W103/><G103/><T12/><D122/><U128/><E68/><V131/><F131/><W56/><G11/><T126/><D0/><U46/><E128/><V4/><F69/><W82/><G74/><T112/><D77/><N who="1" m="44463" /><E119/><V7/><F7/><W125/><G125/><T2/><D2/><U13/><E100/><V31/><F31/><W47/><G23/><T14/><D118/><U21/><E13/><V81/><F104/><W15/><G15/><T16/><D41/><N who="1" m="24911" /><E5/><V35/><F35/><W116/><G116/><T117/><D117/><U40/><E40/><V52/><REACH who="2" step="1"/><F60/><REACH who="2" ten="240,418,198,124" step="2"/><W97/><G90/><AGARI ba="3,2" hai="3,4,9,18,19,52,53,55,81,86,90,94,99,101" machi="90" ten="40,7700,0" yaku="1,1,2,1,54,1,53,0" doraHai="42" doraHaiUra="130" who="2" fromWho="3" sc="240,0,418,0,198,106,124,-86" />
</Scene>
<Scene>
<INIT seed="2,4,0,5,3,82" ten="240,418,304,38" oya="2" hai0="114,129,19,88,106,32,47,89,0,113,56,103,80" hai1="74,33,78,119,48,11,68,93,57,17,62,10,101" hai2="86,124,28,27,108,126,31,112,85,91,35,18,87" hai3="50,38,118,99,128,109,36,92,75,123,26,40,23"/><V116/><F116/><W25/><G118/><T49/><D32/><U61/><E33/><V96/><F112/><W121/><G75/><T24/><D0/><U98/><E119/><V9/><F108/><W67/><G109/><T14/><D24/><U43/><E74/><V12/><F31/><W73/><G73/><T2/><D2/><U105/><E105/><V97/><F91/><W22/><G67/><T134/><D134/><U30/><E30/><V8/><F9/><W16/><G128/><T41/><D129/><U127/><E127/><AGARI ba="4,0" hai="8,12,18,27,28,35,85,86,87,96,97,124,126,127" machi="127" ten="40,12000,1" yaku="18,1,52,3" doraHai="82" who="2" fromWho="1" sc="240,0,418,-132,304,132,38,0" />
</Scene>
<Scene>
<INIT seed="2,5,0,1,4,134" ten="240,286,436,38" oya="2" hai0="10,62,129,128,118,19,133,97,42,70,60,40,0" hai1="28,27,98,12,29,121,100,11,68,96,48,45,79" hai2="5,34,51,38,117,26,16,88,130,99,71,32,14" hai3="23,124,13,123,35,9,15,56,135,66,69,94,33"/><V17/><F38/><W64/><G123/><T115/><D115/><U126/><E68/><V111/><F117/><W46/><G135/><T58/><D133/><U125/><E79/><V4/><F71/><W39/><G69/><T22/><D118/><U6/><E121/><V116/><F116/><W52/><G124/><N who="1" m="47722" /><E100/><V50/><F130/><W44/><G23/><T106/><D70/><U37/><E37/><V67/><F32/><W95/><G39/><T30/><D60/><U92/><E92/><N who="2" m="56711" /><F34/><W108/><G56/><T131/><D30/><N who="1" m="11883" /><E27/><V74/><F74/><W82/><G108/><T65/><D106/><U104/><E104/><V91/><F91/><W3/><G82/><T89/><D89/><U61/><E61/><V83/><F83/><W31/><G31/><T47/><D62/><U20/><E20/><N who="2" m="13583" /><F111/><W77/><G77/><T72/><D72/><U43/><AGARI ba="5,0" hai="6,11,12,43,45,48,96,98" m="11883,47722" machi="43" ten="30,7900,0" yaku="18,1,52,3" doraHai="134" who="1" fromWho="1" sc="240,-25,286,94,436,-44,38,-25" />
</Scene>
<Scene>
<INIT seed="3,0,0,4,0,74" ten="215,380,392,13" oya="3" hai0="87,117,85,107,17,128,125,35,23,28,131,24,29" hai1="10,42,99,100,40,115,36,72,122,94,114,55,38" hai2="13,1,53,84,3,30,59,77,116,83,46,43,34" hai3="90,70,130,80,102,58,51,47,76,31,88,126,127"/><W79/><G70/><T132/><D107/><U27/><E72/><V48/><F116/><W65/><G130/><T26/><D117/><U120/><E10/><V60/><F34/><W7/><G102/><T113/><D113/><U103/><E27/><V118/><F30/><W75/><G31/><T5/><D5/><U52/><E94/><V25/><F25/><W109/><G7/><T32/><D125/><N who="3" m="47625" /><G109/><T97/><D97/><AGARI ba="0,0" hai="36,38,40,42,52,55,97,99,100,103,114,115,120,122" machi="97" ten="25,3200,0" yaku="22,2,54,1" doraHai="74" who="1" fromWho="0" sc="215,-32,380,32,392,0,13,0" />
</Scene>
<Scene>
<INIT seed="4,0,0,2,1,54" ten="183,412,392,13" oya="0" hai0="84,67,51,3,46,73,64,130,50,114,120,16,31" hai1="133,23,119,97,25,87,55,28,69,132,5,102,10" hai2="2,78,107,41,21,14,101,82,22,96,34,98,6" hai3="1,104,32,88,77,20,94,108,92,123,12,125,0"/><T56/><D120/><U121/><E121/><V33/><F34/><W63/><G123/><T65/><D73/><U35/><E69/><V30/><F41/><W58/><G32/><T90/><D3/><U42/><E42/><V37/><F37/><W110/><G104/><T103/><D130/><U106/><E119/><V29/><F96/><W44/><G125/><T75/><D75/><U13/><E87/><V68/><F68/><W122/><G122/><T86/><D31/><U91/><E91/><V11/><F2/><W66/><G77/><T18/><D114/><U115/><E115/><V52/><F30/><W112/><G112/><T105/><D103/><U111/><E111/><V48/><F29/><W80/><G1/><T19/><D105/><U129/><E129/><V62/><F62/><W74/><G0/><T95/><D86/><U118/><E118/><V70/><F70/><W49/><G80/><T93/><D93/><U100/><E35/><V76/><F33/><W71/><G94/><T131/><D131/><U128/><E128/><V85/><F78/><W38/><G38/><T127/><D127/><U27/><E27/><V7/><F6/><W40/><G71/><T8/><D8/><U116/><E116/><V17/><F7/><W135/><G74/><T59/><D51/><U72/><E72/><V47/><AGARI ba="0,0" hai="11,14,17,21,22,47,48,52,76,82,85,98,101,107" machi="47" ten="20,2700,0" yaku="0,1,7,1,54,1" doraHai="54" who="2" fromWho="2" sc="183,-13,412,-7,392,27,13,-7" />
</Scene>
<Scene>
<INIT seed="5,0,0,5,2,111" ten="170,405,419,6" oya="1" hai0="79,23,109,120,6,13,24,74,59,37,68,117,108" hai1="55,4,5,69,21,133,123,8,18,110,52,39,2" hai2="46,70,118,114,94,100,15,135,76,7,125,130,51" hai3="60,73,71,113,3,17,98,47,81,49,72,95,26"/><U19/><E123/><V0/><F118/><W61/><G3/><T63/><D117/><U34/><E39/><V62/><F0/><W56/><G71/><T128/><D68/><U112/><E69/><V124/><F135/><W83/><G72/><T90/><D37/><U33/><E133/><V32/><F32/><W122/><G122/><T14/><D120/><U38/><E38/><V22/><F130/><W116/><G116/><T30/><D128/><U27/><E110/><V12/><F76/><W67/><G73/><T10/><D79/><U97/><E112/><V57/><F70/><W28/><G61/><T93/><D14/><U45/><E5/><V127/><F114/><W126/><G17/><T41/><D41/><U78/><E78/><V54/><F22/><N who="3" m="15447" /><G113/><T87/><REACH who="0" step="1"/><D74/><REACH who="0" ten="160,405,419,6" step="2"/><U1/><E1/><V107/><F125/><W65/><G126/><T115/><D115/><U16/><E97/><V88/><F124/><W105/><G65/><AGARI ba="0,1" hai="6,10,13,23,24,30,59,63,65,87,90,93,108,109" machi="65" ten="30,3900,0" yaku="1,1,7,1,53,1" doraHai="111" doraHaiUra="53" who="0" fromWho="3" sc="160,49,405,0,419,0,6,-39" owari="209,-19.0,405,21.0,419,51.0,-33,-53.0" />
</Scene>
</mjloggm>