<mjloggm ver="2.3"><GO type="169" lobby="0"/><UN n0="%E3%83%9F%E3%83%A9%E3%82%AF%E3%83%AB%E3%81%8A%E3%81%98%E3%81%95%E3%82%93" n1="%E6%BC%A2%E8%A7%92%E7%94%B0" n2="%41%53%41%50%49%4E" n3="%E5%89%A3%E5%9F%8E" dan="17,16,19,16" rate="2143.82,2106.40,2264.84,2057.59" sx="M,M,M,M"/><TAIKYOKU oya="0"/>

<Scene>
<INIT seed="0,0,0,3,5,5" ten="250,250,250,250" oya="0" hai0="63,69,14,64,58,40,89,134,1,38,36,34,50" hai1="105,82,6,61,0,97,95,116,21,8,33,108,16" hai2="106,96,25,98,2,62,54,133,120,57,85,18,42" hai3="53,115,28,127,132,47,102,3,15,49,87,126,71"/><T99/><D1/><U72/><E116/><V110/><F120/><W86/><G3/><T55/><D34/><U27/><E108/><V104/><F110/><W29/><G115/><T4/><D4/><U51/><E105/><V13/><F133/><W44/><G71/><T101/><D14/><U109/><E109/><V17/><F2/><W75/><G75/><T74/><D74/><U56/><E51/><V135/><F135/><W113/><G113/><T22/><D134/><U124/><E124/><V129/><F129/><W65/><G65/><T107/><D22/><U78/><E33/><V10/><F42/><W123/><G132/><T43/><REACH who="0" step="1"/><D89/><REACH who="0" ten="240,250,250,250" step="2"/><U67/><E95/><V114/><F104/><W26/><G15/><T12/><D12/><U11/><E11/><V24/><F13/><W19/><G26/><T7/><D7/><U32/><E32/><V23/><F25/><W84/><G127/><T79/><D79/><U117/><E117/><V68/><F24/><W94/><G126/><T83/><D83/><U31/><REACH who="1" step="1"/><E97/><REACH who="1" ten="240,240,250,250" step="2"/><V60/><F96/><W128/><G94/><T70/><D70/><U92/><E92/><V77/><F68/><W118/><G128/><T130/><D130/><U52/><E52/><V30/><F54/><W46/><G53/><T100/><D100/><U9/><E9/><V66/><F10/><W81/><G102/><T39/><AGARI ba="0,2" hai="36,38,39,40,43,50,55,58,63,64,69,99,101,107" machi="39" ten="30,3000,0" yaku="1,1,0,1,53,0" doraHai="5" doraHaiUra="119" who="0" fromWho="0" sc="240,50,240,-10,250,-10,250,-10" />
</Scene>
<Scene>
<INIT seed="0,1,0,5,1,68" ten="290,230,240,240" oya="0" hai0="92,76,115,99,129,14,106,41,42,118,44,72,27" hai1="4,30,8,40,67,119,120,12,78,48,122,46,70" hai2="65,74,16,34,75,53,51,127,18,35,77,107,43" hai3="80,105,5,103,69,3,121,102,63,90,125,98,21"/><T20/><D115/><U95/><E119/><V61/><F107/><W0/><G103/><T83/><D118/><U17/><E30/><V123/><F123/><W15/><G125/><T126/><D106/><U85/><E70/><V52/><F127/><W84/><G121/><T128/><D126/><U9/><E67/><V58/><F43/><W33/><G21/><T2/><D2/><U10/><E10/><V32/><F53/><W113/><G113/><T29/><D14/><U81/><REACH who="1" step="1"/><E95/><REACH who="1" ten="290,220,240,240" step="2"/><V88/><F65/><W62/><G69/><T97/><D92/><U57/><E57/><V101/><F58/><W130/><G105/><T100/><D129/><U82/><E82/><V60/><F35/><W109/><G130/><T117/><D128/><U22/><E22/><V28/><F34/><W49/><G80/><T86/><D117/><U135/><E135/><V133/><F28/><W66/><G33/><T111/><D29/><U6/><E6/><V13/><F32/><W37/><G5/><T114/><D20/><U116/><E116/><V73/><F133/><W54/><G66/><T131/><D131/><U64/><E64/><V71/><F71/><W96/><G109/><T11/><D111/><U112/><E112/><V47/><F18/><W24/><G3/><AGARI ba="1,1" hai="3,4,8,9,12,17,40,46,48,78,81,85,120,122" machi="3" ten="30,3900,0" yaku="1,1,7,1,53,1" doraHai="68" doraHaiUra="45" who="1" fromWho="3" sc="290,0,220,52,240,0,240,-42" />
</Scene>
<Scene>
<INIT seed="1,0,0,1,1,117" ten="290,272,240,198" oya="1" hai0="96,21,45,51,129,18,81,17,29,80,60,47,123" hai1="63,31,39,130,22,87,74,66,12,108,54,8,125" hai2="79,89,131,64,6,34,67,43,121,52,46,11,65" hai3="69,93,20,95,109,48,101,37,113,71,86,41,2"/><U115/><E115/><V84/><F34/><W132/><G37/><T19/><D129/><U35/><E74/><V40/><F131/><W16/><G2/><T116/><D116/><U53/><E39/><V105/><F105/><W111/><G113/><T75/><D123/><U15/><E130/><V83/><F121/><W4/><G4/><T62/><D96/><U72/><E72/><V94/><F46/><N who="0" m="17418" /><D75/><U77/><E125/><V32/><F32/><W118/><G41/><T25/><D51/><U76/><E108/><V78/><F52/><W122/><G48/><T58/><D62/><U82/><E76/><V27/><F27/><W50/><G50/><T90/><D90/><U7/><E35/><V33/><F33/><W28/><G122/><T99/><D99/><U135/><E135/><V14/><REACH who="2" step="1"/><F79/><REACH who="2" ten="290,272,230,198" step="2"/><W0/><G118/><T59/><D60/><U98/><E98/><AGARI ba="0,1" hai="6,11,14,40,43,64,65,67,78,83,84,89,94,98" machi="98" ten="40,5200,0" yaku="1,1,2,1,8,1,53,0" doraHai="117" doraHaiUra="70" who="2" fromWho="1" sc="290,0,272,-52,230,62,198,0" />
</Scene>
<Scene>
<INIT seed="2,0,0,0,2,9" ten="290,220,292,198" oya="2" hai0="30,42,107,6,22,51,113,24,43,50,100,93,102" hai1="62,133,65,92,17,33,101,129,63,5,38,59,20" hai2="57,60,55,112,122,86,123,81,72,117,87,134,49" hai3="56,114,53,3,46,75,85,94,68,124,119,91,35"/><V73/><F112/><W89/><G68/><T76/><D113/><U8/><E38/><V61/><F117/><W70/><G70/><T118/><D118/><U66/><E33/><V41/><F134/><W19/><G3/><T2/><D107/><U78/><E133/><V116/><F116/><W125/><G119/><T16/><D76/><U108/><E78/><V12/><F60/><W97/><G114/><T14/><D43/><U34/><E34/><V27/><F27/><W105/><G75/><T110/><D110/><U127/><E108/><V37/><F37/><W130/><G35/><T96/><D42/><U47/><E47/><V77/><F86/><W95/><G105/><T25/><D102/><U98/><E129/><V121/><F41/><W52/><G130/><T132/><D132/><U29/><E127/><V99/><F99/><W44/><G19/><T109/><D109/><U45/><E45/><V0/><F0/><W103/><G103/><T1/><D25/><U126/><E126/><N who="3" m="48746" /><G53/><T74/><D74/><U58/><E29/><V71/><F71/><W11/><G11/><N who="0" m="2511" /><D2/><U48/><E48/><AGARI ba="0,0" hai="44,46,48,52,56,85,89,91,94,95,97" m="48746" machi="48" ten="30,2000,0" yaku="18,1,54,1" doraHai="9" who="3" fromWho="1" sc="290,0,220,-20,292,0,198,20" />
</Scene>
<Scene>
<INIT seed="3,0,0,4,3,31" ten="290,200,292,218" oya="3" hai0="129,112,15,20,72,74,95,83,69,53,59,75,79" hai1="82,78,32,39,108,71,51,37,124,44,98,104,62" hai2="5,120,65,48,88,25,2,106,10,91,134,38,93" hai3="45,127,113,29,28,131,35,11,107,115,13,128,92"/><W54/><G107/><T109/><D69/><U70/><E70/><V26/><F38/><W67/><G67/><T85/><D112/><N who="3" m="43081" /><G92/><T61/><D109/><U22/><E108/><V105/><F134/><W97/><G54/><T64/><D129/><N who="3" m="49737" /><G45/><T24/><D15/><U58/><E124/><V33/><F120/><W34/><G97/><T68/><D95/><U30/><E71/><V18/><F65/><W57/><G57/><T135/><D135/><U66/><E104/><V23/><F48/><W40/><G40/><T1/><D1/><U125/><E125/><V110/><F110/><W0/><G0/><T86/><D85/><U99/><E39/><V80/><F80/><W114/><G114/><T118/><D118/><U27/><E37/><V19/><F91/><W4/><G127/><T100/><D100/><U87/><REACH who="1" step="1"/><E32/><AGARI ba="0,0" hai="4,11,13,28,29,32,34,35" m="49737,43081" machi="32" ten="40,18000,2" yaku="19,1,34,2,52,3" doraHai="31" who="3" fromWho="1" sc="290,0,200,-180,292,0,218,180" />
</Scene>
<Scene>
<INIT seed="3,1,0,1,1,40" ten="290,20,292,398" oya="3" hai0="55,13,73,93,77,47,60,21,12,129,6,1,103" hai1="58,26,31,42,113,33,17,66,132,108,120,110,18" hai2="32,80,99,74,20,14,0,2,87,130,61,127,124" hai3="10,41,106,44,68,98,107,69,7,9,70,84,117"/><W90/><G117/><T111/><D111/><U4/><E113/><V16/><F32/><W57/><G57/><T28/><D129/><U46/><E120/><V135/><F74/><W53/><G53/><T11/><D73/><U19/><E132/><V96/><F135/><W51/><G98/><N who="2" m="37417" /><F61/><W56/><G56/><T125/><D77/><U64/><E4/><V128/><F2/><W112/><G112/><T34/><D103/><U50/><REACH who="1" step="1"/><E58/><REACH who="1" ten="290,10,292,398" step="2"/><V43/><F128/><W54/><G69/><T48/><D6/><U102/><E102/><V38/><F130/><W88/><G70/><T3/><D1/><U75/><E75/><V52/><F0/><W36/><G7/><T76/><D3/><U45/><E45/><V123/><F123/><W78/><G68/><T15/><D47/><U105/><E105/><V118/><F118/><W109/><G107/><T25/><D125/><U91/><E91/><V71/><F71/><W104/><G104/><T119/><D119/><U133/><E133/><V22/><F127/><W65/><G90/><T8/><D76/><U5/><E5/><V79/><F124/><W82/><G78/><T23/><D8/><U86/><E86/><V81/><F87/><W114/><G10/><T89/><D11/><U100/><E100/><V72/><F72/><W134/><G9/><T131/><D131/><U27/><E27/><V30/><F79/><W94/><G106/><T39/><D89/><U49/><E49/><V59/><F14/><W62/><G88/><T97/><D13/><U115/><E115/><V67/><F80/><W29/><G82/><RYUUKYOKU ba="1,1" sc="290,-10,10,30,292,-10,398,-10" hai1="17,18,19,26,31,33,42,46,50,64,66,108,110" />
</Scene>
<Scene>
<INIT seed="4,2,1,5,0,62" ten="280,40,282,388" oya="0" hai0="20,91,100,129,21,2,35,51,125,109,7,79,98" hai1="28,95,111,26,33,134,14,50,99,78,60,76,80" hai2="97,54,72,46,77,43,87,104,58,110,90,66,70" hai3="1,34,39,49,113,27,117,123,119,127,71,30,8"/><T86/><D35/><U88/><E111/><V108/><F72/><W73/><RYUUKYOKU type="yao9" ba="2,1" sc="280,0,40,0,282,0,388,0" hai3="1,8,27,30,34,39,49,71,73,113,117,119,123,127" />
</Scene>
<Scene>
<INIT seed="4,3,1,0,2,117" ten="280,40,282,388" oya="0" hai0="0,113,99,123,101,118,36,49,97,11,29,74,81" hai1="133,108,46,126,4,90,59,19,39,77,121,128,95" hai2="135,58,1,89,48,102,47,41,31,38,18,129,56" hai3="50,114,25,13,127,40,3,23,8,134,73,107,14"/><T104/><D36/><U62/><E108/><V83/><F1/><W26/><G73/><T88/><D118/><U15/><E126/><V86/><F129/><W51/><G107/><T57/><D113/><U111/><E111/><V45/><F135/><W67/><G3/><T109/><D109/><U106/><E106/><V27/><F102/><W7/><G114/><T71/><D71/><U43/><E128/><V116/><F116/><W100/><G100/><T63/><D29/><U12/><E133/><V119/><F18/><N who="3" m="10711" /><G127/><T30/><D30/><U103/><E103/><V124/><F124/><W132/><G67/><T110/><D110/><U94/><E77/><V93/><F119/><W115/><G115/><T24/><D24/><N who="3" m="9321" /><G40/><T32/><D32/><U61/><E121/><V112/><F112/><W10/><G10/><T76/><D123/><U34/><E34/><V92/><F92/><W80/><G80/><T35/><D35/><U2/><E94/><V78/><F27/><W75/><G75/><T79/><D74/><U16/><E2/><V33/><F31/><W72/><G72/><T130/><D130/><U6/><E6/><V5/><F5/><W85/><G85/><T66/><D99/><N who="1" m="57847" /><E4/><V42/><REACH who="2" step="1"/><F33/><REACH who="2" ten="280,40,272,388" step="2"/><W84/><G132/><T91/><D101/><U105/><E105/><V60/><F60/><W82/><G134/><T54/><D104/><U9/><E62/><V22/><F22/><W131/><G131/><T28/><D63/><U65/><E19/><V96/><AGARI ba="3,2" hai="38,41,42,45,47,48,56,58,78,83,86,89,93,96" machi="96" ten="20,5200,0" yaku="1,1,0,1,7,1,53,1" doraHai="117" doraHaiUra="44" who="2" fromWho="2" sc="280,-29,40,-16,272,81,388,-16" />
</Scene>
<Scene>
<INIT seed="5,0,0,3,3,18" ten="251,24,353,372" oya="1" hai0="86,14,33,122,8,16,45,132,15,79,60,133,54" hai1="53,106,26,128,31,48,17,70,47,85,105,109,36" hai2="68,96,93,92,97,49,134,22,35,46,44,75,113" hai3="135,117,127,59,72,30,110,90,78,7,67,102,76"/><U5/><E70/><V82/><F35/><W3/><G110/><T131/><D33/><U66/><E66/><V89/><F68/><W80/><G76/><T123/><D131/><U88/><E109/><V6/><F134/><N who="0" m="51818" /><D15/><U77/><E77/><V120/><F120/><W39/><G102/><T9/><D8/><U114/><E128/><V111/><F111/><W23/><G39/><T24/><D24/><U21/><E114/><V2/><F75/><W65/><G72/><T87/><D79/><U50/><E36/><V118/><F82/><W13/><G78/><T130/><D130/><U61/><E61/><V64/><F64/><W38/><G65/><T57/><D45/><U62/><E62/><V32/><F32/><W116/><G38/><T19/><D19/><U28/><E5/><V20/><F44/><W25/><G13/><T108/><D108/><U34/><E50/><V115/><F6/><W12/><G12/><T43/><D43/><U112/><E112/><N who="2" m="43083" /><F2/><W83/><G7/><T10/><D10/><U95/><REACH who="1" step="1"/><E31/><REACH who="1" ten="251,14,353,372" step="2"/><V107/><F49/><W91/><G135/><T11/><D11/><U94/><E94/><V74/><F93/><W40/><G30/><T58/><D58/><U0/><E0/><V129/><F92/><W119/><G59/><T126/><D9/><U81/><E81/><V63/><F63/><W104/><G83/><T37/><D60/><U121/><E121/><V71/><F129/><W42/><G80/><T99/><D123/><U100/><E100/><V103/><F103/><W52/><G3/><T55/><D122/><U84/><E84/><RYUUKYOKU ba="0,1" sc="251,-10,14,30,353,-10,372,-10" hai1="17,21,26,28,34,47,48,53,85,88,95,105,106" />
</Scene>
<Scene>
<INIT seed="5,1,1,1,1,98" ten="241,44,343,362" oya="1" hai0="103,16,67,44,87,101,2,100,90,119,121,24,25" hai1="74,130,66,107,27,115,72,62,30,4,120,41,60" hai2="122,92,49,7,57,53,28,80,20,14,133,21,69" hai3="46,118,109,93,59,110,77,76,15,36,19,73,32"/><U127/><E120/><V18/><F122/><W48/><G32/><T47/><D121/><U55/><E115/><V52/><F69/><W112/><G36/><T39/><D119/><U63/><E130/><V114/><F114/><W9/><G112/><T38/><D2/><U26/><E127/><V70/><F70/><W85/><G118/><T97/><D97/><U102/><E41/><V12/><F133/><W8/><G73/><T128/><D128/><U54/><E66/><V78/><F92/><W65/><G9/><T126/><D126/><U5/><E30/><V95/><F95/><W99/><G85/><T1/><D1/><U105/><REACH who="1" step="1"/><E63/><REACH who="1" ten="241,34,343,362" step="2"/><V34/><F28/><W43/><G110/><T134/><D67/><U131/><E131/><V29/><F29/><W35/><G109/><T135/><D39/><U50/><E50/><V108/><F49/><W91/><G35/><T123/><D123/><U51/><E51/><V64/><F34/><W22/><G22/><N who="0" m="13383" /><D38/><U124/><E124/><V61/><F21/><W116/><G116/><T129/><D129/><U3/><E3/><V31/><F31/><W106/><G106/><T6/><D135/><U40/><E40/><V81/><F108/><W33/><G33/><T13/><D134/><U104/><E104/><V45/><F20/><W132/><G132/><T10/><D25/><U11/><E11/><V75/><F64/><W56/><G65/><T111/><D111/><U0/><E0/><V17/><F61/><W113/><G113/><T23/><D23/><U84/><E84/><V42/><F42/><W58/><AGARI ba="1,2" hai="8,15,19,43,46,48,56,58,59,76,77,91,93,99" machi="58" ten="30,4000,0" yaku="5,1,0,1,8,1" doraHai="98" who="3" fromWho="3" sc="241,-11,34,-21,343,-11,362,63" />
</Scene>
<Scene>
<INIT seed="6,0,0,4,1,23" ten="230,13,332,425" oya="2" hai0="40,79,128,0,131,35,47,70,84,129,28,29,69" hai1="66,87,134,50,111,3,33,104,103,96,21,76,117" hai2="83,120,8,101,59,58,133,31,38,102,20,132,5" hai3="10,82,105,45,75,2,43,51,39,122,64,55,56"/><V9/><F120/><W97/><G122/><T32/><D0/><U78/><E3/><V22/><F83/><W135/><G135/><T63/><D79/><U17/><E33/><V77/><F77/><N who="3" m="44351" /><G64/><T11/><D84/><U108/><E66/><V86/><F86/><W65/><G65/><T112/><D63/><U126/><E126/><V121/><F121/><W95/><G95/><T90/><D90/><U54/><E134/><V15/><F15/><W6/><G97/><T60/><D60/><U48/><E48/><V1/><F1/><W34/><G34/><T18/><D112/><U118/><E118/><V115/><F31/><W7/><G7/><T124/><D124/><U27/><E117/><V110/><F5/><W100/><G100/><T106/><D106/><AGARI ba="0,0" hai="2,6,10,39,43,45,51,55,56,105,106" m="44351" machi="106" ten="30,1000,0" yaku="25,1" doraHai="23" who="3" fromWho="0" sc="230,-10,13,0,332,0,425,10" />
</Scene>
<Scene>
<INIT seed="7,0,0,0,0,15" ten="220,13,332,435" oya="3" hai0="28,24,102,98,122,76,110,14,59,10,103,80,135" hai1="54,89,118,41,5,58,73,85,3,88,77,120,19" hai2="132,21,26,68,53,84,99,111,104,131,101,91,90" hai3="127,31,47,96,70,22,87,40,109,32,114,125,25"/><W92/><G70/><T83/><D122/><U18/><E120/><V45/><F111/><W128/><G114/><T95/><D110/><U100/><E118/><V71/><F132/><W13/><G109/><T81/><D135/><U36/><E100/><V34/><F34/><W79/><G128/><T113/><D113/><U62/><E3/><V115/><F131/><W38/><G87/><T74/><D103/><U121/><E5/><V20/><F115/><W112/><G79/><T82/><D59/><U33/><E33/><V51/><F21/><W86/><G86/><T6/><D80/><U43/><E121/><V7/><F7/><W78/><G78/><T17/><D6/><U48/><E36/><V0/><F0/><W124/><G112/><T1/><D1/><U50/><E73/><V64/><F64/><W42/><G42/><T75/><D74/><U27/><E27/><V30/><F90/><N who="3" m="55319" /><G13/><T126/><D126/><U57/><E77/><V29/><F71/><W106/><G32/><AGARI ba="0,0" hai="10,14,17,24,28,32,75,76,81,82,83,95,98,102" machi="32" ten="30,2000,0" yaku="7,1,52,1" doraHai="15" who="0" fromWho="3" sc="220,20,13,0,332,0,435,-20" owari="240,-16.0,13,-49.0,332,13.0,415,52.0" />
</Scene>
</mjloggm>