<mjloggm ver="2.3"><GO type="169"/><UN n0="%E6%9C%88%E9%95%B7%E7%9F%B3" n1="%41%53%41%50%49%4E" n2="%6B%65%72%6F%62%6F%75" n3="%E3%82%AA%E3%82%BA%E3%82%B0%E3%83%AB%E3%83%BC%E3%83%97" dan="16,18,16,16" rate="2118,2174,2118,2121" sx="M,M,M,M"/><TAIKYOKU oya="0"/>

<Scene>
<INIT seed="0,0,0,1,2,35" ten="250,250,250,250" oya="0" hai0="13,126,40,55,100,119,121,69,65,93,57,135,7" hai1="127,19,95,20,14,48,21,77,30,104,70,15,115" hai2="61,91,56,105,27,16,87,107,28,41,42,68,9" hai3="92,120,110,52,6,134,108,38,111,99,63,33,128"/><T101/><D119/><U80/><E104/><V122/><F68/><W17/><G120/><T32/><D121/><U84/><E70/><V43/><F122/><W75/><G33/><T109/><D32/><U4/><E127/><V130/><F130/><W89/><G38/><T50/><D126/><U72/><E115/><V37/><F37/><W62/><G128/><T82/><D135/><U73/><E30/><V98/><F98/><W59/><G134/><T22/><D109/><U129/><E129/><V132/><F132/><W46/><G75/><T0/><D40/><U96/><E48/><V44/><F44/><W124/><G124/><T45/><D69/><U5/><E72/><V103/><F103/><W66/><G6/><T83/><D0/><U90/><REACH who="1" step="1"/><E73/><REACH who="1" ten="250,240,250,250" step="2"/><V125/><F125/><W47/><G17/><AGARI ba="0,1" hai="4,5,14,15,17,19,20,21,77,80,84,90,95,96" machi="17" ten="40,8000,1" yaku="1,1,2,1,9,1,8,1,53,0" doraHai="35" doraHaiUra="117" who="1" fromWho="3" sc="250,0,240,90,250,0,250,-80" />
</Scene>
<Scene>
<INIT seed="1,0,0,3,4,66" ten="250,330,250,170" oya="1" hai0="81,131,52,56,32,28,24,83,20,70,27,112,10" hai1="76,15,57,105,61,95,78,41,91,62,99,89,98" hai2="29,4,67,86,130,124,35,126,43,46,19,115,114" hai3="103,34,69,37,122,59,102,23,77,40,134,92,106"/><U93/><E105/><V0/><F67/><W120/><G59/><T44/><D131/><U107/><E107/><V128/><F86/><W17/><G92/><T6/><D112/><N who="2" m="43050" /><F46/><W25/><G134/><T5/><D70/><U50/><E15/><V2/><F43/><W75/><G34/><T113/><D44/><U38/><E38/><V16/><F4/><W85/><G40/><T42/><D42/><U14/><E41/><V108/><F108/><W12/><G37/><T31/><D5/><U68/><E68/><V116/><F116/><W119/><G75/><T39/><D39/><U104/><E104/><V22/><F35/><W60/><G119/><T55/><D55/><U97/><E97/><V3/><F29/><W80/><G106/><T135/><D135/><U18/><E50/><V54/><F54/><W48/><G48/><T110/><D110/><U26/><E26/><N who="2" m="14663" /><F19/><W94/><G25/><T30/><D30/><U33/><E33/><V53/><F53/><W118/><G118/><T79/><D113/><U101/><E101/><V21/><F21/><W127/><G127/><AGARI ba="0,0" hai="0,2,3,124,126,127,128,130" m="14663,43050" machi="127" ten="40,8000,1" yaku="18,1,11,1,34,2,54,1" doraHai="66" who="2" fromWho="3" sc="250,0,330,0,250,80,170,-80" />
</Scene>
<Scene>
<INIT seed="2,0,0,0,0,135" ten="250,330,330,90" oya="2" hai0="111,69,119,79,10,51,107,27,17,100,74,42,115" hai1="43,97,132,37,130,133,5,52,103,99,44,68,102" hai2="26,8,77,81,105,47,131,95,112,50,63,85,72" hai3="7,109,110,71,70,118,120,55,114,93,11,32,87"/><V45/><F105/><W73/><G73/><T48/><D115/><U128/><E68/><V60/><F112/><W54/><G32/><T38/><D119/><U127/><E5/><V129/><F8/><W113/><G87/><T78/><D69/><U101/><E127/><V76/><F26/><W122/><G93/><T31/><D111/><N who="3" m="42505" /><G11/><T57/><D38/><U67/><E67/><V49/><F72/><W126/><G7/><T106/><D74/><U18/><E18/><V36/><F36/><W20/><G20/><T108/><D108/><U116/><E116/><V19/><F19/><W28/><G28/><T24/><D10/><U14/><E14/><V46/><F95/><W34/><G34/><T61/><D17/><U22/><E22/><V84/><REACH who="2" step="1"/><F47/><REACH who="2" ten="250,330,320,90" step="2"/><W40/><G118/><T96/><D106/><U88/><E132/><V92/><F92/><W94/><G94/><T123/><D24/><U56/><E133/><V13/><F13/><W104/><G104/><T65/><D107/><U1/><E1/><V39/><F39/><W83/><G83/><AGARI ba="0,1" hai="45,46,49,50,60,63,76,77,81,83,84,85,129,131" machi="83" ten="25,12000,1" yaku="1,1,22,2,53,2" doraHai="135" doraHaiUra="82" who="2" fromWho="3" sc="250,0,330,0,320,130,90,-120" owari="250,-15.0,330,13.0,450,55.0,-30,-53.0" />
</Scene>
</mjloggm>