<mjloggm ver="2.3"><GO type="169" lobby="0"/><UN n0="%41%53%41%50%49%4E" n1="%E3%80%93%E6%9D%BE%E4%BA%95%EF%BC%A3%EF%BC%B3%E3%80%93" n2="%53%48%49%53%55%4B%45" n3="%E3%83%AC%E3%83%87%E3%82%B9%E3%83%9E" dan="19,18,16,16" rate="2337.62,2220.11,2072.85,2084.39" sx="M,M,M,M"/><TAIKYOKU oya="0"/>

<Scene>
<INIT seed="0,0,0,0,5,54" ten="250,250,250,250" oya="0" hai0="88,67,111,0,49,9,12,33,35,131,18,84,109" hai1="89,65,2,71,68,15,50,44,38,92,63,73,26" hai2="24,56,43,16,83,78,123,99,110,76,31,113,75" hai3="20,32,85,93,39,14,1,101,107,91,77,40,8"/><T69/><D0/><U95/><E2/><V45/><F113/><W57/><G32/><T120/><D120/><U21/><E38/><V5/><F123/><W13/><G1/><T130/><D49/><U119/><E73/><V122/><F122/><W37/><G77/><T11/><D11/><U81/><E15/><V29/><F78/><W98/><G40/><T135/><D135/><U74/><E119/><V59/><F110/><N who="0" m="41994" /><D67/><U117/><E117/><V128/><F128/><N who="0" m="49194" /><D69/><U102/><E71/><V36/><F5/><W30/><G13/><T132/><D132/><U22/><E68/><V126/><F126/><W47/><G37/><T116/><D116/><U28/><E50/><V105/><F16/><W106/><G39/><T97/><D97/><U4/><E65/><V60/><F60/><W87/><G98/><T3/><D3/><U118/><E63/><V23/><REACH who="2" step="1"/><F31/><REACH who="2" ten="250,250,240,250" step="2"/><W61/><G30/><T104/><D104/><U79/><E28/><V94/><F94/><AGARI ba="0,1" hai="9,12,18,33,35,84,88,94" m="49194,41994" machi="94" ten="30,11600,0" yaku="14,1,10,1,19,1,54,1" doraHai="54" who="0" fromWho="2" sc="250,126,250,0,240,-116,250,0" />
</Scene>
<Scene>
<INIT seed="0,1,0,2,4,53" ten="376,250,124,250" oya="0" hai0="124,43,78,66,45,96,90,41,135,91,129,18,61" hai1="115,77,29,39,108,67,114,63,133,13,118,9,97" hai2="3,7,81,19,127,48,83,95,112,6,93,58,52" hai3="30,110,69,102,107,94,73,5,106,80,82,99,4"/><T10/><D129/><U122/><E133/><V51/><F112/><W120/><G69/><T56/><D135/><U0/><E118/><V92/><F127/><W34/><G110/><T15/><D124/><U125/><E108/><V50/><F19/><W62/><G120/><T42/><D78/><U55/><E125/><V60/><REACH who="2" step="1"/><F3/><REACH who="2" ten="376,250,114,250" step="2"/><W88/><G5/><AGARI ba="1,1" hai="5,6,7,48,50,51,52,58,60,81,83,92,93,95" machi="5" ten="40,8000,1" yaku="1,1,2,1,8,1,52,1,54,1,53,0" doraHai="53" doraHaiUra="71" who="2" fromWho="3" sc="376,0,250,0,114,93,250,-83" />
</Scene>
<Scene>
<INIT seed="1,0,0,3,4,26" ten="376,250,207,167" oya="1" hai0="119,27,128,47,74,91,48,34,44,25,63,126,77" hai1="89,86,51,67,87,96,59,3,106,83,12,104,125" hai2="56,65,79,37,5,33,116,52,134,75,102,111,32" hai3="81,129,109,98,8,24,112,82,84,11,97,9,0"/><U90/><E3/><V117/><F37/><W94/><G112/><T73/><D119/><U69/><E125/><V123/><F123/><W72/><G109/><T122/><D126/><U135/><E135/><V2/><F111/><W55/><G129/><T110/><D110/><U105/><E69/><V68/><F134/><W28/><G0/><T54/><D128/><U41/><E12/><V114/><F114/><W22/><G72/><T43/><D122/><U133/><E133/><V40/><F40/><W88/><REACH who="3" step="1"/><G55/><REACH who="3" ten="376,250,207,157" step="2"/><T30/><D54/><U85/><E67/><V10/><F75/><W121/><G121/><T66/><D73/><U57/><E41/><V80/><F65/><W95/><G95/><T115/><D74/><U100/><E59/><V50/><F116/><W64/><G64/><T58/><D115/><U20/><E57/><V18/><F117/><W101/><G101/><T6/><D58/><U35/><E51/><V108/><F108/><W130/><G130/><T71/><D48/><U31/><E106/><V17/><F102/><W46/><G46/><T60/><D47/><U78/><E105/><V131/><F131/><W29/><G29/><T36/><D44/><U92/><E104/><V39/><F68/><W103/><G103/><T21/><D71/><U61/><E61/><V127/><F127/><W124/><G124/><T107/><D63/><U76/><E100/><V49/><F49/><W93/><G93/><T38/><D60/><U113/><E113/><V16/><F39/><W7/><G7/><T23/><D66/><U45/><E45/><V1/><F1/><RYUUKYOKU ba="0,1" sc="376,-15,250,-15,207,15,157,15" hai2="2,5,10,16,17,18,32,33,50,52,56,79,80" hai3="8,9,11,22,24,28,81,82,84,88,94,97,98" />
</Scene>
<Scene>
<INIT seed="2,1,1,4,1,3" ten="361,235,222,172" oya="2" hai0="111,29,126,16,58,40,35,125,117,20,50,28,122" hai1="54,78,100,13,83,80,33,7,62,90,71,134,63" hai2="75,95,133,118,11,109,23,4,64,129,132,77,24" hai3="79,82,127,61,99,115,22,55,102,34,9,113,84"/><V31/><F118/><W103/><G127/><N who="0" m="48651" /><D122/><U74/><E33/><V101/><F129/><W119/><G119/><T43/><D117/><U6/><E71/><V42/><F109/><W8/><G34/><T89/><D111/><U96/><E134/><V121/><F121/><W48/><G61/><T39/><D39/><U130/><E130/><V110/><F110/><W72/><G72/><T5/><D89/><U56/><E63/><V85/><F75/><W47/><G22/><T18/><D18/><U88/><E13/><V91/><F101/><W14/><G8/><T10/><D58/><U2/><E2/><V19/><F77/><W81/><G81/><T41/><D50/><U52/><E54/><V32/><F64/><W30/><G30/><T112/><D35/><U124/><E124/><V104/><F104/><W37/><G37/><T1/><D112/><N who="3" m="43081" /><G99/><T108/><D108/><U38/><E38/><V70/><F70/><W76/><G76/><T65/><D65/><U12/><E12/><AGARI ba="1,1" hai="1,5,10,12,16,20,28,29,40,41,43" m="48651" machi="12" ten="30,3900,0" yaku="18,1,52,1,54,1" doraHai="3" who="0" fromWho="1" sc="361,52,235,-42,222,0,172,0" />
</Scene>
<Scene>
<INIT seed="3,0,0,0,3,51" ten="413,193,222,172" oya="3" hai0="83,117,63,37,107,44,28,14,53,35,65,15,45" hai1="79,27,103,68,124,104,86,71,105,106,42,50,67" hai2="78,33,59,134,111,25,131,73,109,29,20,23,12" hai3="31,128,38,4,19,76,121,99,91,54,18,125,127"/><W89/><G121/><T6/><D117/><U102/><E124/><V48/><F134/><W21/><G38/><T72/><D107/><U16/><E79/><V100/><F131/><W47/><G128/><T24/><D44/><U112/><E112/><V30/><F100/><W17/><G4/><T64/><D6/><U41/><E86/><V69/><F69/><W116/><G116/><T61/><D72/><U80/><E80/><N who="2" m="45135" /><F12/><W13/><G76/><T130/><D130/><U85/><E85/><V84/><F84/><W62/><G13/><T87/><D37/><U26/><E106/><V92/><F92/><W43/><G43/><T3/><D3/><U101/><E101/><V93/><F93/><W82/><G82/><T77/><D64/><U8/><E67/><V2/><F2/><W5/><G5/><T118/><D118/><U97/><E97/><V22/><F30/><W135/><G135/><T90/><D77/><U122/><E50/><V10/><F10/><W39/><G39/><T132/><D132/><U95/><E95/><V11/><F11/><W66/><G99/><T81/><D81/><U74/><E8/><V70/><F70/><W57/><G21/><T58/><D45/><U110/><E74/><V98/><F98/><W56/><G31/><T115/><D115/><U133/><E133/><V108/><F23/><W34/><G47/><T52/><D65/><U123/><E16/><V32/><F32/><W7/><G34/><T120/><D120/><U75/><E75/><V119/><F119/><W113/><G113/><T129/><D129/><U55/><E55/><AGARI ba="0,0" hai="20,22,25,29,33,48,55,59,108,109,111" m="45135" machi="55" ten="30,3900,0" yaku="6,1,14,1,52,1" doraHai="51" who="2" fromWho="1" sc="413,0,193,-39,222,39,172,0" />
</Scene>
<Scene>
<INIT seed="4,0,0,4,2,29" ten="413,154,261,172" oya="0" hai0="20,27,131,71,78,106,96,18,98,53,51,63,52" hai1="69,17,46,110,83,112,2,127,21,33,108,115,129" hai2="22,40,122,13,68,120,77,75,117,65,113,41,61" hai3="16,76,44,88,104,6,62,56,70,105,58,32,0"/><T10/><D131/><U49/><E69/><V101/><F113/><N who="1" m="43593" /><E2/><V124/><F124/><W80/><G44/><T128/><D128/><U109/><E129/><V87/><F117/><W11/><G70/><T34/><D106/><U38/><E38/><V99/><F75/><W107/><G58/><N who="0" m="35279" /><D34/><U12/><E83/><V47/><F77/><W3/><G32/><T5/><D78/><U39/><E39/><V133/><F87/><W123/><G123/><T95/><D71/><U114/><N who="1" m="43601" /><U8/><DORA hai="73" /><E127/><V84/><F84/><W64/><G16/><N who="0" m="12679" /><D5/><U118/><E118/><V81/><F81/><W43/><G0/><T89/><D10/><U1/><E1/><V66/><F68/><W135/><G135/><T116/><D116/><U90/><E33/><V85/><F133/><W37/><G107/><T23/><D89/><U119/><E119/><V72/><F122/><W60/><G88/><T24/><D95/><U9/><E90/><V97/><F120/><W36/><G36/><T55/><D55/><AGARI ba="0,0" hai="8,9,12,17,21,46,49,55,108,109,110" m="43601" machi="55" ten="50,3200,0" yaku="15,1,11,1" doraHai="29,73" who="1" fromWho="0" sc="413,-32,154,32,261,0,172,0" />
</Scene>
<Scene>
<INIT seed="5,0,0,4,4,95" ten="381,186,261,172" oya="1" hai0="115,61,5,37,116,48,59,68,91,79,118,123,92" hai1="74,24,84,44,30,49,80,39,131,43,111,96,114" hai2="62,54,10,122,4,17,45,6,29,56,27,107,47" hai3="58,108,35,20,13,105,106,134,100,46,21,22,9"/><U31/><E74/><V104/><F122/><W82/><G108/><T41/><D68/><U33/><E111/><V132/><F132/><W128/><G134/><T14/><D37/><U11/><E114/><V117/><F117/><W63/><G35/><T121/><D115/><U70/><E70/><V15/><F104/><W64/><G128/><T57/><D79/><U133/><E133/><V99/><F4/><W109/><G109/><T93/><D93/><U7/><E131/><V110/><F110/><W32/><G32/><T102/><D102/><U8/><E31/><V3/><F99/><W77/><G46/><N who="0" m="25679" /><D14/><U66/><E66/><V40/><F107/><W23/><N who="3" m="5120" /><DORA hai="76" /><W75/><REACH who="3" step="1"/><G100/><REACH who="3" ten="381,186,261,162" step="2"/><T42/><D118/><U78/><E11/><V36/><F10/><W52/><G52/><T0/><D116/><U101/><E39/><V25/><F36/><W55/><G55/><T72/><D123/><U89/><E101/><V112/><F47/><W83/><G83/><T16/><D121/><U85/><E96/><V28/><F45/><W53/><G53/><T97/><D97/><U88/><REACH who="1" step="1"/><E85/><REACH who="1" ten="381,176,261,162" step="2"/><V98/><F98/><W67/><G67/><T71/><D72/><U87/><E87/><V69/><F112/><W130/><G130/><T119/><D119/><U12/><AGARI ba="0,2" hai="7,8,12,24,30,33,43,44,49,78,80,84,88,89" machi="12" ten="20,18000,2" yaku="1,1,0,1,7,1,25,2,52,1,54,1,53,0" doraHai="95,76" doraHaiUra="19,125" who="1" fromWho="1" sc="381,-60,176,200,261,-60,162,-60" />
</Scene>
<Scene>
<INIT seed="5,1,0,1,0,47" ten="321,376,201,102" oya="1" hai0="21,66,101,106,11,30,70,125,19,96,94,35,68" hai1="111,1,119,27,59,31,6,113,49,105,93,64,132" hai2="17,83,52,120,74,131,67,99,118,0,33,87,80" hai3="76,128,3,51,58,92,8,32,72,79,55,16,54"/><U43/><E105/><V26/><F120/><W85/><G128/><T57/><D125/><U78/><E119/><V114/><F118/><W84/><G32/><T90/><D11/><U126/><E126/><V98/><F131/><W115/><G115/><T50/><D30/><U112/><E132/><V53/><F114/><W38/><G38/><T91/><D35/><U13/><E1/><V60/><F0/><W22/><G72/><T63/><D50/><U62/><E111/><V134/><F134/><W117/><G117/><T10/><D10/><U127/><E13/><V95/><F74/><W135/><G135/><T28/><D28/><U133/><E78/><V40/><F40/><W88/><G84/><T15/><D91/><U123/><E6/><V81/><F87/><AGARI ba="1,0" hai="15,19,21,57,63,66,68,70,87,90,94,96,101,106" machi="87" ten="30,1000,0" yaku="7,1" doraHai="47" who="0" fromWho="2" sc="321,13,376,0,201,-13,102,0" />
</Scene>
<Scene>
<INIT seed="6,0,0,3,5,38" ten="334,376,188,102" oya="2" hai0="133,13,17,47,90,8,100,9,14,18,99,107,15" hai1="89,116,126,16,67,20,1,4,26,40,80,114,135" hai2="101,121,70,55,11,97,131,22,46,117,75,104,85" hai3="91,35,57,86,108,109,69,105,96,125,87,3,93"/><V43/><F121/><W24/><G69/><T94/><D133/><U12/><E116/><V82/><F117/><W73/><G3/><T110/><D110/><U76/><E135/><V48/><F131/><W30/><G125/><T123/><D123/><U61/><E114/><V78/><F70/><W52/><G73/><T5/><D47/><U103/><E103/><V7/><F22/><W65/><G65/><T79/><D79/><U106/><E106/><V49/><F75/><W127/><G127/><T77/><D77/><U54/><E89/><V51/><REACH who="2" step="1"/><F55/><REACH who="2" ten="334,376,178,102" step="2"/><W23/><G35/><T25/><D9/><U66/><E54/><V50/><F50/><W63/><REACH who="3" step="1"/><G105/><REACH who="3" ten="334,376,178,92" step="2"/><T28/><D107/><U113/><E126/><V10/><F10/><W27/><G27/><T60/><D8/><U44/><E26/><V6/><F6/><W0/><G0/><AGARI ba="0,2" hai="0,7,11,43,46,48,49,51,78,82,85,97,101,104" machi="0" ten="30,5800,0" yaku="1,1,7,1,52,1,53,0" doraHai="38" doraHaiUra="120" who="2" fromWho="3" sc="334,0,376,0,178,78,92,-58" />
</Scene>
<Scene>
<INIT seed="6,1,0,2,5,26" ten="334,376,256,34" oya="2" hai0="94,95,88,112,81,93,129,29,135,43,53,11,108" hai1="128,20,13,36,69,10,25,8,52,1,2,119,105" hai2="75,103,117,14,84,35,59,24,134,27,113,60,78" hai3="42,49,101,33,66,98,15,17,114,54,64,18,4"/><V50/><F117/><W38/><G33/><T51/><D108/><U7/><E36/><V110/><F110/><W86/><G38/><T120/><D120/><U44/><E69/><V40/><F113/><W56/><G114/><T97/><D112/><U79/><E105/><V131/><F131/><W116/><G116/><T46/><D129/><U45/><E128/><V99/><F134/><W87/><G42/><T61/><D135/><U19/><E79/><V0/><F0/><W115/><G115/><T127/><D127/><U57/><E119/><V71/><F71/><W55/><G55/><T62/><D29/><U39/><E39/><V126/><F126/><W132/><G132/><T16/><D81/><U125/><E1/><V73/><F14/><W100/><G4/><T63/><D43/><U85/><E85/><V5/><F5/><W22/><G17/><T122/><D122/><U68/><E68/><V47/><F75/><W96/><G87/><T58/><D46/><U34/><E125/><V83/><F73/><W77/><G86/><T107/><D107/><U80/><E80/><V133/><F35/><W21/><G21/><T37/><D37/><U32/><E32/><V30/><F30/><W123/><G77/><T48/><D48/><N who="1" m="30855" /><E10/><V31/><F31/><AGARI ba="1,0" hai="2,7,8,13,19,20,25,31,34,44,45" m="30855" machi="31" ten="30,3900,0" yaku="24,1,52,1,54,1" doraHai="26" who="1" fromWho="2" sc="334,0,376,42,256,-42,34,0" />
</Scene>
<Scene>
<INIT seed="7,0,0,4,3,68" ten="334,418,214,34" oya="3" hai0="56,122,89,132,111,8,130,3,4,133,58,84,79" hai1="94,24,97,11,59,53,43,126,57,113,86,134,37" hai2="112,128,99,18,52,117,15,76,51,44,29,81,54" hai3="0,1,5,127,118,82,7,45,16,129,10,100,55"/><W77/><G118/><T83/><D111/><U108/><E113/><V102/><F117/><W116/><G116/><T95/><D122/><U65/><E108/><V106/><F29/><W42/><G100/><T119/><D119/><U131/><E37/><V125/><F112/><W93/><G93/><T41/><D130/><U87/><E43/><V33/><F33/><W34/><G34/><T104/><D104/><U105/><E105/><V21/><F128/><W38/><G129/><T109/><D109/><U62/><E134/><V39/><F125/><W60/><G127/><T30/><D30/><U67/><E126/><V19/><F19/><W26/><G5/><T73/><D132/><U23/><E11/><V32/><F32/><W78/><G0/><T14/><D14/><U6/><E6/><V71/><F71/><W47/><G82/><T110/><D133/><U63/><E67/><V49/><F39/><W36/><G60/><T101/><D110/><U90/><E131/><V123/><F123/><W80/><G80/><T88/><D101/><U72/><E72/><V50/><F54/><W9/><G55/><T74/><D74/><AGARI ba="0,0" hai="15,18,21,44,49,50,51,52,74,76,81,99,102,106" machi="74" ten="30,2000,0" yaku="7,1,54,1" doraHai="68" who="2" fromWho="0" sc="334,-20,418,0,214,20,34,0" owari="314,11.0,418,53.0,234,-17.0,34,-47.0" />
</Scene>
</mjloggm>