<mjloggm ver="2.3"><GO type="169" lobby="0"/><UN n0="%E3%81%93%E3%81%BE%E3%81%A3%E3%81%95%E3%82%93" n1="%E5%B2%A1%E6%9D%91" n2="%E3%81%84%E3%81%97%E3%81%97%E3%82%93%49%44%E7%B4%9B%E5%A4%B1" n3="%41%53%41%50%49%4E" dan="16,17,16,19" rate="2113,2117,2122,2212" sx="M,M,M,M"/><TAIKYOKU oya="0"/>

<Scene>
<INIT seed="0,0,0,4,1,134" ten="250,250,250,250" oya="0" hai0="77,48,107,112,50,79,41,125,38,4,131,126,66" hai1="55,43,25,133,85,58,115,59,17,83,45,20,27" hai2="29,91,34,90,74,7,40,21,72,111,22,49,109" hai3="5,18,105,8,106,52,130,9,62,36,118,14,6"/><T19/><D107/><U69/><E133/><V96/><F34/><W71/><G118/><T101/><D101/><U124/><E115/><V57/><F7/><W93/><G36/><T132/><D132/><U53/><E69/><V67/><F40/><W46/><G130/><T31/><D112/><U119/><E119/><V0/><F0/><W42/><G18/><T51/><D66/><U35/><E43/><V128/><F128/><W89/><G71/><T33/><D131/><U104/><E104/><V88/><F96/><W123/><G123/><T37/><D19/><U15/><E35/><V97/><F97/><W30/><G30/><T28/><D4/><U100/><E100/><V76/><F76/><N who="0" m="29258" /><D33/><U86/><E45/><V60/><F49/><W23/><G23/><N who="2" m="8713" /><F29/><N who="0" m="11338" /><D41/><U44/><E20/><V13/><F13/><W117/><G117/><T12/><D12/><U56/><E15/><V135/><F135/><W116/><G116/><T122/><D122/><U75/><E17/><V61/><F74/><W65/><G42/><T103/><D103/><U121/><E75/><V63/><F72/><W114/><G114/><T94/><D94/><U26/><E121/><V82/><F82/><W11/><G105/><T102/><D102/><U39/><E83/><V47/><F47/><W10/><G106/><T70/><D70/><U98/><E44/><V108/><AGARI ba="0,0" hai="57,60,61,63,67,88,90,91,108,109,111" m="8713" machi="108" ten="40,2700,0" yaku="14,1,54,1" doraHai="134" who="2" fromWho="2" sc="250,-13,250,-7,250,27,250,-7" />
</Scene>
<Scene>
<INIT seed="1,0,0,4,2,14" ten="237,243,277,243" oya="1" hai0="132,109,71,90,130,76,82,44,38,106,69,83,75" hai1="48,55,88,33,51,107,81,129,17,62,93,92,53" hai2="116,104,91,77,64,21,89,23,46,0,127,7,40" hai3="16,112,68,135,45,97,20,79,103,58,29,39,54"/><U13/><E107/><V99/><F116/><W42/><G112/><T61/><D106/><U95/><E33/><V87/><F64/><W100/><G135/><T134/><D109/><U1/><E1/><V19/><F77/><W70/><G29/><T94/><D130/><U41/><E129/><V56/><F56/><W43/><G43/><T111/><D111/><U12/><E62/><V126/><F21/><W25/><G79/><T35/><D35/><U28/><E28/><V98/><F7/><W114/><G114/><T65/><D83/><U6/><E6/><V36/><F0/><W30/><G30/><T60/><D38/><U10/><E12/><V63/><F63/><W118/><G118/><T32/><D44/><N who="1" m="25615" /><E51/><V50/><F36/><W105/><G103/><T67/><REACH who="0" step="1"/><D32/><REACH who="0" ten="227,243,277,243" step="2"/><U24/><E24/><N who="2" m="14463" /><F104/><W123/><REACH who="3" step="1"/><G123/><REACH who="3" ten="227,243,277,233" step="2"/><T3/><D3/><U22/><E10/><V2/><F2/><W9/><G9/><T59/><D59/><U26/><E26/><V8/><F8/><W101/><G101/><T66/><D66/><U128/><E128/><V108/><F108/><W5/><G5/><T117/><D117/><U121/><E121/><V34/><F34/><W11/><G11/><T119/><D119/><U57/><E57/><V52/><F46/><W124/><G124/><T37/><D37/><U86/><AGARI ba="0,2" hai="13,17,22,53,55,81,86,88,92,93,95" m="25615" machi="86" ten="30,6000,0" yaku="8,1,52,1,54,1" doraHai="14" who="1" fromWho="1" sc="227,-20,243,80,277,-20,233,-20" />
</Scene>
<Scene>
<INIT seed="1,1,0,0,4,0" ten="207,323,257,213" oya="1" hai0="46,106,1,32,111,110,125,26,100,56,68,43,15" hai1="63,4,33,115,5,132,81,128,75,78,62,41,57" hai2="44,55,34,69,65,101,31,61,85,58,20,88,60" hai3="129,117,7,53,80,97,112,13,79,126,54,16,127"/><U77/><E115/><V107/><F34/><W95/><G112/><T67/><D56/><U45/><E132/><V19/><F31/><W52/><G129/><T103/><D15/><U8/><E128/><V109/><F109/><N who="0" m="41482" /><D125/><N who="3" m="47625" /><G117/><T49/><D1/><U133/><E33/><V74/><F74/><N who="3" m="43127" /><G7/><T84/><D84/><U76/><E133/><V82/><F44/><W83/><G83/><T36/><D36/><U114/><E114/><V92/><F107/><W50/><G50/><T123/><D123/><U2/><E5/><V12/><REACH who="2" step="1"/><F101/><REACH who="2" ten="207,323,247,213" step="2"/><N who="3" m="60607" /><G54/><T93/><D106/><U23/><E75/><V9/><F9/><AGARI ba="1,1" hai="9,13,16,52,53" m="60607,43127,47625" machi="9" ten="30,3900,0" yaku="18,1,54,2" doraHai="0" who="3" fromWho="2" sc="207,0,323,0,247,-42,213,52" />
</Scene>
<Scene>
<INIT seed="2,0,0,5,5,99" ten="207,323,205,265" oya="2" hai0="110,3,127,19,46,20,117,11,65,9,113,100,45" hai1="56,5,67,30,41,75,6,14,130,72,61,28,105" hai2="25,62,13,54,2,91,93,10,42,131,116,73,53" hai3="89,17,43,29,112,22,44,129,128,39,76,21,97"/><V115/><F116/><W111/><G111/><T134/><D65/><U69/><E130/><N who="3" m="50282" /><G112/><T59/><D113/><U16/><E41/><V68/><F2/><W125/><G125/><T33/><D59/><U51/><E105/><V35/><F73/><W12/><G76/><T92/><D33/><U79/><E72/><V90/><F115/><W49/><G29/><N who="1" m="11370" /><E69/><V119/><F119/><W38/><G22/><T36/><D117/><U80/><E75/><V4/><F131/><W7/><G7/><T50/><D36/><U52/><E80/><V98/><F42/><W121/><G121/><T23/><D3/><U60/><E79/><V37/><F37/><W133/><G133/><T109/><D134/><U24/><E24/><V126/><F126/><W48/><G39/><T96/><D127/><U106/><E106/><V95/><F35/><W118/><G118/><T0/><D23/><N who="1" m="11671" /><E67/><V32/><F32/><W8/><G21/><T47/><D50/><U103/><E103/><V70/><F25/><W104/><G89/><T66/><D66/><U122/><E122/><V58/><REACH who="2" step="1"/><F54/><REACH who="2" ten="207,323,195,265" step="2"/><W94/><G38/><T57/><D0/><U120/><E120/><V18/><F18/><W84/><G17/><T82/><D110/><U71/><E71/><V15/><F15/><W108/><G12/><T74/><D109/><U88/><E6/><V101/><F101/><W31/><G108/><T1/><D1/><U26/><E5/><V135/><F135/><W85/><G43/><T55/><D19/><U123/><E26/><V78/><F78/><W64/><G31/><T83/><D100/><RYUUKYOKU ba="0,1" sc="207,-10,323,-10,195,30,265,-10" hai2="4,10,13,53,58,62,68,70,90,91,93,95,98" />
</Scene>
<Scene>
<INIT seed="2,1,1,1,4,133" ten="197,313,225,255" oya="2" hai0="84,81,37,50,36,47,134,109,44,77,40,125,31" hai1="0,112,30,89,72,135,66,57,78,94,58,99,90" hai2="16,17,119,59,23,120,91,45,22,82,25,62,111" hai3="70,1,28,69,43,123,39,19,73,102,98,5,18"/><V97/><F119/><W12/><G123/><T64/><D31/><U107/><E112/><V60/><F120/><W106/><G73/><T67/><D84/><U86/><E135/><V42/><F111/><W110/><G110/><T129/><D134/><U52/><E0/><V63/><F82/><W35/><G19/><T95/><D95/><U113/><E113/><V14/><F91/><W76/><G76/><T130/><D109/><U3/><E3/><V24/><F97/><W55/><G55/><N who="0" m="30151" /><D81/><U115/><E115/><V56/><REACH who="2" step="1"/><F14/><REACH who="2" ten="197,313,215,255" step="2"/><W75/><G12/><T34/><D77/><U38/><E90/><V21/><F21/><W53/><G98/><T103/><D34/><U80/><E99/><V85/><F85/><W65/><G35/><T13/><D13/><U48/><E80/><V96/><F96/><W101/><G1/><T6/><D103/><U108/><E89/><V93/><F93/><W105/><G101/><T100/><D100/><U122/><E94/><V9/><F9/><W68/><G102/><T11/><D11/><U74/><E86/><V4/><F4/><W54/><G5/><T114/><D6/><U127/><E108/><V126/><F126/><W15/><G15/><T7/><D7/><U46/><E127/><V27/><F27/><W49/><G105/><T92/><D92/><U61/><E107/><V41/><F41/><W88/><G106/><T2/><D114/><U128/><E122/><V29/><F29/><W79/><G28/><T132/><D132/><U26/><E26/><V124/><F124/><W118/><G118/><T32/><D125/><RYUUKYOKU ba="1,2" sc="197,-10,313,-10,215,30,255,-10" hai2="16,17,22,23,24,25,42,45,56,59,60,62,63" />
</Scene>
<Scene>
<INIT seed="2,2,2,1,5,130" ten="187,303,245,245" oya="2" hai0="132,40,109,97,73,27,104,71,54,65,62,18,110" hai1="33,95,106,32,15,101,74,124,60,38,135,99,1" hai2="13,79,116,29,9,7,78,85,115,19,75,131,108" hai3="127,17,77,20,35,52,53,113,63,118,88,58,86"/><V90/><F116/><W134/><G35/><T34/><D73/><U5/><E1/><V48/><F115/><W50/><G118/><T4/><D4/><U41/><E124/><V128/><F29/><W107/><G127/><T2/><D2/><U100/><E74/><V23/><F108/><N who="0" m="41578" /><D40/><U49/><E38/><V121/><F121/><W8/><G113/><T96/><D54/><U24/><E60/><V46/><F75/><W57/><G134/><T69/><D71/><U56/><E24/><N who="2" m="14463" /><F131/><W76/><G8/><T81/><D81/><U36/><E36/><V129/><F129/><W45/><G45/><T112/><D112/><U117/><E117/><V102/><F102/><W43/><G43/><T39/><D39/><U80/><E101/><V72/><F72/><W70/><G107/><T55/><D55/><U14/><E100/><V122/><F122/><W103/><G103/><N who="0" m="62567" /><D97/><U94/><E106/><V92/><F128/><W21/><G70/><T83/><D83/><U82/><E82/><V31/><F31/><W89/><G21/><N who="0" m="13751" /><D34/><U59/><E80/><V37/><F37/><W119/><G119/><T114/><D114/><U0/><E99/><V93/><F93/><N who="3" m="54423" /><G89/><T42/><D42/><AGARI ba="2,2" hai="7,9,13,42,46,48,78,79,85,90,92" m="14463" machi="42" ten="30,1500,0" yaku="8,1" doraHai="130" who="2" fromWho="0" sc="187,-21,303,0,245,41,245,0" />
</Scene>
<Scene>
<INIT seed="2,3,0,5,5,16" ten="166,303,286,245" oya="2" hai0="60,17,4,82,29,101,54,135,66,123,134,126,25" hai1="40,2,32,116,121,108,72,68,49,79,42,6,12" hai2="62,100,65,129,78,127,81,69,14,106,93,77,96" hai3="3,104,15,30,132,133,24,119,89,98,90,19,80"/><V27/><F129/><W23/><G119/><T51/><D123/><U75/><E116/><V50/><F127/><W11/><G3/><T102/><D17/><U86/><E2/><V8/><F50/><W41/><G41/><T107/><D82/><U58/><E68/><V0/><F0/><W76/><G104/><T44/><D4/><U92/><E121/><V55/><F55/><W13/><G13/><T47/><D44/><U39/><E39/><V63/><F63/><W94/><REACH who="3" step="1"/><G90/><REACH who="3" ten="166,303,286,235" step="2"/><T43/><D43/><U74/><E40/><V20/><F106/><W45/><G45/><T61/><D126/><U18/><E42/><V26/><F26/><W117/><G117/><T67/><D107/><U38/><E12/><V112/><F112/><W109/><G109/><T97/><D47/><U120/><E108/><V33/><F27/><W31/><G31/><T99/><D25/><U9/><E120/><V35/><F14/><W110/><G110/><T71/><D29/><U7/><E38/><V64/><F100/><W83/><G83/><T57/><D102/><U105/><E105/><V111/><F81/><W125/><G125/><T95/><D101/><U124/><E124/><V34/><F111/><W113/><G113/><T128/><D95/><U10/><E92/><V46/><F93/><W91/><G91/><T114/><D114/><U130/><E32/><V59/><F35/><W122/><G122/><T88/><D88/><U22/><E79/><V21/><F34/><W1/><G1/><T85/><D99/><U115/><E115/><V87/><F96/><W28/><G28/><RYUUKYOKU ba="3,1" sc="166,-10,303,-10,286,-10,235,30" hai3="11,15,19,23,24,30,76,80,89,94,98,132,133" />
</Scene>
<Scene>
<INIT seed="3,4,1,1,0,134" ten="156,293,276,265" oya="3" hai0="49,116,16,92,125,86,105,50,113,94,112,78,17" hai1="103,101,108,2,111,31,119,10,106,39,89,95,20" hai2="40,93,120,32,5,52,60,87,90,76,8,51,57" hai3="109,99,118,121,36,62,28,102,72,98,127,54,70"/><W107/><G118/><T64/><D64/><U30/><E119/><V80/><F32/><W56/><G121/><T11/><D116/><U48/><E39/><V41/><F60/><W122/><G122/><T21/><D105/><U0/><E48/><V71/><F71/><W59/><G70/><T97/><D11/><U100/><E106/><V123/><F123/><W110/><G36/><T6/><D6/><U43/><E43/><V24/><F24/><W128/><G72/><T85/><D21/><U1/><E10/><V61/><F61/><N who="3" m="35991" /><G99/><T14/><D14/><U53/><E53/><V65/><F65/><W42/><G42/><T130/><D78/><U74/><E74/><V132/><F132/><W126/><G28/><T3/><D97/><N who="1" m="57583" /><E20/><V18/><F18/><W46/><G46/><T34/><D3/><U45/><E45/><V58/><F58/><W12/><G12/><T29/><D29/><U9/><E9/><V47/><F57/><W67/><G128/><T79/><D79/><U84/><E84/><V91/><F120/><W77/><G77/><T7/><D7/><U35/><E35/><V81/><F8/><W75/><G75/><T88/><D34/><U129/><E129/><V117/><F5/><W27/><G27/><T133/><D133/><U63/><E63/><V15/><F15/><W83/><G83/><T96/><D130/><U135/><E135/><V26/><F26/><W73/><G73/><T66/><D66/><U131/><E131/><V68/><F117/><W69/><G69/><T33/><D33/><U38/><E38/><V124/><F68/><RYUUKYOKU ba="4,1" sc="156,-15,293,15,276,-15,265,15" hai1="0,1,2,30,31,100,101,103,108,111" hai3="59,62,67,98,102,107,109,110,126,127" />
</Scene>
<Scene>
<INIT seed="3,5,1,1,2,83" ten="141,308,261,280" oya="3" hai0="129,46,126,82,53,65,25,84,28,4,41,115,18" hai1="104,123,35,102,103,132,6,100,86,73,120,101,55" hai2="113,79,98,22,49,91,125,89,50,121,68,33,48" hai3="124,36,114,133,135,74,106,59,15,69,61,131,56"/><W0/><RYUUKYOKU type="yao9" ba="5,1" sc="141,0,308,0,261,0,280,0" hai3="0,15,36,56,59,61,69,74,106,114,124,131,133,135" />
</Scene>
<Scene>
<INIT seed="3,6,1,2,1,108" ten="141,308,261,280" oya="3" hai0="72,101,44,9,126,96,60,21,35,18,102,119,115" hai1="111,122,64,105,16,50,86,98,25,124,10,135,65" hai2="88,6,41,15,63,95,4,131,58,87,91,118,100" hai3="93,77,127,121,37,51,97,54,85,106,112,76,67"/><W68/><G121/><T22/><D35/><U84/><E122/><V12/><F118/><W78/><G37/><T99/><D119/><U29/><E111/><V27/><F100/><W7/><G106/><T1/><D72/><U123/><E123/><V128/><F41/><W125/><G7/><N who="2" m="2601" /><F27/><W109/><G109/><T75/><D75/><U38/><E38/><V71/><F71/><W61/><G85/><T8/><D60/><U69/><E69/><V92/><F91/><W129/><G112/><T5/><D5/><U114/><E114/><V43/><F43/><W26/><G26/><T11/><D11/><U23/><E135/><V79/><F79/><W113/><G113/><T32/><D32/><U74/><E74/><V70/><F70/><W89/><REACH who="3" step="1"/><G129/><REACH who="3" ten="141,308,261,270" step="2"/><N who="2" m="49737" /><F95/><W83/><G83/><T80/><D115/><U2/><E105/><V134/><F134/><W66/><G66/><AGARI ba="6,2" hai="12,15,58,63,66,87,88,92" m="49737,2601" machi="66" ten="30,2000,0" yaku="19,1,54,1" doraHai="108" who="2" fromWho="3" sc="141,0,308,0,261,58,270,-38" />
</Scene>
<Scene>
<INIT seed="4,0,0,2,4,64" ten="141,308,319,232" oya="0" hai0="89,72,134,11,40,57,99,85,3,122,87,29,60" hai1="103,76,88,53,107,31,132,124,70,26,93,49,0" hai2="110,135,127,123,97,56,112,43,130,16,25,15,1" hai3="91,133,119,28,34,106,111,6,71,128,41,46,77"/><T22/><D72/><U116/><E116/><V33/><F1/><W58/><G111/><T42/><D122/><U24/><E0/><V52/><F123/><W9/><G119/><T101/><D87/><U36/><E36/><V114/><F110/><W10/><G71/><T78/><D78/><U115/><E132/><V129/><F135/><W2/><G106/><T102/><D102/><U61/><E76/><V5/><F43/><W126/><G126/><T83/><D134/><U95/><E124/><V109/><F109/><W35/><G128/><N who="2" m="49257" /><F127/><W117/><G117/><T74/><D74/><U86/><E115/><N who="2" m="44075" /><F97/><W108/><G108/><T38/><D38/><U7/><E7/><V30/><F5/><W69/><G6/><T120/><D120/><U27/><E107/><V13/><F16/><W8/><G41/><T118/><D118/><U23/><E103/><V59/><F59/><W17/><G58/><T39/><D39/><U37/><E37/><V131/><N who="2" m="49265" /><V68/><DORA hai="92" /><F68/><W50/><G69/><T48/><D3/><U105/><E70/><V84/><F84/><W20/><G17/><T4/><D4/><U82/><E105/><V79/><F79/><W65/><G77/><T81/><D101/><U63/><E27/><V54/><F54/><W113/><G113/><T62/><D40/><U121/><E26/><V47/><F47/><W14/><G2/><T100/><D42/><U67/><E121/><V55/><F55/><W32/><G133/><T75/><D100/><U45/><E67/><V80/><F80/><W73/><G73/><T104/><D75/><RYUUKYOKU ba="0,0" sc="141,-15,308,15,319,15,232,-15" hai1="23,24,31,45,49,53,61,63,82,86,88,93,95" hai2="13,15,25,30,33,52,56" />
</Scene>
<Scene>
<INIT seed="5,1,0,3,2,35" ten="126,323,334,217" oya="1" hai0="41,32,109,79,124,28,87,21,100,60,121,64,88" hai1="25,99,84,129,46,31,111,63,26,65,29,115,75" hai2="50,91,73,54,112,74,107,82,116,37,72,93,86" hai3="53,123,11,110,128,98,105,76,119,96,58,24,90"/><U133/><E75/><V1/><F37/><W19/><G123/><T44/><D109/><U22/><E111/><V49/><F1/><W33/><G110/><T3/><D32/><U9/><E133/><V106/><F50/><W61/><G128/><T97/><D121/><U85/><E129/><V2/><F2/><W6/><G119/><T80/><D124/><U120/><E120/><V125/><F116/><W130/><G130/><T57/><D79/><U67/><E115/><V113/><F125/><W7/><G105/><N who="2" m="39945" /><F49/><W40/><G76/><T12/><D3/><U27/><E46/><V126/><F54/><W15/><G40/><T17/><D28/><U101/><E9/><V38/><F38/><W89/><G33/><T78/><D78/><U135/><E135/><V132/><F132/><W69/><G69/><T8/><D8/><U16/><E31/><V95/><F126/><W134/><G134/><T122/><D122/><U5/><E5/><N who="3" m="1546" /><G24/><N who="1" m="9322" /><E29/><V71/><F71/><W51/><G61/><T47/><REACH who="0" step="1"/><D41/><REACH who="0" ten="116,323,334,217" step="2"/><U66/><E22/><V77/><F77/><W68/><G11/><T0/><D0/><U127/><E127/><V23/><F23/><W83/><G19/><T118/><D118/><U94/><E16/><V45/><F113/><W114/><G114/><T56/><D56/><N who="1" m="37351" /><E27/><V39/><F112/><W55/><G68/><T81/><D81/><U10/><E10/><V108/><F108/><W20/><G83/><T18/><D18/><U62/><E65/><V131/><F131/><W42/><G20/><T36/><D36/><U34/><E34/><V14/><F39/><RYUUKYOKU ba="1,1" sc="116,15,323,15,334,-15,217,-15" hai0="12,17,21,44,47,57,60,64,80,87,88,97,100" hai1="62,66,84,85,94,99,101" />
</Scene>
<Scene>
<INIT seed="5,2,1,1,4,121" ten="131,338,319,202" oya="1" hai0="132,76,133,134,35,14,32,2,96,131,55,90,27" hai1="68,42,18,112,72,59,0,43,24,51,130,45,20" hai2="110,50,100,23,124,57,107,61,9,34,52,73,56" hai3="16,80,5,85,98,95,89,71,8,33,120,53,82"/><U58/><E68/><V13/><F34/><W77/><G120/><T122/><D122/><U4/><E72/><V70/><F70/><W129/><G71/><T91/><D2/><U104/><E104/><V60/><F73/><W116/><G33/><T7/><D131/><U74/><E74/><V22/><F124/><W97/><G129/><T106/><D76/><U17/><E130/><V66/><F110/><W125/><G125/><T93/><D106/><U26/><E112/><V105/><F105/><W64/><G64/><T44/><D27/><U65/><E65/><V113/><F113/><W62/><G116/><T69/><D69/><U6/><E0/><V87/><F50/><W3/><G80/><T101/><D32/><U54/><E58/><V48/><F48/><W126/><G126/><T11/><D35/><U128/><E128/><V86/><F100/><W21/><G53/><T38/><D55/><U83/><E83/><V37/><F37/><W36/><G36/><T41/><AGARI ba="2,1" hai="7,11,14,38,41,44,90,91,93,96,101,132,133,134" machi="41" ten="40,2700,0" yaku="0,1,20,1" doraHai="121" who="0" fromWho="0" sc="131,43,338,-15,319,-9,202,-9" />
</Scene>
<Scene>
<INIT seed="6,0,0,5,2,59" ten="174,323,310,193" oya="2" hai0="106,74,121,128,101,68,25,17,56,62,133,82,131" hai1="81,123,16,69,53,33,108,47,112,98,92,97,132" hai2="8,6,0,3,55,94,39,104,41,19,46,124,37" hai3="49,126,7,107,113,23,125,27,111,119,91,15,70"/><V57/><F104/><W30/><G119/><T100/><D68/><U83/><E108/><V51/><F124/><N who="3" m="47723" /><G111/><T60/><D121/><U22/><E33/><V11/><F94/><W85/><G70/><T99/><D56/><U96/><E69/><V54/><F19/><W1/><G107/><T89/><D101/><U14/><E123/><V114/><F114/><W77/><G77/><N who="0" m="44343" /><D133/><U66/><E132/><V45/><F39/><W42/><G1/><T76/><D76/><U36/><E36/><V18/><F18/><W31/><G113/><T134/><D89/><U130/><E112/><V20/><F20/><W110/><G110/><T67/><D67/><U109/><E109/><V120/><F120/><W84/><G31/><T10/><D134/><U28/><E28/><V118/><F118/><W58/><G91/><T4/><D17/><U127/><E127/><V73/><F73/><W13/><G13/><N who="0" m="5319" /><D25/><U61/><E130/><AGARI ba="0,0" hai="60,62,99,100,106,128,130,131" m="5319,44343" machi="130" ten="30,3900,0" yaku="19,1,52,2" doraHai="59" who="0" fromWho="1" sc="174,39,323,-39,310,0,193,0" />
</Scene>
<Scene>
<INIT seed="7,0,0,2,1,122" ten="213,284,310,193" oya="3" hai0="61,54,86,18,89,26,28,42,83,16,102,51,6" hai1="24,7,116,0,100,124,115,22,30,39,64,60,31" hai2="69,98,94,47,95,81,118,132,129,125,123,126,32" hai3="38,48,130,73,99,90,50,121,56,117,11,25,27"/><W79/><G121/><T46/><D6/><U67/><E39/><V21/><F32/><W55/><G117/><T36/><D102/><U120/><E120/><V82/><F69/><W106/><G38/><T80/><D83/><N who="2" m="31754" /><F123/><W66/><G73/><T87/><D86/><U10/><E100/><N who="2" m="60503" /><F118/><W59/><G130/><T135/><D61/><U114/><E124/><N who="2" m="47723" /><F129/><W127/><G127/><T45/><REACH who="0" step="1"/><D135/><REACH who="0" ten="203,284,310,193" step="2"/><U128/><E128/><V85/><F132/><W57/><G79/><T76/><D76/><U113/><E116/><V29/><F85/><W3/><G106/><T33/><AGARI ba="0,1" hai="16,18,26,28,33,36,42,45,46,51,54,80,87,89" machi="33" ten="20,8000,1" yaku="1,1,0,1,7,1,54,1,53,1" doraHai="122" doraHaiUra="70" who="0" fromWho="0" sc="203,90,284,-20,310,-20,193,-40" />
</Scene>
<Scene>
<INIT seed="8,0,0,5,5,6" ten="293,264,290,153" oya="0" hai0="82,3,76,81,14,50,57,8,80,46,48,86,102" hai1="13,91,126,68,130,135,97,43,52,92,39,122,53" hai2="40,15,19,47,104,58,79,85,61,131,124,99,133" hai3="107,30,66,134,93,10,117,115,100,111,45,11,31"/><T12/><D3/><U64/><E122/><V89/><F124/><W59/><G111/><T94/><D14/><U56/><E126/><V127/><F127/><W118/><G115/><T25/><D25/><U62/><E135/><V35/><F35/><W38/><G107/><T105/><D105/><U75/><E75/><V1/><F1/><W16/><G134/><T101/><D57/><U55/><E130/><V32/><F32/><W41/><G100/><N who="0" m="38507" /><D94/><U34/><E34/><V132/><F104/><W7/><G93/><T78/><D86/><U123/><E123/><V83/><F131/><W65/><G59/><T63/><D63/><U44/><REACH who="1" step="1"/><E13/><REACH who="1" ten="293,254,290,153" step="2"/><V69/><F15/><N who="3" m="7295" /><G66/><T60/><D60/><AGARI ba="0,1" hai="39,43,44,52,53,55,56,60,62,64,68,91,92,97" machi="60" ten="30,3900,0" yaku="1,1,7,1,54,1,53,0" doraHai="6" doraHaiUra="9" who="1" fromWho="0" sc="293,-39,254,49,290,0,153,0" owari="254,-15.0,303,41.0,290,9.0,153,-35.0" />
</Scene>
</mjloggm>