<mjloggm ver="2.3"><GO type="169"/><UN n0="%E3%82%AE%E3%83%BC%E3%82%B9" n1="%E2%98%85%E3%82%86%E3%83%BC%E2%98%86" n2="%EF%BC%BC%28%EF%BC%BE%6F%EF%BC%BE%29%EF%BC%8F%E2%98%85" n3="%41%53%41%50%49%4E" dan="16,17,18,18" rate="2038,2176,2225,2207" sx="M,M,M,M"/><TAIKYOKU oya="0"/>

<Scene>
<INIT seed="0,0,0,1,0,19" ten="250,250,250,250" oya="0" hai0="83,78,99,41,26,95,32,100,40,114,96,132,76" hai1="130,93,108,57,68,42,87,8,119,39,10,109,118" hai2="35,38,131,27,134,81,1,113,63,117,127,82,60" hai3="15,4,7,6,5,86,90,46,17,98,71,45,79"/><T65/><D114/><U55/><E68/><V50/><F38/><W62/><G71/><T9/><D132/><U111/><E130/><V47/><F1/><W92/><G62/><T124/><D76/><U115/><E115/><V18/><F113/><W91/><G79/><T54/><D124/><U24/><E42/><V77/><F127/><W89/><N who="3" m="1024" /><DORA hai="22" /><W53/><G53/><T67/><D9/><N who="1" m="3691" /><E39/><V133/><F131/><W48/><G48/><T125/><D125/><U97/><E87/><N who="2" m="48559" /><F82/><W12/><G86/><T129/><D129/><U103/><E24/><V37/><F37/><W51/><G51/><AGARI ba="0,0" hai="51,55,57,93,97,103,108,109,111,118,119" m="3691" machi="51" ten="30,1000,0" yaku="14,1" doraHai="19,22" who="1" fromWho="3" sc="250,0,250,10,250,0,250,-10" />
</Scene>
<Scene>
<INIT seed="1,0,0,0,5,54" ten="250,260,250,240" oya="1" hai0="3,101,38,42,13,49,85,31,8,132,80,104,99" hai1="119,60,25,116,56,53,18,61,83,59,122,7,76" hai2="15,16,126,120,5,97,77,112,86,48,47,133,70" hai3="123,41,72,35,113,51,33,103,28,106,89,58,81"/><U21/><E7/><V134/><F120/><W30/><G123/><T75/><D132/><N who="2" m="50794" /><F70/><W91/><G113/><T4/><D75/><U117/><E122/><V44/><F112/><W95/><G91/><T82/><D82/><U88/><E88/><V98/><F5/><W73/><G73/><T94/><D38/><U2/><E2/><V124/><F47/><W71/><G71/><T130/><D130/><U131/><E131/><V50/><F50/><W121/><G121/><T65/><D31/><U17/><E17/><V129/><F129/><W67/><G41/><T39/><D39/><U55/><E119/><V11/><F86/><AGARI ba="0,0" hai="18,21,25,53,55,56,59,60,61,76,83,86,116,117" machi="86" ten="30,11600,0" yaku="7,1,9,1,52,2" doraHai="54" who="1" fromWho="2" sc="250,0,260,116,250,-116,240,0" />
</Scene>
<Scene>
<INIT seed="1,1,0,4,4,114" ten="250,376,134,240" oya="1" hai0="75,63,113,121,99,87,117,69,119,41,10,116,55" hai1="76,123,27,78,45,65,7,88,57,80,112,86,94" hai2="30,13,37,28,64,40,95,0,134,42,122,48,50" hai3="22,124,77,85,130,20,26,61,111,97,58,103,71"/><U105/><E105/><V125/><F0/><W14/><G71/><T39/><D75/><U120/><E112/><V81/><F122/><W70/><G70/><T74/><D74/><U2/><E78/><V129/><F37/><W106/><G111/><T67/><D10/><U91/><E91/><V56/><F134/><W132/><G132/><T51/><D99/><U60/><E2/><V35/><F35/><W131/><G124/><T19/><D19/><U102/><E7/><V15/><F95/><W11/><G85/><T79/><D87/><U1/><E1/><V109/><F109/><W68/><G68/><T83/><D83/><U126/><E102/><V98/><F98/><W17/><G77/><T108/><D79/><U82/><E82/><V33/><F33/><W66/><REACH who="3" step="1"/><G22/><REACH who="3" ten="250,376,134,230" step="2"/><T118/><D108/><U46/><E126/><V59/><F125/><W107/><G107/><T8/><D116/><U96/><E123/><V92/><F129/><W3/><G3/><T47/><D121/><U16/><E120/><V90/><F81/><W49/><G49/><T29/><D8/><U93/><E94/><V9/><F9/><W54/><G54/><T135/><D135/><U31/><E31/><AGARI ba="1,1" hai="11,14,17,20,26,31,58,61,66,97,103,106,130,131" machi="31" ten="40,1300,0" yaku="1,1,53,0" doraHai="114" doraHaiUra="32" who="3" fromWho="1" sc="250,0,376,-16,134,0,230,26" />
</Scene>
<Scene>
<INIT seed="2,0,0,4,3,115" ten="250,360,134,256" oya="2" hai0="86,77,131,37,63,104,41,100,82,1,35,24,48" hai1="70,55,7,71,80,95,9,34,96,94,20,23,113" hai2="87,59,101,74,109,14,56,103,62,45,126,8,88" hai3="25,79,60,92,49,53,5,6,33,52,76,39,66"/><V11/><F74/><W97/><G39/><T38/><D1/><U111/><E34/><V65/><F126/><W54/><G49/><T36/><D131/><U120/><E113/><V3/><F109/><W118/><G118/><T83/><D104/><U16/><E80/><V122/><F122/><W57/><G25/><T44/><D100/><U29/><E29/><V108/><F108/><W42/><G42/><T68/><D82/><U40/><E40/><V19/><F45/><W129/><G33/><T124/><D124/><U26/><E23/><V61/><F11/><W28/><G28/><T69/><D63/><U93/><E111/><V13/><F13/><W43/><G43/><T128/><D128/><U102/><E55/><V15/><F15/><W67/><G67/><T90/><D35/><U107/><REACH who="1" step="1"/><E120/><REACH who="1" ten="250,350,134,256" step="2"/><V0/><F0/><AGARI ba="0,1" hai="0,7,9,16,20,26,70,71,93,94,95,96,102,107" machi="0" ten="40,8000,1" yaku="1,1,2,1,54,1,53,1" doraHai="115" doraHaiUra="21" who="1" fromWho="2" sc="250,0,350,90,134,-80,256,0" />
</Scene>
<Scene>
<INIT seed="3,0,0,4,3,57" ten="250,440,54,256" oya="3" hai0="118,54,31,46,130,77,115,30,88,111,134,49,106" hai1="29,87,17,56,125,86,123,112,55,15,14,79,116" hai2="103,73,16,12,135,10,81,51,63,104,101,58,53" hai3="76,19,62,98,20,18,132,52,24,74,41,102,85"/><W40/><G74/><T82/><D118/><U6/><E123/><V93/><F104/><W99/><G132/><T2/><D106/><U11/><E112/><V83/><F135/><W126/><G126/><T129/><D134/><U38/><E38/><V3/><F3/><W94/><G99/><T32/><D2/><U44/><E125/><V75/><F75/><W39/><G39/><T127/><D127/><U108/><E108/><V67/><F93/><W47/><G19/><T1/><D1/><U66/><E79/><V4/><F4/><W33/><G33/><T80/><D115/><U21/><E29/><V69/><REACH who="2" step="1"/><F73/><REACH who="2" ten="250,440,44,256" step="2"/><W107/><G107/><T0/><D0/><U45/><E116/><V84/><F84/><W100/><G100/><AGARI ba="0,1" hai="10,12,16,51,53,58,63,67,69,81,83,100,101,103" machi="100" ten="40,5200,0" yaku="1,1,52,1,54,1,53,0" doraHai="57" doraHaiUra="22" who="2" fromWho="3" sc="250,0,440,0,44,62,256,-52" />
</Scene>
<Scene>
<INIT seed="4,0,0,4,4,111" ten="250,440,106,204" oya="0" hai0="46,63,37,16,102,132,84,75,125,14,31,8,129" hai1="99,4,12,1,62,26,88,104,51,20,73,10,133" hai2="116,96,126,45,78,30,123,114,6,77,2,59,18" hai3="127,82,106,87,17,36,131,21,108,90,107,105,60"/><T66/><D75/><U58/><E73/><V38/><F30/><W130/><G108/><T56/><D125/><U71/><E133/><V24/><F123/><W47/><G127/><T15/><D129/><N who="3" m="49161" /><G60/><T52/><D132/><U25/><E71/><V91/><F126/><W65/><G65/><T134/><D134/><U94/><E104/><V41/><F116/><W48/><G36/><T101/><D31/><U3/><E51/><V34/><F34/><W70/><G70/><T103/><D37/><U120/><E26/><V121/><F121/><W54/><G106/><T83/><D15/><AGARI ba="0,0" hai="15,17,21,47,48,54,82,87,90,105,107" m="49161" machi="15" ten="30,1000,0" yaku="19,1" doraHai="111" who="3" fromWho="0" sc="250,-10,440,0,106,0,204,10" />
</Scene>
<Scene>
<INIT seed="5,0,0,3,2,1" ten="240,440,106,214" oya="1" hai0="108,130,55,21,34,84,51,60,115,66,73,29,120" hai1="38,124,109,91,37,77,132,42,4,6,12,112,135" hai2="23,119,80,27,76,24,62,48,94,41,28,8,47" hai3="54,106,102,79,40,72,125,117,116,85,105,65,88"/><U33/><E33/><V59/><F119/><N who="3" m="45643" /><G65/><T126/><D73/><U9/><E77/><V113/><F113/><W90/><G40/><T68/><D34/><U110/><E112/><V82/><F76/><W43/><G43/><T69/><D115/><U111/><E124/><V30/><F94/><N who="3" m="54543" /><G54/><T78/><D126/><U36/><E42/><V5/><F27/><W122/><G122/><T81/><D108/><U93/><REACH who="1" step="1"/><E6/><REACH who="1" ten="240,430,106,214" step="2"/><V95/><F30/><W103/><G125/><T56/><D120/><U61/><E61/><V14/><REACH who="2" step="1"/><F95/><REACH who="2" ten="240,430,96,214" step="2"/><W31/><G31/><T52/><D29/><U92/><E92/><V39/><F39/><W26/><G79/><T15/><D78/><U121/><E121/><V104/><F104/><W123/><G123/><T75/><D75/><U107/><E107/><V99/><F99/><AGARI ba="0,2" hai="4,9,12,36,37,38,91,93,99,109,110,111,132,135" machi="99" ten="50,12000,1" yaku="1,1,10,1,52,1,53,1" doraHai="1" doraHaiUra="87" who="1" fromWho="2" sc="240,0,430,140,96,-120,214,0" owari="240,4.0,570,67.0,-24,-52.0,214,-19.0" />
</Scene>
</mjloggm>