<mjloggm ver="2.3"><GO type="169"/><UN n0="%E3%81%98%E3%82%83%E3%81%8C%E3%81%84%E3%82%82%E5%89%A3%E5%A3%AB" n1="%76%65%74%6F%6F" n2="%41%53%41%50%49%4E" n3="%E3%82%80%E3%83%BC%E3%82%80" dan="16,16,18,16" rate="2092,2095,2253,2059" sx="M,M,M,M"/><TAIKYOKU oya="0"/>

<Scene>
<INIT seed="0,0,0,2,3,83" ten="250,250,250,250" oya="0" hai0="75,15,93,61,122,85,101,19,116,95,74,71,76" hai1="46,11,87,9,99,133,48,135,53,86,50,67,25" hai2="47,118,0,73,97,84,24,106,30,42,123,4,113" hai3="62,98,70,134,66,128,21,115,1,69,35,6,26"/><T56/><D116/><U32/><E67/><V130/><F113/><W55/><G115/><T20/><D122/><U112/><E112/><V14/><F123/><W92/><G128/><T17/><D71/><U124/><E99/><V125/><F130/><W16/><G134/><N who="1" m="51210" /><E124/><V110/><F125/><W7/><G35/><T38/><D38/><U23/><E32/><V60/><F118/><W103/><G1/><T27/><D75/><U8/><E50/><V33/><F110/><W31/><G69/><T94/><D74/><U39/><E39/><V45/><F73/><W18/><REACH who="3" step="1"/><G55/><REACH who="3" ten="250,250,250,240" step="2"/><N who="0" m="33951" /><D101/><U5/><E5/><AGARI ba="0,1" hai="5,6,7,16,18,21,26,31,62,66,70,92,98,103" machi="5" ten="40,5200,0" yaku="1,1,54,1,53,1" doraHai="83" doraHaiUra="57" who="3" fromWho="1" sc="250,0,250,-52,250,0,240,62" />
</Scene>
<Scene>
<INIT seed="1,0,0,3,2,133" ten="250,198,250,302" oya="1" hai0="109,96,75,112,67,108,24,33,16,51,78,53,17" hai1="77,126,119,110,76,81,9,92,68,38,48,80,59" hai2="135,129,103,86,105,37,93,99,46,21,102,40,2" hai3="52,15,58,134,22,44,104,5,50,90,62,121,83"/><U12/><E119/><V125/><F2/><W114/><G134/><T35/><D112/><U89/><E38/><V18/><F135/><W70/><G104/><T117/><D117/><U19/><E68/><V101/><F129/><W10/><G121/><T116/><D116/><U4/><E110/><N who="0" m="42601" /><D67/><U88/><E126/><V57/><F125/><W118/><G118/><T106/><D78/><N who="1" m="30315" /><E4/><V98/><F86/><N who="3" m="50527" /><G70/><T32/><D75/><U34/><E34/><V128/><F128/><W79/><G79/><T123/><D123/><U26/><E26/><V113/><F113/><W3/><G3/><T111/><D24/><U91/><E92/><V31/><F31/><W72/><G72/><T7/><D7/><U11/><E11/><V82/><F82/><W1/><G1/><T63/><D111/><U97/><E97/><V100/><REACH who="2" step="1"/><F57/><REACH who="2" ten="250,198,240,302" step="2"/><W94/><G114/><T39/><D33/><U47/><E59/><V66/><F66/><W73/><G58/><T132/><D35/><U49/><E49/><V61/><F61/><W115/><G115/><T124/><D51/><U45/><E45/><V23/><F23/><W55/><G22/><T42/><D32/><U130/><E130/><V14/><AGARI ba="0,1" hai="14,18,21,37,40,46,93,98,99,100,101,102,103,105" machi="14" ten="20,2700,0" yaku="1,1,0,1,7,1,53,0" doraHai="133" doraHaiUra="87" who="2" fromWho="2" sc="250,-7,198,-13,240,37,302,-7" />
</Scene>
<Scene>
<INIT seed="2,0,0,3,1,40" ten="243,185,277,295" oya="2" hai0="118,69,102,110,131,11,68,71,49,41,73,98,114" hai1="119,2,3,39,134,80,43,29,20,132,104,79,46" hai2="8,120,56,121,116,51,1,14,77,23,13,100,103" hai3="105,48,81,18,126,58,5,107,59,61,32,97,0"/><V44/><F116/><W16/><G32/><T34/><D114/><U9/><E20/><V38/><F38/><W90/><G126/><T83/><D34/><U31/><E119/><V62/><F77/><W133/><G133/><N who="1" m="51306" /><E104/><V24/><F1/><W111/><G111/><T113/><D118/><U21/><E21/><V76/><F76/><W25/><G0/><N who="1" m="42" /><E9/><V54/><F120/><W10/><G5/><T95/><D113/><U74/><AGARI ba="0,0" hai="29,31,39,43,46,74,79,80" m="42,51306" machi="74" ten="30,2000,0" yaku="20,1,52,1" doraHai="40" who="1" fromWho="1" sc="243,-5,185,20,277,-10,295,-5" />
</Scene>
<Scene>
<INIT seed="3,0,0,2,1,135" ten="238,205,267,290" oya="3" hai0="2,75,117,76,120,81,88,125,62,74,91,105,83" hai1="4,37,10,70,130,65,59,55,36,28,18,32,60" hai2="39,116,66,86,107,31,20,96,17,63,21,30,58" hai3="3,0,87,46,49,12,99,52,108,44,126,114,50"/><W111/><G114/><T80/><D2/><U42/><E130/><V9/><F116/><W127/><G99/><T94/><D117/><U61/><E18/><V15/><F39/><W1/><G12/><T5/><D5/><U26/><REACH who="1" step="1"/><E42/><REACH who="1" ten="238,195,267,290" step="2"/><V29/><F17/><W82/><G111/><T84/><D120/><U123/><E123/><V131/><F131/><W85/><G108/><T48/><D48/><U33/><E33/><V97/><F29/><W53/><G85/><N who="0" m="50215" /><D62/><U90/><E90/><AGARI ba="0,1" hai="0,1,3,44,46,49,50,52,53,82,87,90,126,127" machi="90" ten="40,12000,1" yaku="9,1,52,2,54,1" doraHai="135" who="3" fromWho="1" sc="238,0,195,-120,267,0,290,130" />
</Scene>
<Scene>
<INIT seed="3,1,0,2,5,114" ten="238,75,267,420" oya="3" hai0="14,119,112,73,13,3,34,78,8,35,51,97,133" hai1="72,109,131,90,107,110,57,106,37,5,91,31,101" hai2="32,21,45,54,70,36,87,4,92,94,80,6,20" hai3="134,22,15,76,86,26,115,40,1,56,66,67,83"/><W93/><G115/><T129/><D112/><U11/><E37/><V63/><F32/><W24/><G1/><T103/><D3/><U9/><E31/><V64/><F20/><W28/><G134/><T2/><D14/><U53/><E131/><V69/><F69/><W41/><G15/><T61/><D129/><U124/><E72/><V58/><F21/><N who="3" m="15439" /><G93/><T17/><D133/><U33/><E33/><V59/><F94/><W121/><G121/><T29/><D29/><U12/><E124/><V89/><F36/><W48/><G48/><T23/><D2/><U0/><E0/><V60/><F45/><W105/><G105/><N who="1" m="39946" /><E101/><V108/><F108/><N who="1" m="41577" /><E11/><V52/><F70/><W79/><G79/><T113/><D8/><U16/><E5/><V122/><F64/><N who="3" m="24619" /><G56/><T68/><D34/><U46/><E46/><V81/><F122/><W127/><G127/><T99/><D35/><U85/><E85/><V98/><REACH who="2" step="1"/><F80/><REACH who="2" ten="238,75,257,420" step="2"/><W47/><G47/><T118/><D68/><U125/><E125/><V10/><F10/><W7/><G22/><T96/><D23/><U132/><E132/><V130/><F130/><W25/><G25/><T111/><D113/><U42/><E42/><V128/><F128/><W49/><G24/><T120/><D111/><U27/><E27/><V74/><F74/><W116/><G41/><T75/><D73/><U135/><E135/><V50/><F50/><AGARI ba="1,1" hai="9,12,16,50,53,57,90,91" m="41577,39946" machi="50" ten="30,2000,0" yaku="14,1,54,1" doraHai="114" who="1" fromWho="2" sc="238,0,75,33,257,-23,420,0" />
</Scene>
<Scene>
<INIT seed="4,0,0,0,0,103" ten="238,108,234,420" oya="0" hai0="65,7,28,125,23,70,123,79,101,66,95,15,82" hai1="8,12,40,42,6,91,86,10,61,97,22,100,132" hai2="119,107,56,81,51,69,77,13,113,25,115,48,68" hai3="44,4,94,19,53,122,29,45,38,127,52,43,17"/><T88/><D123/><U54/><E132/><V5/><F119/><W33/><G127/><T83/><D125/><U120/><E120/><V34/><F107/><W126/><G126/><T0/><D0/><U30/><E30/><N who="2" m="19791" /><F5/><W93/><G4/><T124/><D124/><U134/><E134/><V58/><F13/><W106/><G29/><T62/><D101/><U20/><E10/><V57/><F48/><W49/><G33/><T18/><D66/><U35/><E35/><V36/><F51/><W72/><G72/><T92/><D28/><U129/><E129/><V80/><F36/><W16/><G106/><T111/><D111/><U59/><E22/><V114/><F77/><W133/><G133/><T55/><D7/><U60/><E20/><V2/><F2/><W71/><G71/><AGARI ba="0,0" hai="56,57,58,68,69,71,80,81,113,114,115" m="19791" machi="71" ten="40,1300,0" yaku="15,1" doraHai="103" who="2" fromWho="3" sc="238,0,108,0,234,13,420,-13" />
</Scene>
<Scene>
<INIT seed="5,0,0,3,2,135" ten="238,108,247,407" oya="1" hai0="34,28,104,125,48,102,33,0,50,72,108,10,44" hai1="7,20,70,15,77,121,111,86,63,89,134,62,8" hai2="88,5,1,35,78,60,46,38,101,49,11,30,124" hai3="43,53,127,26,39,32,9,12,57,105,106,113,29"/><U56/><E121/><V129/><F38/><W68/><G68/><T103/><D72/><U16/><E134/><V51/><F129/><W96/><G127/><T4/><D108/><U79/><E111/><V2/><F124/><W132/><G132/><T122/><D125/><U25/><E70/><V18/><F2/><W107/><G113/><T97/><D122/><U99/><E63/><V92/><F101/><W123/><G123/><T110/><D110/><U93/><REACH who="1" step="1"/><E86/><REACH who="1" ten="238,98,247,407" step="2"/><V36/><F60/><W17/><G96/><T87/><D87/><U100/><E100/><V118/><F118/><W133/><G133/><T59/><D103/><U69/><E69/><V73/><F73/><W54/><G39/><T76/><D97/><U98/><E98/><V94/><F36/><W24/><G106/><T67/><D102/><U40/><E40/><V131/><F131/><W109/><G43/><T31/><D104/><U90/><E90/><V120/><F88/><W65/><G105/><T85/><D85/><U47/><E47/><V42/><F46/><W91/><G107/><T58/><D44/><U75/><E75/><V71/><F71/><W27/><G91/><T45/><D45/><U83/><E83/><V41/><F42/><W23/><G109/><T37/><D37/><U6/><E6/><V126/><F41/><W52/><G65/><AGARI ba="0,1" hai="7,8,15,16,20,25,56,62,65,77,79,89,93,99" machi="65" ten="30,11600,0" yaku="1,1,7,1,8,1,54,1,53,0" doraHai="135" doraHaiUra="128" who="1" fromWho="3" sc="238,0,98,126,247,0,407,-116" />
</Scene>
<Scene>
<INIT seed="5,1,0,0,3,86" ten="238,224,247,291" oya="1" hai0="38,84,113,66,6,17,4,26,52,121,124,85,49" hai1="21,72,89,79,55,47,94,98,58,39,109,106,133" hai2="7,76,0,56,60,114,132,9,81,78,50,48,36" hai3="73,118,28,117,92,23,44,97,74,82,115,95,88"/><U116/><E116/><N who="3" m="44650" /><G115/><T35/><D38/><U130/><E109/><V59/><F132/><W87/><G44/><T57/><D113/><U40/><E133/><V68/><F114/><W70/><G70/><T105/><D105/><U53/><E130/><V24/><F68/><W111/><G111/><T11/><D124/><U80/><E106/><V8/><F36/><W12/><G95/><T71/><D121/><U77/><E77/><V14/><F78/><N who="3" m="46551" /><G28/><T67/><D71/><U123/><E123/><V108/><F24/><W103/><G103/><T63/><D6/><U135/><E135/><V104/><F104/><W10/><G23/><N who="0" m="13679" /><D35/><U134/><E134/><V110/><F110/><W20/><G20/><T62/><D4/><AGARI ba="1,0" hai="4,10,12,73,74,88,92,97" m="46551,44650" machi="4" ten="30,3900,0" yaku="12,1,52,1,54,1" doraHai="86" who="3" fromWho="0" sc="238,-42,224,0,247,0,291,42" />
</Scene>
<Scene>
<INIT seed="6,0,0,1,0,89" ten="196,224,247,333" oya="2" hai0="104,5,98,63,2,41,37,88,55,28,97,56,79" hai1="99,57,126,103,74,58,17,23,111,85,51,77,0" hai2="18,9,105,4,11,42,27,25,80,6,30,40,72" hai3="67,132,87,120,118,84,24,78,100,121,117,107,61"/><V59/><F105/><W47/><G24/><T38/><D28/><U45/><E0/><V91/><F18/><W48/><G107/><T22/><D79/><U102/><E111/><V32/><F27/><W75/><G100/><N who="1" m="38442" /><E126/><V116/><F116/><W15/><G15/><T46/><D104/><U54/><E74/><V76/><F59/><W49/><G78/><T123/><D123/><U68/><E68/><V86/><F9/><W66/><G75/><T81/><D38/><U71/><E71/><V125/><F125/><W39/><G132/><T36/><D36/><U130/><E130/><V21/><F32/><W43/><G61/><T12/><D2/><U109/><E109/><V19/><F30/><W69/><G69/><T31/><D31/><U52/><E99/><V108/><F108/><W106/><G106/><T122/><D122/><U128/><E128/><V114/><F114/><W10/><G39/><T83/><D22/><U64/><E64/><V44/><F44/><W119/><G10/><T93/><REACH who="0" step="1"/><D98/><REACH who="0" ten="186,224,247,333" step="2"/><U70/><E70/><V95/><F6/><W20/><G20/><T73/><D73/><U34/><E34/><V3/><AGARI ba="0,1" hai="3,4,11,19,21,25,40,42,72,76,80,86,91,95" machi="3" ten="20,3900,0" yaku="0,1,7,1,52,1" doraHai="89" who="2" fromWho="2" sc="186,-13,224,-13,247,49,333,-13" />
</Scene>
<Scene>
<INIT seed="6,1,0,4,2,116" ten="173,211,296,320" oya="2" hai0="77,112,6,134,74,101,75,69,13,30,20,109,12" hai1="48,0,18,135,118,62,117,56,67,78,1,114,90" hai2="65,63,68,125,2,83,108,88,107,55,80,97,113" hai3="130,99,102,73,86,39,64,5,132,7,100,46,57"/><V61/><F2/><W10/><G73/><T91/><D69/><U60/><E114/><V52/><F113/><W103/><G132/><T123/><D109/><U33/><E135/><V81/><F108/><W105/><G130/><T120/><D134/><U43/><E33/><V133/><F133/><W36/><G86/><T131/><D112/><U50/><E78/><V84/><F125/><W28/><G28/><T49/><D101/><U35/><E35/><V70/><F107/><W94/><G105/><T16/><D30/><U53/><E18/><V95/><F97/><W110/><G110/><T40/><D91/><U79/><E79/><V58/><F58/><W92/><G46/><T127/><D127/><U98/><E90/><V11/><F11/><W22/><G22/><T27/><D131/><U76/><E98/><V31/><F31/><W126/><G126/><T8/><D27/><U122/><E76/><V38/><F38/><W19/><G19/><T93/><D93/><U15/><E15/><V45/><F45/><W87/><G87/><T32/><D32/><U3/><E43/><V72/><F72/><W37/><G99/><T82/><REACH who="0" step="1"/><D75/><REACH who="0" ten="163,211,296,320" step="2"/><U66/><E117/><V9/><F68/><W124/><G124/><T71/><D71/><U129/><E118/><V4/><F70/><W29/><G29/><T17/><D17/><U24/><E24/><V104/><F95/><W23/><G94/><T85/><D85/><U14/><E129/><V128/><F84/><W51/><G92/><T25/><D25/><U44/><E67/><V121/><F128/><W21/><G64/><RYUUKYOKU ba="1,1" sc="163,30,211,-10,296,-10,320,-10" hai0="6,8,12,13,16,20,40,49,74,77,82,120,123" />
</Scene>
<Scene>
<INIT seed="7,2,1,3,5,9" ten="193,201,286,310" oya="3" hai0="66,61,128,29,114,43,20,99,14,131,123,127,30" hai1="26,32,134,8,55,15,28,38,27,117,18,49,118" hai2="124,22,130,97,4,119,104,63,83,34,3,70,39" hai3="65,96,107,23,2,37,135,10,121,77,91,108,92"/><W48/><G37/><T45/><D123/><U17/><E38/><V62/><F119/><N who="1" m="45577" /><E134/><V59/><F34/><W81/><G107/><T64/><D127/><U93/><E93/><V51/><F39/><W116/><G65/><N who="0" m="25195" /><D114/><U106/><E106/><V86/><F70/><W13/><G2/><T84/><D99/><U95/><E95/><V73/><F73/><W125/><G108/><T11/><D61/><U58/><E27/><V71/><F71/><W129/><G92/><T90/><D20/><U1/><E1/><V12/><F3/><W74/><G23/><T100/><D100/><U132/><E132/><V115/><F115/><W19/><G125/><T57/><D57/><U40/><E40/><V113/><F124/><W122/><G135/><T31/><D45/><U109/><E109/><V94/><F113/><W53/><G116/><T0/><D0/><U79/><E79/><V85/><F104/><W56/><G122/><T88/><D43/><U133/><E133/><V5/><F97/><W16/><G96/><T25/><D25/><U75/><E75/><V105/><F105/><W24/><G24/><T21/><D21/><U80/><E80/><V102/><F22/><W126/><G121/><T89/><D84/><U111/><E111/><V60/><F86/><W46/><G126/><T54/><D54/><U103/><E103/><V120/><F120/><W33/><G74/><T35/><D35/><U98/><E98/><V47/><F83/><W42/><G33/><T44/><D44/><U110/><E110/><V52/><F47/><N who="3" m="25719" /><G81/><T7/><D90/><U69/><E69/><RYUUKYOKU ba="2,1" sc="193,15,201,15,286,-15,310,-15" hai0="7,11,14,29,30,31,88,89,128,131" hai1="8,15,17,18,26,28,32,49,55,58" />
</Scene>
<Scene>
<INIT seed="8,3,1,4,2,53" ten="208,216,271,295" oya="0" hai0="113,20,80,22,10,5,128,0,56,25,54,44,134" hai1="132,72,31,108,76,36,122,114,105,48,70,45,93" hai2="40,71,35,27,75,87,123,104,67,55,4,46,120" hai3="28,2,78,19,84,116,89,111,3,82,37,64,115"/><T29/><D113/><U100/><E108/><V59/><F75/><W124/><G111/><T30/><D128/><U18/><E122/><V21/><F104/><W121/><G37/><T129/><D129/><U51/><E70/><V62/><F35/><W74/><G115/><T50/><D134/><U119/><E114/><V47/><F87/><W127/><G28/><T34/><D80/><U38/><E105/><V1/><F47/><W52/><G64/><T39/><REACH who="0" step="1"/><D30/><REACH who="0" ten="198,216,271,295" step="2"/><U81/><E132/><V26/><F123/><W9/><G121/><T126/><D126/><U42/><E31/><V12/><F120/><W60/><G124/><T95/><D95/><U98/><E119/><V91/><F71/><W92/><G116/><T96/><D96/><U63/><E36/><V33/><F33/><W83/><G83/><T130/><D130/><U23/><REACH who="1" step="1"/><E63/><REACH who="1" ten="198,206,271,295" step="2"/><V125/><F62/><W8/><G60/><T14/><D14/><AGARI ba="3,3" hai="14,18,23,38,42,45,48,51,72,76,81,93,98,100" machi="14" ten="30,3900,0" yaku="1,1,2,1,7,1,53,0" doraHai="53" doraHaiUra="117" who="1" fromWho="0" sc="198,-48,206,78,271,0,295,0" />
</Scene>
<Scene>
<INIT seed="9,0,0,4,1,115" ten="150,284,271,295" oya="1" hai0="53,129,106,92,35,8,70,5,16,113,64,47,83" hai1="82,43,34,130,46,24,71,104,61,41,85,58,27" hai2="133,124,76,31,93,111,102,4,13,125,45,10,57" hai3="101,9,88,20,50,39,80,12,73,66,74,107,126"/><U96/><E130/><V0/><F111/><W67/><G39/><T32/><D113/><U11/><E11/><V110/><F110/><W7/><G126/><N who="2" m="48745" /><F133/><W108/><G108/><T120/><D120/><U81/><E81/><V56/><F76/><W135/><G135/><T86/><D106/><U19/><E71/><V14/><F31/><W29/><G50/><T26/><D129/><U127/><E127/><V51/><F93/><W116/><G116/><T128/><D128/><U30/><E19/><V114/><F102/><W72/><G101/><T44/><D92/><U109/><E24/><V37/><F37/><W112/><G107/><T33/><D53/><U54/><E109/><V52/><F114/><W22/><G112/><T2/><D64/><U68/><E46/><V60/><F57/><W55/><G55/><AGARI ba="0,0" hai="0,4,10,13,14,45,51,52,55,56,60" m="48745" machi="55" ten="30,2000,0" yaku="18,1,54,1" doraHai="115" who="2" fromWho="3" sc="150,0,284,0,271,20,295,-20" />
</Scene>
<Scene>
<INIT seed="10,0,0,1,4,24" ten="150,284,291,275" oya="2" hai0="45,4,31,73,0,11,20,69,95,16,100,23,68" hai1="90,38,52,84,107,116,55,135,105,29,3,133,108" hai2="77,115,30,117,67,25,78,49,37,65,80,121,64" hai3="131,97,14,110,96,58,6,106,119,28,15,32,9"/><V43/><F121/><W74/><G110/><T39/><D73/><U83/><E108/><V22/><F115/><W57/><G74/><T112/><D112/><U18/><E116/><V35/><F37/><W87/><G119/><T34/><D23/><U89/><E38/><V48/><F117/><W123/><G123/><T76/><D76/><N who="2" m="29290" /><F35/><W62/><G131/><T51/><D39/><U63/><E29/><V85/><F43/><W36/><G36/><T130/><D130/><U118/><E118/><V129/><F129/><W125/><G125/><T103/><D103/><U53/><E3/><V124/><F124/><W104/><G87/><T27/><D95/><U114/><E114/><V60/><F60/><W17/><G28/><T71/><D100/><U5/><E5/><V79/><AGARI ba="0,0" hai="22,25,30,48,49,64,65,67,79,80,85" m="29290" machi="79" ten="30,3000,0" yaku="8,1,52,1" doraHai="24" who="2" fromWho="2" sc="150,-10,284,-10,291,30,275,-10" owari="140,-36.0,274,7.0,321,42.0,265,-13.0" />
</Scene>
</mjloggm>