<mjloggm ver="2.3"><GO type="169" lobby="0"/><UN n0="%E3%83%90%E3%83%BC%E3%83%86%E3%82%A3" n1="%E3%82%82%E3%81%97%E3%83%A9%E3%82%B9%E3%81%A7" n2="%41%53%41%50%49%4E" n3="%67%69%6A%79%75%74%75" dan="16,16,18,16" rate="2145.68,2081.76,2256.98,2116.45" sx="M,M,M,M"/><TAIKYOKU oya="0"/>

<Scene>
<INIT seed="0,0,0,0,3,131" ten="250,250,250,250" oya="0" hai0="112,41,130,87,70,19,45,18,118,121,64,27,69" hai1="134,32,95,119,30,125,46,24,11,86,2,53,117" hai2="16,114,49,68,56,132,36,128,9,47,80,116,83" hai3="66,23,74,63,107,126,129,91,94,124,133,42,22"/><T110/><D118/><U51/><E125/><N who="3" m="48234" /><G107/><T72/><D72/><U76/><E119/><V90/><F116/><W61/><G74/><T135/><D121/><U5/><E117/><V50/><F128/><W89/><G129/><T111/><D112/><U62/><E62/><N who="3" m="23562" /><G66/><T12/><D64/><U93/><E93/><V54/><F68/><W98/><G42/><T8/><D130/><U38/><E38/><V78/><F36/><W99/><G133/><T73/><D135/><U48/><E48/><V7/><F114/><W20/><G94/><T81/><D73/><U59/><E46/><V10/><F132/><W4/><G4/><N who="0" m="3079" /><D70/><U31/><E134/><V84/><F7/><W39/><G39/><T127/><D69/><U57/><E95/><V6/><F6/><W75/><G75/><T1/><D1/><U97/><E5/><V33/><F80/><W52/><G52/><T67/><D67/><U113/><E53/><V58/><F50/><W109/><G109/><N who="0" m="41483" /><D27/><U77/><E113/><V123/><F54/><W17/><G17/><T100/><D100/><U43/><E24/><V101/><F16/><N who="0" m="6186" /><D127/><U26/><E26/><V35/><F101/><W82/><G82/><T85/><D81/><U44/><E2/><V104/><F83/><W3/><G3/><T79/><D79/><U88/><E76/><V28/><F78/><W71/><G71/><T15/><D15/><U40/><E77/><V92/><F123/><W13/><G13/><T34/><D34/><U122/><E32/><V96/><F35/><W25/><G25/><T55/><D41/><U115/><E122/><RYUUKYOKU ba="0,0" sc="250,15,250,-15,250,-15,250,15" hai0="45,55,85,87" hai3="20,22,23,89,91,98,99" />
</Scene>
<Scene>
<INIT seed="0,1,0,2,3,37" ten="265,235,235,265" oya="0" hai0="124,108,3,132,71,5,135,88,104,110,119,57,128" hai1="75,122,129,15,8,67,113,10,80,70,134,74,20" hai2="125,95,2,86,12,114,96,26,49,39,97,106,28" hai3="42,53,29,102,93,33,72,85,117,105,87,18,43"/><T94/><D71/><U90/><E122/><V115/><F39/><W1/><G117/><T34/><D34/><U41/><E113/><V79/><F2/><W66/><G72/><T81/><D3/><U17/><E134/><N who="0" m="51241" /><D5/><U47/><E129/><V76/><F125/><W68/><G1/><T116/><D104/><U131/><E131/><V59/><F106/><W56/><G18/><T24/><D128/><U82/><E82/><V83/><F76/><W25/><G93/><T48/><D24/><U7/><E8/><V60/><F49/><N who="3" m="30767" /><G87/><N who="0" m="50287" /><D124/><U89/><E70/><V109/><F12/><W77/><G85/><T30/><D30/><U14/><E67/><V19/><F19/><W22/><G22/><T16/><D16/><U0/><E14/><V40/><F26/><W65/><G77/><T32/><D32/><U101/><E75/><V103/><F28/><W121/><G121/><T21/><D21/><U35/><E35/><V31/><F31/><W99/><G65/><T4/><D4/><U120/><E120/><V78/><F115/><W54/><G54/><N who="0" m="31943" /><D94/><U27/><E0/><V11/><F95/><W111/><G111/><AGARI ba="1,0" hai="108,110,111,116,119" m="31943,50287,51241" machi="111" ten="30,11600,0" yaku="14,1,10,1,20,1,54,1" doraHai="37" who="0" fromWho="3" sc="265,119,235,0,235,0,265,-119" />
</Scene>
<Scene>
<INIT seed="0,2,0,2,0,115" ten="384,235,235,146" oya="0" hai0="114,71,45,14,30,28,39,112,75,27,15,17,41" hai1="96,94,117,29,3,111,72,43,122,98,130,106,36" hai2="88,83,95,0,35,80,93,134,22,125,118,47,65" hai3="46,101,124,82,84,5,70,131,37,108,126,73,113"/><T92/><D71/><U97/><E29/><V59/><F35/><W103/><G70/><T56/><D75/><U127/><E43/><V100/><F0/><W58/><G5/><T18/><D92/><U91/><E91/><V129/><F129/><W48/><G58/><T19/><D56/><U34/><E97/><N who="2" m="59455" /><F134/><W4/><G4/><T68/><D68/><U42/><E96/><N who="2" m="57383" /><F125/><N who="3" m="48235" /><G37/><T61/><D61/><U64/><E98/><V10/><F118/><W110/><G73/><T102/><D102/><N who="3" m="38921" /><G113/><T50/><D39/><U20/><E94/><V109/><F10/><W12/><G12/><N who="0" m="4651" /><D114/><U119/><E64/><V132/><F132/><W1/><G1/><T89/><D112/><U107/><E107/><V79/><F59/><W44/><G131/><T120/><D89/><U7/><E106/><V63/><F63/><W6/><G6/><T116/><D116/><U33/><E117/><V123/><F65/><W77/><G44/><T57/><D57/><U40/><E119/><V21/><F47/><W26/><G26/><T53/><D41/><AGARI ba="2,0" hai="41,46,48,77,82,84,108,110" m="38921,48235" machi="41" ten="30,1000,0" yaku="18,1" doraHai="115" who="3" fromWho="0" sc="384,-16,235,0,235,0,146,16" />
</Scene>
<Scene>
<INIT seed="1,0,0,0,0,103" ten="368,235,235,162" oya="1" hai0="32,56,129,29,117,67,100,126,124,48,87,66,94" hai1="80,54,69,50,134,55,0,24,46,115,83,8,113" hai2="97,70,107,53,93,135,72,91,42,58,109,35,68" hai3="9,102,120,1,23,74,118,11,73,119,81,36,104"/><U38/><E24/><V39/><F35/><W78/><G73/><T123/><D32/><U21/><E21/><V19/><F72/><W132/><G120/><T57/><D29/><U65/><E8/><V33/><F33/><W4/><G132/><T12/><D12/><U75/><E0/><V37/><F109/><W112/><G112/><T130/><D123/><U84/><E75/><V27/><F135/><W17/><G11/><T51/><D100/><U88/><E38/><V43/><F107/><W20/><G36/><T60/><D94/><U82/><E134/><V3/><F3/><W133/><G133/><T125/><D87/><U90/><E90/><V6/><F6/><W18/><G23/><T92/><D92/><U16/><E16/><V101/><F101/><W49/><G49/><N who="0" m="19019" /><D117/><N who="3" m="44553" /><G20/><T105/><D105/><U77/><E77/><V99/><F39/><W5/><G5/><T122/><D122/><U7/><E7/><V76/><F76/><W86/><G74/><T59/><D60/><U34/><E34/><V15/><F27/><W61/><G61/><T95/><D95/><U26/><E26/><V22/><F37/><W31/><G31/><T47/><D47/><U128/><E115/><V108/><F22/><W114/><G114/><T41/><D41/><U127/><E113/><V52/><F19/><W71/><G71/><T40/><D40/><U121/><E69/><V30/><F68/><W28/><G28/><T64/><AGARI ba="0,0" hai="56,57,59,64,66,67,124,125,126,129,130" m="19019" machi="64" ten="50,12000,2" yaku="29,2,28,2,18,1,34,2" doraHai="103" who="0" fromWho="0" sc="368,120,235,-60,235,-30,162,-30" />
</Scene>
<Scene>
<INIT seed="2,0,0,3,5,110" ten="488,175,205,132" oya="2" hai0="63,115,11,66,89,131,101,85,49,40,76,86,103" hai1="5,117,97,32,41,72,28,67,27,92,14,61,112" hai2="70,135,98,46,106,29,71,118,127,44,94,2,81" hai3="8,128,17,13,111,73,22,93,56,36,1,45,6"/><V82/><F118/><W19/><G111/><T51/><D40/><U108/><E72/><V96/><F2/><W30/><G73/><T57/><D131/><U55/><E117/><V10/><F135/><W116/><G116/><T52/><D76/><U3/><E108/><V122/><F122/><W60/><G128/><T105/><D105/><U18/><E41/><V33/><F127/><W87/><G36/><T9/><D115/><U107/><E55/><V54/><F10/><N who="0" m="3594" /><D86/><U26/><E5/><V88/><F29/><W21/><G45/><N who="0" m="27695" /><D51/><U133/><E3/><V120/><F120/><W83/><G93/><AGARI ba="0,0" hai="57,63,66,85,89,93,101,103" m="27695,3594" machi="93" ten="30,2000,0" yaku="8,1,54,1" doraHai="110" who="0" fromWho="3" sc="488,20,175,0,205,0,132,-20" />
</Scene>
<Scene>
<INIT seed="3,0,0,3,1,43" ten="508,175,205,112" oya="3" hai0="101,68,58,53,134,52,96,66,47,84,126,97,118" hai1="30,116,121,125,71,102,12,63,80,90,91,10,18" hai2="129,28,86,38,87,131,24,13,15,74,78,124,122" hai3="41,35,17,113,56,39,60,85,107,54,22,110,106"/><W50/><G35/><T25/><D118/><U114/><E116/><V0/><F0/><W108/><G113/><T64/><D68/><U109/><E114/><V62/><F124/><W99/><G39/><T6/><D6/><U44/><E125/><V89/><F122/><W105/><G85/><T115/><D115/><U103/><E121/><V27/><F38/><W92/><G41/><T70/><D70/><U45/><E30/><V2/><F2/><W37/><G37/><T76/><D126/><U98/><E109/><N who="3" m="42090" /><G60/><N who="0" m="35911" /><D25/><U104/><E103/><V65/><F86/><W111/><N who="3" m="42098" /><W7/><DORA hai="75" /><G7/><T55/><D134/><U4/><E4/><V95/><F62/><W120/><G120/><T40/><D96/><U132/><E132/><V77/><F74/><W26/><G107/><T73/><D73/><U59/><E71/><V14/><F65/><N who="0" m="25194" /><D97/><U112/><E112/><V3/><F3/><W117/><G117/><T69/><D101/><AGARI ba="0,0" hai="17,22,26,50,54,56,92,99,101,105,106" m="42098" machi="101" ten="40,3900,0" yaku="14,1,10,1" doraHai="43,75" who="3" fromWho="0" sc="508,-39,175,0,205,0,112,39" />
</Scene>
<Scene>
<INIT seed="3,1,0,3,2,102" ten="469,175,205,151" oya="3" hai0="65,121,35,127,105,61,18,28,90,33,68,48,20" hai1="96,34,73,129,126,50,71,77,38,122,110,55,19" hai2="130,11,27,67,124,72,81,40,86,44,74,60,95" hai3="118,131,51,108,6,79,37,45,69,49,52,103,10"/><W36/><G118/><T106/><D121/><U7/><E7/><V123/><F130/><W32/><G32/><T107/><D28/><U4/><E4/><V14/><F123/><W17/><G69/><T92/><D48/><U111/><E19/><V83/><F124/><W104/><G131/><T54/><D54/><U133/><E50/><V22/><F95/><W75/><G108/><T0/><D0/><U93/><E93/><V46/><F14/><W9/><G51/><T91/><D127/><U31/><E96/><V128/><F11/><W16/><G37/><T116/><D116/><U41/><E77/><V115/><F128/><W59/><G36/><T76/><D76/><U42/><E55/><V100/><F115/><W26/><G45/><T101/><D101/><U29/><E29/><V47/><F100/><W89/><G89/><T85/><REACH who="0" step="1"/><D91/><REACH who="0" ten="459,175,205,151" step="2"/><U23/><E31/><V21/><F40/><W113/><G79/><T64/><D64/><U119/><E42/><V94/><F67/><W87/><G52/><T97/><D97/><U58/><E41/><V57/><F46/><W30/><G49/><T12/><AGARI ba="1,1" hai="12,18,20,33,35,61,65,68,85,90,92,105,106,107" machi="12" ten="30,8000,1" yaku="1,1,0,1,52,3,53,0" doraHai="102" doraHaiUra="125" who="0" fromWho="0" sc="459,93,175,-21,205,-21,151,-41" />
</Scene>
<Scene>
<INIT seed="4,0,0,1,3,110" ten="552,154,184,110" oya="0" hai0="123,105,74,35,12,101,109,16,26,17,132,39,85" hai1="98,122,7,58,67,114,133,127,117,41,106,14,25" hai2="99,128,5,70,18,30,80,52,9,49,54,23,43" hai3="61,38,64,22,81,79,47,34,97,86,32,130,125"/><T56/><D39/><U53/><E122/><V76/><F70/><W100/><G130/><T50/><D74/><U48/><E117/><V116/><F116/><W94/><G125/><T0/><D0/><U60/><E127/><V66/><F128/><W124/><G124/><T87/><D123/><U21/><E133/><V111/><F66/><W8/><G8/><T51/><D105/><U93/><E41/><V88/><F111/><W102/><G102/><T19/><D101/><U82/><E82/><V129/><F30/><W11/><G11/><T77/><D35/><U37/><E37/><V15/><F129/><W69/><G38/><T118/><D118/><U2/><E2/><V73/><F43/><W44/><REACH who="3" step="1"/><G22/><REACH who="3" ten="552,154,184,100" step="2"/><T121/><D132/><U131/><E131/><V135/><F135/><W104/><G104/><T42/><D109/><U92/><E106/><V46/><F9/><W55/><G55/><N who="0" m="31863" /><D12/><U119/><E14/><V27/><F15/><W107/><G107/><T72/><D121/><U13/><E13/><V3/><F3/><W1/><G1/><T84/><D72/><U28/><E119/><V112/><F73/><W108/><G108/><T75/><D75/><U33/><E21/><V24/><F23/><W31/><G31/><T4/><D26/><U57/><E25/><V126/><F27/><W103/><G103/><T134/><D134/><U96/><E33/><AGARI ba="0,1" hai="32,33,34,44,47,61,64,69,79,81,86,94,97,100" machi="33" ten="40,1300,0" yaku="1,1,53,0" doraHai="110" doraHaiUra="113" who="3" fromWho="1" sc="552,0,154,-13,184,0,100,23" />
</Scene>
<Scene>
<INIT seed="5,0,0,2,1,100" ten="552,141,184,123" oya="1" hai0="104,51,65,50,32,94,103,13,56,39,113,117,112" hai1="0,55,29,124,116,83,11,89,63,3,40,41,74" hai2="119,52,96,69,135,122,88,77,64,22,109,85,121" hai3="114,31,67,60,46,78,45,91,90,25,120,48,1"/><U79/><E116/><V59/><F109/><W21/><G120/><T30/><D39/><U36/><E124/><V71/><F119/><W110/><G110/><T125/><D117/><U133/><E133/><V98/><F135/><W129/><G1/><T86/><D32/><U108/><E108/><V8/><F77/><W20/><G114/><T127/><D30/><U43/><E29/><V47/><F47/><W19/><G78/><T35/><D35/><U70/><E89/><V111/><F111/><W38/><G38/><T80/><D65/><N who="1" m="41279" /><E3/><V5/><F22/><W72/><G72/><T101/><D13/><U33/><E55/><V92/><F121/><W115/><G115/><N who="0" m="44107" /><D56/><U84/><E84/><V42/><F42/><W105/><G105/><T97/><D50/><U34/><E43/><V18/><F18/><W128/><G19/><T123/><D80/><U131/><E41/><V54/><F122/><W6/><G6/><T17/><D51/><U102/><E102/><V44/><F44/><N who="3" m="17003" /><G48/><T14/><D123/><U49/><E49/><V130/><F69/><N who="3" m="42215" /><G21/><N who="0" m="11447" /><D86/><U106/><E36/><V23/><F85/><W53/><G53/><T81/><D81/><U87/><E83/><V76/><F54/><W134/><G134/><T24/><D24/><U118/><E87/><V61/><F52/><W95/><G95/><T16/><D16/><U126/><E118/><V4/><F92/><W132/><G132/><T12/><D12/><U2/><E2/><V10/><F76/><W26/><G26/><T68/><D68/><U62/><E0/><V57/><F71/><W28/><G28/><RYUUKYOKU ba="0,0" sc="552,15,141,-15,184,-15,123,15" hai0="94,97,101,103,104,125,127" hai3="20,25,31,90,91,128,129" />
</Scene>
<Scene>
<INIT seed="6,1,0,3,2,108" ten="567,126,169,138" oya="2" hai0="13,119,12,11,22,122,64,29,52,51,30,96,21" hai1="127,2,134,18,101,63,111,33,20,123,89,46,110" hai2="78,3,115,7,84,24,83,60,121,42,35,58,74" hai3="125,113,124,90,77,40,53,73,100,98,128,6,68"/><V132/><F121/><W133/><G68/><T47/><D122/><U1/><E33/><V36/><F132/><W23/><G133/><T87/><D96/><U118/><E101/><V38/><F115/><W10/><G113/><T72/><D72/><U19/><E63/><V14/><F3/><W25/><G40/><T130/><D64/><U50/><E46/><V65/><F42/><W31/><G90/><T69/><D69/><U94/><E50/><V5/><F74/><W0/><G53/><T39/><D39/><U67/><E94/><V105/><F105/><W71/><G71/><T37/><D37/><U9/><E67/><V80/><F80/><W112/><G112/><T116/><D87/><U45/><E45/><V48/><F48/><W56/><G56/><T86/><D86/><U88/><E123/><V49/><F49/><W76/><G73/><T82/><D82/><U32/><E32/><V129/><F36/><W79/><REACH who="3" step="1"/><G128/><REACH who="3" ten="567,126,169,128" step="2"/><T103/><D130/><U109/><E109/><V28/><F129/><W117/><G117/><N who="0" m="45131" /><D103/><U61/><E118/><V26/><F65/><W135/><G135/><T55/><D51/><U54/><E134/><V91/><F38/><W43/><G43/><T81/><D47/><U57/><E111/><V104/><F58/><W85/><G85/><T93/><D81/><U106/><E110/><V75/><F84/><W120/><G120/><T15/><D55/><U102/><E54/><V114/><F83/><W27/><G27/><N who="0" m="16623" /><D52/><U17/><E57/><V92/><F75/><W16/><G16/><N who="0" m="8223" /><D93/><AGARI ba="1,1" hai="0,6,10,23,25,31,76,77,79,93,98,100,124,125" machi="93" ten="40,1300,0" yaku="1,1,53,0" doraHai="108" doraHaiUra="8" who="3" fromWho="0" sc="567,-16,126,0,169,0,128,26" />
</Scene>
<Scene>
<INIT seed="7,0,0,1,5,104" ten="551,126,169,154" oya="3" hai0="11,5,70,84,51,47,65,96,99,26,58,35,50" hai1="90,87,93,48,68,92,71,115,112,131,22,19,28" hai2="60,6,18,20,12,36,55,69,42,21,57,0,117" hai3="110,100,23,103,52,59,17,56,43,133,129,130,119"/><W63/><G119/><T39/><D35/><U33/><E33/><V94/><F117/><W46/><G133/><T15/><D26/><U31/><E131/><N who="3" m="50186" /><G59/><T9/><D70/><U30/><E48/><V127/><F127/><W49/><G110/><T107/><D107/><U125/><E125/><V83/><F69/><W25/><AGARI ba="0,0" hai="17,23,25,43,46,49,52,56,63,100,103" m="50186" machi="25" ten="30,3000,0" yaku="19,1,54,1" doraHai="104" who="3" fromWho="3" sc="551,-10,126,-10,169,-10,154,30" />
</Scene>
<Scene>
<INIT seed="7,1,0,4,5,29" ten="541,116,159,184" oya="3" hai0="85,68,123,76,116,22,126,83,105,11,27,70,92" hai1="77,135,38,91,42,3,41,17,13,110,37,50,107" hai2="106,73,115,62,87,20,60,57,15,39,122,59,86" hai3="109,134,82,6,16,36,119,94,75,24,72,12,55"/><W103/><G119/><T101/><D11/><U129/><E3/><V104/><F106/><W26/><G36/><T8/><D8/><U33/><E110/><V46/><F104/><W32/><G6/><T63/><D63/><U45/><E107/><V80/><F73/><W130/><G109/><T99/><D123/><U97/><E77/><V66/><F122/><W133/><G55/><T114/><D126/><U18/><E135/><V79/><F115/><W95/><G103/><T127/><D114/><U98/><E129/><V58/><F39/><W40/><G82/><T78/><D78/><U124/><E124/><V90/><F46/><W88/><G40/><T51/><D51/><U4/><E4/><V74/><F62/><W131/><G12/><T54/><D54/><U25/><E13/><V93/><F74/><W0/><G0/><T9/><D9/><U128/><E128/><V84/><F84/><W14/><G14/><T21/><D21/><U111/><E111/><V43/><F43/><W112/><G112/><T19/><D127/><U108/><E108/><V28/><F15/><W89/><G16/><T96/><D116/><U117/><E117/><V2/><F2/><W30/><G30/><T7/><D7/><U52/><E42/><V61/><F61/><W34/><AGARI ba="1,0" hai="24,26,32,34,72,75,88,89,94,95,130,131,133,134" machi="34" ten="25,18000,2" yaku="0,1,22,2,52,2,54,1" doraHai="29" who="3" fromWho="3" sc="541,-61,116,-61,159,-61,184,183" />
</Scene>
<Scene>
<INIT seed="7,2,0,1,1,124" ten="480,55,98,367" oya="3" hai0="90,6,12,74,58,54,132,93,28,49,16,104,67" hai1="111,43,117,15,95,133,109,84,71,42,110,134,103" hai2="77,60,100,46,75,22,30,11,68,48,97,101,3" hai3="105,69,31,120,123,85,92,61,7,36,66,47,41"/><W87/><G7/><T80/><D104/><U26/><E26/><N who="2" m="16727" /><F75/><W70/><G105/><T40/><D132/><N who="1" m="50795" /><E15/><V21/><F68/><N who="3" m="26219" /><G31/><T63/><D80/><U78/><E71/><V39/><F39/><W13/><G13/><T106/><D106/><U51/><E43/><V38/><F38/><W44/><G92/><T112/><D112/><U88/><E42/><N who="2" m="24663" /><F3/><W83/><G83/><T34/><D34/><U33/><E51/><V73/><F73/><W94/><G85/><N who="0" m="52431" /><D28/><U126/><E33/><V56/><F77/><W113/><G87/><T24/><D40/><U0/><E0/><V125/><F125/><W82/><G94/><T65/><D74/><U102/><E126/><V122/><F122/><N who="3" m="46635" /><G82/><T118/><D118/><U72/><E117/><V45/><F97/><W129/><G113/><T135/><D135/><U55/><E55/><N who="2" m="33823" /><F11/><W81/><G81/><AGARI ba="2,0" hai="72,78,81,84,88,95,102,103,109,110,111" m="50795" machi="81" ten="40,8000,1" yaku="20,1,34,2,54,1" doraHai="124" who="1" fromWho="3" sc="480,0,55,86,98,0,367,-86" owari="480,58.0,141,-26.0,98,-40.0,281,8.0" />
</Scene>
</mjloggm>