<mjloggm ver="2.3"><GO type="169" lobby="0"/><UN n0="%E3%82%B3%E3%83%8F%E3%83%AB%E3%82%B9%E3%82%BF%E3%83%BC" n1="%68%61%6D%6F%6E" n2="%E4%B8%83%E3%83%84%E7%9B%AE%E7%8E%89" n3="%41%53%41%50%49%4E" dan="16,16,17,19" rate="2100.85,2049.78,2192.56,2269.18" sx="F,M,M,M"/><TAIKYOKU oya="0"/>

<Scene>
<INIT seed="0,0,0,5,0,24" ten="250,250,250,250" oya="0" hai0="41,100,105,45,35,131,38,85,82,51,63,74,83" hai1="2,1,10,43,17,101,86,57,0,126,27,93,58" hai2="48,31,106,44,96,73,64,72,135,88,66,87,47" hai3="15,69,116,89,39,81,14,23,5,20,115,4,124"/><T132/><D74/><U25/><E126/><V9/><F135/><W36/><G69/><T99/><D35/><U97/><E43/><V46/><F72/><W19/><G81/><T118/><D118/><U98/><E86/><V11/><F73/><W107/><G107/><T104/><D132/><U108/><E108/><V127/><F127/><W119/><G89/><T112/><D112/><U6/><E97/><V77/><F77/><W56/><G56/><T32/><D32/><U40/><E40/><V76/><F76/><W68/><G68/><T91/><D105/><U123/><E123/><V125/><F125/><W129/><G124/><T111/><D111/><U71/><E71/><V130/><F130/><W34/><G34/><T114/><D114/><U50/><E27/><V109/><F109/><W80/><G80/><T42/><D63/><U22/><REACH who="1" step="1"/><E50/><REACH who="1" ten="250,240,250,250" step="2"/><V110/><F110/><W28/><G115/><T102/><D42/><U134/><E134/><V90/><F48/><W113/><G113/><T53/><D83/><U16/><E16/><V54/><F87/><W7/><G19/><T12/><D41/><U8/><E8/><V29/><F96/><W120/><G120/><T70/><D70/><U122/><E122/><V117/><F106/><W95/><G119/><T33/><D99/><U59/><AGARI ba="0,1" hai="0,1,2,6,10,17,22,25,57,58,59,93,98,101" machi="59" ten="30,4000,0" yaku="1,1,0,1,53,1" doraHai="24" doraHaiUra="18" who="1" fromWho="1" sc="250,-20,240,50,250,-10,250,-10" />
</Scene>
<Scene>
<INIT seed="1,0,0,5,1,114" ten="230,290,240,240" oya="1" hai0="27,8,34,10,12,50,67,126,92,88,58,13,128" hai1="29,18,59,97,55,99,82,23,72,81,106,110,22" hai2="90,78,118,65,60,120,130,42,71,98,5,33,52" hai3="9,104,84,101,30,3,0,41,15,44,79,57,127"/><U103/><E110/><V7/><F33/><W113/><G113/><T48/><D128/><U111/><E111/><V129/><F120/><W47/><G127/><T100/><D126/><U93/><E72/><V109/><F78/><W125/><G125/><T108/><D100/><U133/><E133/><V122/><F122/><W2/><G30/><T21/><D34/><U6/><E6/><V134/><F109/><W24/><G24/><T43/><D43/><U53/><E29/><V117/><F134/><W124/><G124/><T96/><D10/><U45/><E45/><V74/><F74/><W61/><G101/><T64/><D12/><U119/><E119/><N who="2" m="45579" /><F42/><W121/><G104/><T115/><D115/><U70/><E70/><V39/><F39/><W132/><G121/><T94/><D94/><U131/><E131/><N who="2" m="50187" /><F52/><W11/><G79/><T1/><D1/><U4/><E55/><V26/><F26/><W54/><G0/><T28/><D108/><U112/><E112/><V36/><F36/><W14/><G2/><T73/><D73/><U46/><E46/><V86/><F98/><W56/><G132/><T19/><D67/><U87/><E99/><V69/><F71/><W35/><G35/><T80/><D80/><AGARI ba="0,0" hai="5,7,60,65,69,80,86,90" m="50187,45579" machi="80" ten="30,7700,0" yaku="19,1,52,3" doraHai="114" who="2" fromWho="0" sc="230,-77,290,0,240,77,240,0" />
</Scene>
<Scene>
<INIT seed="2,0,0,1,1,33" ten="153,290,317,240" oya="2" hai0="129,130,69,131,54,64,86,24,132,75,119,73,52" hai1="15,85,134,16,63,99,110,87,46,31,66,22,117" hai2="43,13,39,65,96,40,57,62,118,114,76,58,60" hai3="108,21,2,14,97,121,9,29,125,1,74,28,103"/><V50/><F76/><W3/><G121/><T11/><D119/><U133/><E117/><V55/><F118/><W82/><G108/><T79/><D132/><N who="1" m="50795" /><E110/><V44/><F96/><W127/><G82/><T72/><D24/><U51/><E31/><V12/><F12/><W23/><G74/><T95/><D64/><U107/><E107/><V67/><F13/><W56/><G56/><T116/><D69/><N who="1" m="42207" /><E99/><V8/><F8/><W4/><G28/><T78/><D116/><U102/><E102/><V98/><F98/><W109/><G109/><T35/><D35/><U42/><AGARI ba="0,0" hai="15,16,22,42,46,51,85,87" m="42207,50795" machi="42" ten="30,2000,0" yaku="20,1,54,1" doraHai="33" who="1" fromWho="1" sc="153,-5,290,20,317,-10,240,-5" />
</Scene>
<Scene>
<INIT seed="3,0,0,2,5,111" ten="148,310,307,235" oya="3" hai0="119,50,71,106,93,12,67,82,118,105,74,99,57" hai1="42,86,21,14,54,84,6,52,28,34,110,76,13" hai2="92,60,102,22,62,120,121,129,32,43,31,39,72" hai3="108,114,26,9,8,59,94,112,27,44,58,38,98"/><W69/><G69/><T1/><D1/><U81/><E110/><V20/><F72/><W55/><G108/><T45/><D71/><U48/><E34/><V91/><F102/><W51/><G9/><T126/><D105/><U66/><E66/><V73/><F73/><W17/><G26/><T0/><D106/><U78/><E78/><V10/><F10/><W85/><G85/><T128/><D0/><U47/><E86/><V107/><F107/><W89/><G38/><T130/><D82/><U11/><E14/><V18/><F32/><W65/><G65/><T29/><D29/><U115/><E115/><V25/><F129/><W88/><G89/><T53/><D74/><U103/><E103/><V122/><F43/><W19/><G19/><T41/><D67/><U124/><E124/><V96/><REACH who="2" step="1"/><F39/><REACH who="2" ten="148,310,297,235" step="2"/><W63/><G8/><T64/><D130/><U5/><E6/><V97/><F97/><W117/><G117/><T134/><D128/><U49/><E48/><V4/><F4/><W123/><G123/><T104/><D119/><U36/><E36/><V95/><F95/><W135/><G135/><T113/><D134/><U80/><E81/><V35/><F35/><W68/><G94/><T46/><D118/><U87/><E87/><V37/><F37/><W16/><G98/><T133/><D133/><U30/><E21/><V131/><F131/><W90/><G51/><T24/><D99/><U101/><E101/><V79/><F79/><W23/><G23/><T2/><D104/><U7/><E7/><V127/><F127/><W70/><G90/><T40/><D126/><RYUUKYOKU ba="0,1" sc="148,-15,310,15,297,15,235,-15" hai1="5,11,13,28,30,42,47,49,52,54,76,80,84" hai2="18,20,22,25,31,60,62,91,92,96,120,121,122" />
</Scene>
<Scene>
<INIT seed="4,1,1,5,3,0" ten="133,325,312,220" oya="0" hai0="15,36,95,9,109,104,25,92,96,65,4,57,24" hai1="12,33,23,63,99,130,112,77,83,134,101,108,51" hai2="28,53,122,73,7,81,40,60,20,18,62,54,58" hai3="131,98,111,19,17,34,71,93,35,26,106,45,61"/><T48/><D36/><U126/><E33/><V10/><F122/><W116/><G111/><T89/><D104/><U37/><E37/><V11/><F28/><W128/><G116/><T118/><D118/><U91/><E108/><V69/><F40/><W67/><G45/><T1/><D109/><U55/><E126/><V8/><F73/><W135/><G135/><T127/><D127/><U52/><E134/><V68/><F81/><W107/><G107/><T115/><D115/><U22/><E112/><V56/><REACH who="2" step="1"/><F7/><REACH who="2" ten="133,325,302,220" step="2"/><W113/><G113/><T76/><D76/><U85/><E77/><V16/><F16/><W3/><G17/><T119/><D119/><U132/><E83/><V117/><F117/><W5/><G19/><T82/><D82/><U2/><E132/><V32/><F32/><W50/><G34/><T84/><D1/><U105/><E2/><V13/><AGARI ba="1,2" hai="8,10,11,13,18,20,53,54,56,58,60,62,68,69" machi="13" ten="30,8000,1" yaku="1,1,0,1,9,1,53,2" doraHai="0" doraHaiUra="49" who="2" fromWho="2" sc="133,-41,325,-21,302,103,220,-21" />
</Scene>
<Scene>
<INIT seed="5,0,0,0,2,91" ten="92,304,405,199" oya="1" hai0="100,115,123,12,24,62,16,15,18,70,14,56,118" hai1="11,98,90,99,79,64,2,112,66,41,135,134,111" hai2="116,1,57,86,51,132,133,26,102,65,114,21,22" hai3="104,82,59,80,106,42,76,55,74,38,19,60,31"/><U9/><E112/><V50/><F116/><W95/><G31/><T125/><D118/><U124/><E124/><V110/><F110/><W129/><G129/><T88/><D70/><U45/><E111/><V8/><F114/><W97/><G38/><T54/><D115/><U94/><E79/><V126/><F126/><W71/><G42/><T29/><D123/><U33/><E33/><V130/><F130/><W36/><G36/><T17/><D100/><U5/><E11/><V13/><F1/><W83/><G71/><T127/><REACH who="0" step="1"/><D88/><REACH who="0" ten="82,304,405,199" step="2"/><U73/><E135/><V68/><F102/><W107/><REACH who="3" step="1"/><G19/><REACH who="3" ten="82,304,405,189" step="2"/><T10/><D10/><U72/><E9/><V131/><F8/><W101/><AGARI ba="0,2" hai="55,59,60,74,76,80,82,83,95,97,101,104,106,107" machi="101" ten="30,7900,0" yaku="1,1,2,1,0,1,52,1,53,0" doraHai="91" doraHaiUra="25" who="3" fromWho="3" sc="82,-20,304,-39,405,-20,189,99" />
</Scene>
<Scene>
<INIT seed="6,0,0,2,4,84" ten="62,265,385,288" oya="2" hai0="114,28,9,86,64,45,36,108,121,90,124,111,113" hai1="100,70,32,82,71,76,81,12,62,57,96,10,67" hai2="89,74,126,17,43,123,102,53,103,125,22,88,59" hai3="112,38,95,13,8,117,7,109,69,116,35,92,46"/><V18/><F123/><W39/><G35/><T127/><D64/><U83/><E32/><V135/><F74/><W122/><G109/><N who="0" m="42059" /><D28/><U63/><E76/><V58/><F43/><W24/><G122/><T5/><D5/><U110/><E110/><V33/><F33/><W50/><G69/><T130/><D9/><U65/><E57/><N who="2" m="21515" /><F53/><W29/><G112/><N who="0" m="43115" /><D36/><U14/><E10/><V51/><F51/><W25/><G38/><T105/><D45/><U66/><REACH who="1" step="1"/><E67/><REACH who="1" ten="62,255,385,288" step="2"/><V120/><F120/><W93/><G8/><T132/><D121/><U11/><E11/><V41/><F126/><N who="0" m="48170" /><D132/><U3/><E3/><V101/><F135/><W134/><G134/><T91/><D130/><U80/><N who="1" m="20992" /><DORA hai="106" /><U87/><E87/><V94/><F125/><W56/><G56/><T40/><D40/><U49/><E49/><V55/><F41/><W60/><G50/><T104/><D86/><U75/><E75/><V16/><F55/><W115/><G39/><T26/><D26/><U128/><E128/><V68/><F68/><W72/><G24/><T19/><D19/><U6/><E6/><V48/><F48/><W15/><G7/><T98/><D98/><U27/><E27/><V85/><F22/><N who="3" m="15543" /><G115/><T119/><D119/><N who="3" m="45641" /><G46/><T54/><D54/><U47/><E47/><V30/><F30/><W73/><G72/><T77/><D77/><U52/><E52/><V0/><F0/><W133/><G73/><T2/><D2/><U99/><E99/><N who="2" m="57799" /><F18/><W4/><G133/><T34/><D34/><U44/><E44/><V131/><F131/><W42/><G4/><T31/><D31/><RYUUKYOKU ba="0,1" sc="62,10,255,10,385,10,288,-30" hai0="90,91,104,105" hai1="12,14,62,63,65,66,70,71,96,100" hai2="16,17,85,89,101,102,103" />
</Scene>
<Scene>
<INIT seed="6,1,1,4,1,41" ten="72,265,395,258" oya="2" hai0="130,28,55,87,115,43,97,125,20,109,103,13,107" hai1="58,112,74,79,68,86,133,23,42,128,45,65,59" hai2="106,120,123,8,96,40,80,134,114,4,36,98,99" hai3="24,119,100,85,104,95,56,75,105,26,108,38,22"/><V91/><F106/><W63/><G108/><T69/><D109/><U92/><E112/><V31/><F31/><W11/><G119/><T81/><D115/><U3/><E3/><V15/><F114/><W7/><G75/><T113/><D113/><U33/><E33/><V73/><F134/><W30/><G38/><T90/><D130/><U135/><E128/><V94/><F73/><W101/><G24/><T12/><D125/><U118/><E118/><V53/><F80/><W77/><G101/><T19/><D69/><U2/><E2/><V61/><F61/><W82/><G95/><T48/><D43/><U25/><E68/><V9/><F53/><W93/><G93/><T34/><D34/><U78/><E74/><V16/><F40/><W6/><G100/><T124/><D124/><U66/><E92/><V70/><F36/><W52/><REACH who="3" step="1"/><G7/><REACH who="3" ten="72,265,395,248" step="2"/><T121/><D121/><U35/><E135/><V14/><REACH who="2" step="1"/><F70/><REACH who="2" ten="72,265,385,248" step="2"/><W49/><G49/><T111/><D111/><U89/><E133/><V71/><F71/><W54/><G54/><T76/><D28/><U29/><E29/><V44/><F44/><W10/><G10/><T132/><D132/><U18/><E45/><V46/><F46/><W47/><G47/><T126/><D126/><U60/><E42/><V127/><F127/><W0/><AGARI ba="1,3" hai="0,6,11,22,26,30,52,56,63,77,82,85,104,105" machi="0" ten="20,8000,1" yaku="1,1,0,1,7,1,54,1,53,1" doraHai="41" doraHaiUra="1" who="3" fromWho="3" sc="72,-21,265,-21,385,-41,248,113" />
</Scene>
<Scene>
<INIT seed="7,0,0,4,4,48" ten="51,244,344,361" oya="3" hai0="5,74,125,40,13,94,37,52,82,45,57,6,64" hai1="104,124,69,3,33,11,98,75,91,101,87,128,127" hai2="34,123,25,16,43,29,83,110,129,35,60,135,93" hai3="96,117,97,121,24,49,14,84,54,17,42,102,15"/><W61/><G117/><T51/><D125/><N who="1" m="48203" /><E69/><V41/><F110/><W31/><G121/><T47/><D94/><N who="1" m="54655" /><E33/><V67/><F35/><W1/><G1/><T73/><D82/><U53/><E75/><V62/><F123/><W86/><G61/><T119/><D119/><U58/><E128/><V21/><F129/><W114/><G42/><N who="2" m="15881" /><F34/><W4/><G114/><T113/><D113/><U77/><E77/><V0/><F0/><W20/><G4/><T108/><D108/><U88/><E88/><V44/><F135/><W103/><G84/><T90/><D90/><U99/><E99/><N who="3" m="37962" /><G86/><T130/><D130/><U81/><E81/><V100/><F83/><W32/><G32/><T70/><D47/><U56/><E56/><N who="2" m="37255" /><F93/><W78/><G78/><T38/><D38/><U23/><E23/><N who="2" m="15551" /><F62/><W26/><G103/><T112/><D112/><U80/><E80/><V134/><F134/><W55/><G102/><T22/><D74/><U2/><E11/><V115/><F115/><W9/><G31/><T118/><D73/><U65/><E65/><V111/><F111/><W8/><G8/><T76/><D76/><U92/><E104/><V28/><F100/><W72/><G72/><T36/><D36/><U79/><E79/><V50/><F28/><W71/><G71/><T12/><D118/><U66/><E66/><V107/><F107/><W116/><G116/><T10/><D64/><U63/><AGARI ba="0,0" hai="2,3,53,58,63,92,98,101" m="54655,48203" machi="63" ten="30,2000,0" yaku="18,1,52,1" doraHai="48" who="1" fromWho="1" sc="51,-5,244,20,344,-5,361,-10" owari="46,-45.0,264,-14.0,339,14.0,351,45.0" />
</Scene>
</mjloggm>