<mjloggm ver="2.3"><GO type="169"/><UN n0="%E6%A1%82%E3%83%92%E3%83%8A%E3%82%AE%E3%82%AF" n1="%41%53%41%50%49%4E" n2="%E3%83%88%E3%83%90%E3%82%BE" n3="%E3%83%9F%E3%83%A9%E3%82%AF%E3%83%AB%E3%81%8A%E3%81%98%E3%81%95%E3%82%93" dan="17,18,16,17" rate="2129,2226,2100,2187" sx="F,M,M,M"/><TAIKYOKU oya="0"/>

<Scene>
<INIT seed="0,0,0,5,2,22" ten="250,250,250,250" oya="0" hai0="97,82,75,102,13,43,49,60,17,89,93,2,64" hai1="71,37,32,70,80,30,101,41,28,47,120,96,73" hai2="69,104,7,81,53,100,23,84,110,121,21,58,122" hai3="10,86,76,98,31,25,19,39,111,72,63,95,67"/><T33/><D2/><U129/><E120/><V117/><F69/><W94/><G72/><T126/><D33/><U115/><E129/><V74/><F74/><W108/><G39/><T62/><D126/><U91/><E115/><V34/><F34/><W112/><G112/><T68/><D62/><U11/><E30/><V48/><F117/><W85/><G10/><T127/><D127/><U103/><E103/><V107/><F110/><W12/><G111/><T131/><D131/><U113/><E113/><V44/><F121/><W15/><G108/><T114/><D114/><U134/><E134/><V124/><F124/><W36/><G36/><T24/><D75/><U90/><E90/><V87/><F122/><W20/><G15/><T40/><D49/><U99/><E99/><V6/><F104/><W65/><G76/><T18/><D18/><U42/><E42/><N who="2" m="24599" /><F100/><W116/><G19/><T83/><D83/><U8/><E8/><V106/><F106/><W51/><G98/><T56/><D68/><U0/><E96/><V14/><F107/><W119/><G116/><T26/><D102/><U57/><E101/><V16/><F23/><W27/><G20/><N who="0" m="11311" /><D82/><U55/><E71/><V45/><F45/><W135/><G119/><T109/><D109/><U130/><E70/><V105/><F105/><W132/><G51/><T128/><D128/><U118/><E130/><V88/><F87/><W123/><G123/><T38/><D38/><U78/><E118/><V125/><F125/><W52/><G63/><AGARI ba="0,0" hai="6,7,14,16,21,53,58,63,81,84,88" m="24599" machi="63" ten="30,3900,0" yaku="8,1,54,2" doraHai="22" who="2" fromWho="3" sc="250,0,250,0,250,39,250,-39" />
</Scene>
<Scene>
<INIT seed="1,0,0,2,3,65" ten="250,250,289,211" oya="1" hai0="72,24,85,58,20,71,83,121,45,59,16,107,104" hai1="50,95,78,31,26,82,13,105,35,47,94,21,25" hai2="92,75,120,41,108,14,4,101,86,62,29,7,5" hai3="40,134,126,70,100,127,81,64,56,19,91,44,2"/><U39/><E105/><V15/><F120/><W69/><G2/><T118/><D118/><U1/><E1/><V6/><F75/><W8/><G100/><T23/><D72/><U27/><E39/><V74/><F74/><W122/><G122/><T37/><D37/><U28/><E26/><V36/><F108/><W61/><G134/><T53/><D45/><U49/><E49/><V68/><F29/><W0/><G81/><T99/><D71/><U132/><E132/><V115/><F115/><W9/><G91/><T42/><D42/><U11/><E82/><V97/><F86/><W123/><G123/><T110/><D110/><U88/><E78/><V119/><F6/><N who="3" m="1095" /><G19/><T114/><D114/><U131/><E131/><V34/><F34/><W73/><G9/><T125/><D125/><N who="3" m="47625" /><G73/><T52/><D121/><U18/><REACH who="1" step="1"/><E88/><REACH who="1" ten="250,240,289,211" step="2"/><V130/><F130/><W54/><G64/><T79/><D107/><U106/><E106/><V102/><F36/><AGARI ba="0,1" hai="36,40,44,54,56,61,69,70" m="47625,1095" machi="36" ten="30,3900,0" yaku="18,1,52,2" doraHai="65" who="3" fromWho="2" sc="250,0,240,0,289,-39,211,49" />
</Scene>
<Scene>
<INIT seed="2,0,0,0,0,64" ten="250,240,250,260" oya="2" hai0="126,94,78,83,108,130,57,106,30,62,132,31,0" hai1="44,129,93,22,17,127,67,128,117,121,45,124,120" hai2="92,112,116,105,5,104,80,39,15,86,101,91,109" hai3="74,49,89,29,34,107,110,6,46,25,10,20,16"/><V27/><F39/><W79/><G107/><T87/><D0/><U134/><E93/><V66/><F112/><W4/><G110/><T21/><D106/><U14/><E67/><V65/><F116/><W133/><G133/><T2/><D2/><U35/><E45/><V52/><F109/><W73/><G89/><T71/><D71/><U59/><E44/><V88/><F104/><W102/><G102/><T76/><D108/><U37/><E59/><V122/><F122/><N who="1" m="47209" /><E37/><V131/><F131/><N who="1" m="50249" /><E117/><V53/><F101/><W75/><G79/><T8/><D78/><U60/><E60/><V54/><F27/><W58/><G58/><T42/><D57/><U125/><E35/><V103/><F103/><W48/><G10/><T13/><D8/><U61/><E61/><V3/><F3/><W9/><G9/><T70/><D62/><U1/><E1/><V96/><F105/><W81/><G81/><T97/><D83/><U23/><E23/><V38/><F38/><W28/><G49/><T115/><D21/><U135/><AGARI ba="0,0" hai="14,17,22,124,125,127,134,135" m="50249,47209" machi="135" ten="50,12000,2" yaku="30,2,18,1,13,1,19,1,34,2" doraHai="64" who="1" fromWho="1" sc="250,-30,240,120,250,-60,260,-30" />
</Scene>
<Scene>
<INIT seed="3,0,0,2,3,32" ten="220,360,190,230" oya="3" hai0="16,28,53,40,31,58,70,7,109,119,126,87,92" hai1="110,104,68,29,49,97,1,19,107,12,78,111,74" hai2="85,123,35,43,39,55,37,64,130,115,14,89,62" hai3="102,72,41,86,24,96,2,69,61,127,21,44,116"/><W106/><G72/><T73/><D73/><U42/><E68/><V6/><F35/><W93/><G116/><T71/><D109/><N who="1" m="41483" /><E29/><V33/><F33/><W117/><G117/><T113/><D119/><U94/><E1/><V0/><F123/><W18/><G127/><T30/><D126/><U129/><E129/><V108/><F108/><W99/><G86/><T77/><D7/><U23/><E42/><V84/><F130/><W11/><G69/><T95/><D40/><U3/><E3/><V46/><F39/><W120/><G61/><T80/><D70/><U90/><E49/><V100/><F115/><W65/><G65/><T13/><D71/><U48/><E48/><V26/><F26/><W54/><G54/><T122/><D122/><U128/><E128/><V101/><F55/><W15/><G120/><T34/><D34/><U135/><E135/><V22/><F85/><W45/><G41/><T91/><D113/><U56/><E56/><V63/><F63/><W50/><G50/><N who="0" m="31031" /><D77/><U51/><E51/><V10/><F62/><W124/><G124/><T81/><D95/><U105/><E74/><V17/><REACH who="2" step="1"/><F64/><REACH who="2" ten="220,360,180,230" step="2"/><W57/><G57/><T132/><D132/><U76/><AGARI ba="0,1" hai="12,19,23,76,78,90,94,97,104,105,107" m="41483" machi="76" ten="40,1500,0" yaku="14,1" doraHai="32" who="1" fromWho="1" sc="220,-4,360,25,180,-4,230,-7" />
</Scene>
<Scene>
<INIT seed="4,0,0,5,5,100" ten="216,385,176,223" oya="0" hai0="70,97,81,53,107,132,74,126,116,111,57,80,72" hai1="119,62,20,69,82,101,83,125,9,88,35,25,24" hai2="27,134,67,43,87,73,19,60,103,95,102,42,118" hai3="84,61,44,18,76,51,2,40,11,135,32,66,7"/><T48/><D116/><U52/><E119/><V124/><F118/><W65/><G135/><T91/><D132/><U86/><E125/><V92/><F73/><W105/><G32/><T10/><D126/><U34/><E101/><V129/><F134/><W85/><G18/><T99/><D70/><U16/><E25/><V108/><F124/><W4/><G7/><T130/><D111/><U28/><E69/><V120/><F120/><W46/><G66/><T113/><D113/><U41/><E41/><V47/><F108/><W5/><G5/><T123/><D123/><U122/><E122/><V106/><F129/><W127/><G127/><T90/><D10/><U39/><E39/><V89/><F106/><W29/><G29/><T36/><D36/><U93/><E34/><V23/><F95/><W15/><G2/><T56/><D130/><U112/><E112/><V1/><F42/><W50/><G105/><T55/><D48/><U26/><E9/><V21/><F21/><W37/><G76/><T22/><D22/><N who="1" m="13383" /><E35/><V0/><F0/><W114/><G114/><T49/><D49/><N who="3" m="18441" /><G46/><T14/><D14/><U98/><E98/><V3/><F3/><W54/><G40/><T96/><D96/><U38/><E38/><N who="2" m="22007" /><F1/><W117/><G37/><T64/><D64/><U59/><AGARI ba="0,0" hai="20,26,28,52,59,62,82,83,86,88,93" m="13383" machi="59" ten="30,7900,0" yaku="8,1,54,3" doraHai="100" who="1" fromWho="1" sc="216,-39,385,79,176,-20,223,-20" />
</Scene>
<Scene>
<INIT seed="5,0,0,5,2,39" ten="177,464,156,203" oya="1" hai0="111,106,49,81,127,6,54,2,62,17,20,99,52" hai1="102,128,133,48,4,36,70,87,5,80,58,50,42" hai2="21,3,131,18,98,12,74,25,0,56,110,129,71" hai3="7,37,33,79,72,40,101,113,59,109,77,10,45"/><U32/><E32/><V115/><F71/><W14/><G109/><T118/><D111/><U34/><E34/><V44/><F110/><W57/><G33/><T119/><D127/><U65/><E70/><V38/><F74/><W11/><G113/><T28/><D28/><U24/><E128/><N who="2" m="49227" /><F98/><W107/><G107/><T86/><D6/><U105/><E133/><V89/><F89/><W41/><G101/><T92/><D2/><U46/><E24/><V82/><F82/><W35/><G35/><T22/><D106/><U64/><E102/><V8/><F56/><W130/><G130/><T68/><D68/><U43/><E105/><V112/><F44/><W84/><G72/><T27/><D22/><U88/><E36/><V66/><F66/><N who="1" m="25705" /><E58/><V104/><F38/><W108/><G108/><T53/><D62/><U63/><E63/><V83/><F83/><W73/><G37/><T93/><D93/><U125/><E125/><V95/><F95/><W94/><G94/><T114/><D114/><N who="2" m="43562" /><F104/><W132/><G73/><T121/><D121/><U1/><E1/><V13/><F13/><W134/><G14/><T51/><D119/><U75/><E75/><V69/><F69/><W61/><G61/><T9/><D118/><U15/><E15/><V16/><AGARI ba="0,0" hai="0,3,8,12,16,18,21,25" m="43562,49227" machi="16" ten="30,12000,2" yaku="19,1,15,1,11,1,34,2,54,1" doraHai="39" who="2" fromWho="2" sc="177,-30,464,-60,156,120,203,-30" />
</Scene>
<Scene>
<INIT seed="6,0,0,5,5,95" ten="147,404,276,173" oya="2" hai0="82,92,61,116,6,19,60,3,49,93,127,75,58" hai1="77,89,31,71,37,40,90,18,15,80,63,128,87" hai2="0,106,122,133,25,22,114,14,78,55,126,104,34" hai3="17,111,54,42,9,91,59,120,88,29,124,21,23"/><V32/><F122/><W130/><G120/><T28/><D116/><U109/><E109/><V8/><F78/><W70/><G111/><T74/><D127/><U69/><E128/><V113/><F126/><W98/><G124/><T107/><D107/><N who="2" m="41002" /><F133/><W117/><G117/><T30/><D49/><U94/><E89/><V102/><F0/><W129/><G70/><T135/><D135/><U108/><E108/><V16/><F55/><W52/><G42/><T7/><D3/><U27/><E63/><V51/><F51/><N who="3" m="31135" /><G54/><T1/><D1/><U64/><E64/><V65/><F65/><W11/><G130/><T105/><D58/><U119/><E119/><V4/><F102/><W112/><G129/><T86/><D105/><U100/><E100/><V43/><F43/><W13/><G112/><AGARI ba="0,0" hai="4,8,14,16,22,25,32,34,112,113,114" m="41002" machi="112" ten="30,2900,0" yaku="15,1,54,1" doraHai="95" who="2" fromWho="3" sc="147,0,404,0,276,29,173,-29" />
</Scene>
<Scene>
<INIT seed="6,1,0,3,2,133" ten="147,404,305,144" oya="2" hai0="71,68,24,109,66,59,93,73,91,107,87,116,95" hai1="122,52,42,78,86,61,117,55,88,72,114,21,26" hai2="1,106,48,27,41,100,83,76,44,130,104,121,80" hai3="135,51,74,14,33,82,94,18,126,67,75,127,49"/><V102/><F121/><W56/><G33/><T50/><D116/><U92/><E117/><V32/><F1/><W108/><G108/><T5/><D109/><U31/><E122/><V90/><F130/><W0/><G0/><T64/><D107/><U37/><E114/><V57/><F106/><W34/><G34/><T65/><D73/><N who="3" m="27657" /><G82/><T47/><D5/><U111/><E111/><V6/><F6/><W129/><G94/><T17/><D95/><U40/><E37/><V89/><F104/><W84/><G84/><T101/><D101/><N who="2" m="39018" /><F32/><W63/><G135/><T39/><D39/><U131/><E131/><V3/><F3/><W35/><G35/><T30/><D17/><U115/><E115/><V98/><F98/><W9/><G129/><T112/><D112/><U20/><E72/><V13/><F13/><W53/><G67/><T123/><D123/><U132/><E132/><V62/><F27/><W77/><G77/><T2/><D2/><U79/><E79/><V103/><N who="2" m="39026" /><V118/><DORA hai="99" /><F118/><W10/><G9/><T60/><D71/><U58/><E78/><V46/><F46/><W125/><AGARI ba="1,0" hai="10,14,18,49,51,53,56,63,125,126,127" m="27657" machi="125" ten="40,8000,1" yaku="18,1,52,3" doraHai="133,99" who="3" fromWho="3" sc="147,-21,404,-21,305,-41,144,83" />
</Scene>
<Scene>
<INIT seed="7,0,0,3,4,98" ten="126,383,264,227" oya="3" hai0="87,55,93,48,103,89,70,17,133,20,102,58,64" hai1="51,99,23,77,22,86,83,80,73,112,62,123,134" hai2="19,109,5,12,56,115,106,68,129,67,97,113,38" hai3="37,118,119,24,40,91,127,125,1,60,36,26,92"/><W8/><G60/><T124/><D133/><U84/><E134/><V79/><F109/><W0/><G92/><T29/><D124/><N who="3" m="47689" /><G91/><T25/><D70/><U75/><E123/><V63/><F38/><N who="3" m="14955" /><G40/><T107/><D107/><U10/><E112/><N who="2" m="43083" /><F68/><W66/><G66/><T27/><REACH who="0" step="1"/><D64/><REACH who="0" ten="116,383,264,227" step="2"/><U54/><E75/><V45/><F106/><W7/><G0/><T135/><D135/><U131/><E73/><V4/><F67/><W46/><G46/><T108/><D108/><U2/><E2/><V96/><F45/><W126/><G126/><T121/><D121/><U30/><E62/><V104/><F63/><W33/><G33/><AGARI ba="0,1" hai="17,20,25,27,29,33,48,55,58,87,89,93,102,103" machi="33" ten="30,7700,0" yaku="1,1,7,1,52,2,53,0" doraHai="98" doraHaiUra="74" who="0" fromWho="3" sc="116,87,383,0,264,0,227,-77" owari="203,-20.0,383,49.0,264,6.0,150,-35.0" />
</Scene>
</mjloggm>