<mjloggm ver="2.3"><GO type="169"/><UN n0="%E9%81%8A%E8%B5%B0" n1="%E3%83%9A%E3%83%81%E3%83%A7%E3%83%BC%E3%83%AA%E3%83%B3" n2="%E3%81%A9%E3%81%86%E3%81%9F%E3%81%AC%E3%81%8D%EF%BC%8D%EF%BC%91" n3="%41%53%41%50%49%4E" dan="17,18,17,18" rate="2148,2251,2164,2170" sx="F,M,M,M"/><TAIKYOKU oya="0"/>

<Scene>
<INIT seed="0,0,0,5,5,75" ten="250,250,250,250" oya="0" hai0="110,12,53,0,83,135,132,96,29,45,89,109,27" hai1="84,6,90,46,49,134,77,70,11,66,64,79,36" hai2="10,128,106,31,41,8,51,119,74,122,65,4,114" hai3="35,21,121,111,63,127,32,56,93,101,2,15,81"/><T126/><D0/><U76/><E36/><V38/><F122/><W107/><G2/><T131/><D12/><N who="1" m="5239" /><E70/><V87/><F114/><W91/><G111/><N who="0" m="42507" /><D126/><U60/><E60/><V20/><F74/><W125/><G121/><T94/><D131/><U17/><E17/><V52/><F106/><W72/><G107/><T124/><D124/><U102/><E102/><V98/><F98/><W112/><G112/><T24/><D83/><N who="1" m="49439" /><E134/><N who="0" m="51241" /><D29/><U67/><E67/><V57/><F65/><W105/><G105/><T47/><D53/><AGARI ba="0,0" hai="46,49,53,64,66,76,77,79" m="49439,5239" machi="53" ten="30,7700,0" yaku="8,1,52,3" doraHai="75" who="1" fromWho="0" sc="250,-77,250,77,250,0,250,0" />
</Scene>
<Scene>
<INIT seed="1,0,0,5,0,121" ten="173,327,250,250" oya="1" hai0="92,99,0,27,48,31,67,76,34,129,77,72,4" hai1="109,56,35,74,64,126,18,104,22,127,128,78,134" hai2="133,82,60,101,13,65,12,69,66,102,110,28,63" hai3="113,32,114,118,124,16,85,117,42,111,115,59,7"/><U90/><E35/><V135/><F82/><W49/><G32/><T6/><D129/><U53/><E104/><V61/><F28/><W55/><G7/><T10/><D6/><U132/><E64/><N who="2" m="24683" /><F69/><W103/><G124/><N who="1" m="47658" /><E128/><V15/><F110/><W40/><G103/><AGARI ba="0,0" hai="12,13,15,60,61,63,101,102,103,133,135" m="24683" machi="103" ten="40,2600,0" yaku="28,2" doraHai="121" who="2" fromWho="3" sc="173,0,327,0,250,26,250,-26" />
</Scene>
<Scene>
<INIT seed="2,0,0,4,1,101" ten="173,327,276,224" oya="2" hai0="16,37,21,71,43,102,2,29,64,107,28,77,0" hai1="112,6,69,119,85,81,62,47,90,60,36,127,124" hai2="111,58,86,3,30,80,75,31,105,94,46,14,92" hai3="67,88,134,87,117,45,33,5,66,115,42,110,65"/><V104/><F3/><W54/><G117/><T48/><D37/><U84/><E119/><V38/><F75/><W61/><G33/><T63/><D77/><N who="1" m="46127" /><E6/><V57/><F38/><W35/><G35/><T18/><D0/><U135/><E69/><V116/><F116/><W82/><G110/><T98/><D2/><U108/><E108/><V106/><F111/><W50/><G134/><T109/><D109/><U34/><E34/><V79/><F46/><W131/><G131/><T51/><D18/><U83/><E135/><V22/><F14/><W89/><G115/><T76/><D76/><U8/><E8/><V122/><F122/><W113/><G113/><T91/><D91/><U103/><E103/><V100/><F100/><W49/><G5/><T68/><D68/><U27/><E27/><V44/><F44/><W13/><G13/><T56/><D43/><N who="1" m="23015" /><E112/><V133/><F133/><W55/><G61/><T15/><REACH who="0" step="1"/><D71/><REACH who="0" ten="163,327,276,224" step="2"/><U52/><E90/><V59/><REACH who="2" step="1"/><F31/><AGARI ba="0,1" hai="15,16,21,28,29,31,48,51,56,63,64,98,102,107" machi="31" ten="40,8000,1" yaku="1,1,2,1,52,1,54,1,53,1" doraHai="101" doraHaiUra="99" who="0" fromWho="2" sc="163,90,327,0,276,-80,224,0" /><BYE who="2" />
</Scene>
<Scene>
<INIT seed="3,0,0,1,4,42" ten="253,327,196,224" oya="3" hai0="123,44,102,28,8,73,19,133,39,117,34,115,21" hai1="129,91,94,86,106,104,128,121,76,33,55,100,43" hai2="50,85,111,103,35,58,78,131,99,60,27,37,18" hai3="83,0,20,30,36,87,26,95,82,92,127,2,53"/><W125/><G36/><UN n2="%E3%81%A9%E3%81%86%E3%81%9F%E3%81%AC%E3%81%8D%EF%BC%8D%EF%BC%91" /><T29/><D123/><U15/><E33/><V11/><F111/><W110/><G110/><T54/><D117/><U57/><E121/><V122/><F37/><W61/><BYE who="2" /><G61/><T126/><D73/><UN n2="%E3%81%A9%E3%81%86%E3%81%9F%E3%81%AC%E3%81%8D%EF%BC%8D%EF%BC%91" /><U132/><E132/><V10/><F131/><N who="1" m="50249" /><E76/><V41/><F122/><W14/><G53/><T90/><D115/><U32/><E32/><V79/><F35/><W68/><G68/><T1/><D133/><U97/><E15/><V24/><F41/><W45/><G45/><T98/><D126/><N who="3" m="48137" /><G14/><T66/><D66/><U4/><E4/><V75/><F75/><W119/><G119/><T88/><D34/><U116/><E43/><V118/><F118/><W93/><G83/><T47/><D39/><U12/><E12/><V80/><F50/><W52/><G52/><T49/><D44/><U69/><E69/><V9/><F60/><W96/><G96/><T105/><D1/><U7/><E7/><V51/><F51/><W13/><G13/><T56/><D56/><U71/><E71/><V124/><F124/><W67/><G67/><T101/><D98/><U63/><E116/><V72/><F58/><W62/><G62/><T31/><D8/><U38/><E38/><V135/><F135/><W74/><G74/><T70/><D70/><U40/><E40/><V107/><F72/><W89/><AGARI ba="0,0" hai="0,2,20,26,30,82,87,89,92,93,95" m="48137" machi="89" ten="30,1500,0" yaku="18,1" doraHai="42" who="3" fromWho="3" sc="253,-5,327,-5,196,-5,224,15" />
</Scene>
<Scene>
<INIT seed="3,1,0,5,2,97" ten="248,322,191,239" oya="3" hai0="24,55,74,80,56,39,9,121,37,127,128,123,104" hai1="52,13,33,83,71,63,31,32,5,75,35,111,21" hai2="115,8,106,54,94,112,23,129,78,50,70,130,17" hai3="28,72,62,36,103,15,42,91,14,29,133,53,68"/><W92/><G72/><T118/><D118/><U30/><E111/><V10/><F70/><W114/><G114/><N who="2" m="43561" /><F106/><W124/><G133/><T51/><D104/><U102/><E102/><V116/><F78/><W69/><G124/><T12/><D127/><U101/><E101/><V44/><F116/><W43/><G103/><T107/><D107/><U11/><E21/><V49/><F94/><W34/><G53/><T93/><D128/><N who="2" m="49258" /><F50/><W0/><G0/><T59/><D24/><AGARI ba="1,0" hai="8,10,17,23,24,44,49,54" m="49258,43561" machi="24" ten="30,1000,0" yaku="19,1" doraHai="97" who="2" fromWho="0" sc="248,-13,322,0,191,13,239,0" />
</Scene>
<Scene>
<INIT seed="4,0,0,4,5,95" ten="235,322,204,239" oya="0" hai0="52,135,43,31,65,110,34,88,66,11,47,62,17" hai1="86,41,114,55,21,23,79,36,112,38,129,99,6" hai2="72,126,4,44,5,53,128,49,56,73,94,130,0" hai3="98,131,122,33,24,42,61,90,100,51,106,101,54"/><T77/><D135/><U26/><E129/><V132/><F132/><W22/><G131/><N who="2" m="50217" /><F126/><W7/><G122/><T107/><D110/><U28/><E6/><N who="2" m="2667" /><F0/><W60/><G33/><T87/><D107/><U25/><E55/><N who="2" m="30119" /><F94/><W133/><G133/><T19/><D77/><U16/><E41/><V57/><F57/><W84/><G42/><T102/><D34/><U40/><E40/><V27/><F27/><W1/><G7/><T116/><D116/><U82/><REACH who="1" step="1"/><E99/><REACH who="1" ten="235,312,204,239" step="2"/><V125/><F125/><W20/><G98/><T10/><D43/><U30/><E30/><V15/><F15/><W91/><G54/><T18/><D31/><U127/><E127/><V85/><F85/><W9/><G84/><T115/><D66/><U64/><E64/><V70/><F70/><W68/><G68/><T97/><D65/><U48/><E48/><AGARI ba="0,1" hai="48,53,56,72,73" m="30119,2667,50217" machi="48" ten="30,1000,0" yaku="19,1" doraHai="95" who="2" fromWho="1" sc="235,0,312,-10,204,20,239,0" />
</Scene>
<Scene>
<INIT seed="5,0,0,3,0,105" ten="235,302,224,239" oya="1" hai0="39,80,1,53,125,36,9,117,74,37,81,91,70" hai1="27,102,41,17,123,3,22,10,119,99,16,87,68" hai2="23,58,95,31,130,52,32,7,30,55,116,38,56" hai3="60,14,110,67,96,101,84,2,71,45,128,129,51"/><U100/><E119/><V69/><F116/><W54/><G110/><T8/><D117/><U111/><E123/><V43/><F69/><W5/><G2/><T112/><D70/><U6/><E68/><V82/><F130/><W104/><G5/><T114/><D125/><U103/><E111/><V48/><F32/><W35/><G35/><T127/><D127/><U21/><E41/><V34/><F34/><W93/><G14/><T33/><D33/><U108/><E108/><V18/><F7/><W76/><G76/><N who="0" m="44055" /><D53/><U77/><E77/><V118/><F118/><W24/><G24/><T88/><D81/><U20/><E87/><V113/><F113/><N who="0" m="43626" /><D1/><U85/><E85/><V50/><F82/><W42/><G84/><T15/><D8/><U0/><E0/><V47/><REACH who="2" step="1"/><F95/><REACH who="2" ten="235,302,214,239" step="2"/><W62/><G93/><T120/><D120/><U29/><E29/><V97/><F97/><W134/><G128/><T40/><D40/><U92/><E20/><V121/><F121/><W12/><G129/><T73/><D73/><U4/><E6/><AGARI ba="0,1" hai="6,9,15,36,37,39,88,91" m="43626,44055" machi="6" ten="40,5200,0" yaku="15,1,52,1,54,1" doraHai="105" who="0" fromWho="1" sc="235,62,302,-52,214,0,239,0" />
</Scene>
<Scene>
<INIT seed="6,0,0,5,0,98" ten="297,250,214,239" oya="2" hai0="19,15,122,94,102,14,108,78,49,48,133,4,51" hai1="118,7,74,65,17,52,66,16,99,121,111,104,8" hai2="68,29,69,115,106,41,117,105,0,61,131,13,96" hai3="62,36,28,2,67,123,85,20,107,63,38,91,35"/><V53/><F117/><W31/><G123/><T126/><D122/><U5/><E74/><V39/><F131/><W24/><G2/><T89/><D108/><U119/><E121/><V59/><F115/><W22/><G107/><T127/><D133/><U1/><E111/><V70/><F0/><W93/><G62/><T60/><D78/><U125/><E125/><N who="0" m="47625" /><D4/><U75/><E75/><V76/><F76/><W120/><G120/><T6/><D6/><U72/><E72/><V77/><F77/><W71/><REACH who="3" step="1"/><G35/><REACH who="3" ten="297,250,214,229" step="2"/><T114/><D60/><U44/><E1/><V34/><F106/><W64/><G64/><T128/><D128/><U12/><E65/><V50/><F34/><W27/><AGARI ba="0,1" hai="20,22,24,27,28,31,36,38,63,67,71,85,91,93" machi="27" ten="30,4000,0" yaku="1,1,0,1,9,1,53,0" doraHai="98" doraHaiUra="95" who="3" fromWho="3" sc="297,-10,250,-10,214,-20,229,50" />
</Scene>
<Scene>
<INIT seed="7,0,0,5,1,52" ten="287,240,194,279" oya="3" hai0="19,108,125,128,93,65,21,50,90,81,33,94,18" hai1="4,66,11,86,105,58,89,130,102,83,31,91,123" hai2="131,5,25,23,98,82,8,17,132,59,72,9,116" hai3="92,104,41,61,133,135,1,62,110,117,100,68,84"/><W15/><G117/><T114/><D108/><U24/><E123/><V77/><F131/><W63/><G1/><T3/><D3/><U55/><E130/><V80/><F132/><N who="3" m="50763" /><G110/><T45/><D128/><U49/><E66/><V28/><F116/><W60/><G104/><T103/><D33/><U122/><E122/><V74/><F98/><N who="3" m="59463" /><G41/><T2/><D2/><U48/><E102/><V124/><F124/><W16/><G84/><N who="0" m="50447" /><D125/><U70/><E70/><V87/><F74/><W129/><G129/><T42/><D114/><U69/><E69/><V53/><F28/><W56/><G68/><T111/><D111/><U20/><E105/><V47/><F47/><W54/><G60/><T13/><D103/><U85/><E49/><V57/><F53/><W26/><G26/><N who="0" m="14647" /><D65/><U39/><E39/><V118/><F118/><W95/><G95/><T7/><D7/><U99/><E99/><V79/><REACH who="2" step="1"/><F9/><AGARI ba="0,0" hai="9,15,16,54,56,61,62,63" m="59463,50763" machi="9" ten="30,5800,0" yaku="20,1,52,1,54,1" doraHai="52" who="3" fromWho="2" sc="287,0,240,0,194,-58,279,58" /><AGARI ba="0,0" hai="9,13,19,42,45,50,93,94" m="14647,50447" machi="9" ten="30,1000,0" yaku="8,1" doraHai="52" who="0" fromWho="2" sc="287,10,240,0,136,-10,337,0" owari="297,10.0,240,-16.0,126,-37.0,337,43.0" />
</Scene>
</mjloggm>