<mjloggm ver="2.3"><GO type="169" lobby="0"/><UN n0="%E3%83%AC%E3%83%87%E3%82%B9%E3%83%9E" n1="%E3%83%A4%E3%82%AD%E3%83%B3" n2="%41%53%41%50%49%4E" n3="%E2%98%85%E3%83%86%E3%82%AF%E3%83%8E%E3%83%8F%E3%82%A6%E3%82%B9%E2%98%85" dan="16,16,19,16" rate="2078.87,2118.05,2338.83,2097.94" sx="M,M,M,F"/><TAIKYOKU oya="0"/>

<Scene>
<INIT seed="0,0,0,5,3,56" ten="250,250,250,250" oya="0" hai0="50,80,24,49,58,107,125,37,113,87,115,101,9" hai1="96,89,16,8,114,84,117,95,109,73,36,29,33" hai2="31,5,18,40,105,88,135,55,132,42,78,131,53" hai3="71,120,112,118,81,54,26,30,64,90,41,121,61"/><T108/><D37/><U110/><E36/><V69/><F105/><W51/><G118/><T79/><D125/><U100/><E117/><V123/><F123/><W70/><G112/><T4/><D108/><N who="1" m="41579" /><E114/><V12/><F78/><W32/><G41/><N who="2" m="15977" /><F69/><W48/><G71/><T59/><D24/><N who="1" m="18599" /><E73/><V128/><F5/><W74/><G51/><T6/><D101/><U38/><E38/><V106/><F106/><W2/><G2/><T22/><D107/><N who="1" m="63879" /><E16/><V122/><F31/><W93/><G81/><T72/><D22/><U17/><E17/><V15/><F122/><W97/><REACH who="3" step="1"/><G74/><REACH who="3" ten="250,250,250,240" step="2"/><T111/><D72/><U3/><E3/><V129/><F129/><W67/><G67/><T86/><D111/><U62/><E8/><V28/><F131/><W63/><G63/><AGARI ba="0,1" hai="62,63,84,89,95" m="63879,18599,41579" machi="63" ten="30,3900,0" yaku="14,1,52,2" doraHai="56" who="1" fromWho="3" sc="250,0,250,49,250,0,240,-39" />
</Scene>
<Scene>
<INIT seed="1,0,0,1,1,41" ten="250,299,250,201" oya="1" hai0="106,59,61,39,117,85,35,56,29,96,43,101,116" hai1="62,3,53,16,42,82,109,4,21,103,14,31,86" hai2="73,0,94,8,9,57,63,37,28,118,23,26,115" hai3="13,70,105,65,2,38,124,111,123,52,20,112,95"/><U19/><E109/><V24/><F118/><W25/><G112/><T71/><D59/><U99/><E42/><V127/><F115/><W60/><G123/><T5/><D5/><U74/><E74/><V54/><F127/><W134/><G105/><T72/><D72/><U83/><E31/><V40/><F0/><W133/><G2/><T79/><D56/><N who="1" m="35087" /><E3/><V15/><F73/><W130/><G38/><T92/><D79/><N who="1" m="46431" /><E83/><V80/><F80/><W49/><G111/><T68/><D85/><U88/><E103/><V64/><F40/><W36/><G36/><T89/><D89/><U51/><E51/><V126/><F37/><W120/><G120/><T12/><D92/><N who="1" m="56711" /><E19/><V27/><F126/><W58/><G124/><T47/><D71/><U98/><E98/><V125/><F94/><W81/><G81/><T44/><D43/><U113/><E113/><V67/><F28/><W34/><G34/><T84/><D39/><U11/><E4/><V30/><F30/><W10/><G130/><T100/><D100/><U18/><E18/><N who="2" m="10719" /><F125/><W7/><REACH who="3" step="1"/><G95/><REACH who="3" ten="250,299,250,191" step="2"/><T55/><D106/><U76/><E76/><V132/><F132/><W87/><G87/><T46/><D84/><U17/><E21/><V114/><F114/><W77/><G77/><T50/><D35/><U131/><E131/><V69/><F69/><W119/><G119/><T78/><D68/><U128/><E128/><V22/><F22/><W32/><G32/><T45/><D116/><U33/><E33/><V102/><F102/><W110/><G110/><T104/><N who="0" m="11264" /><DORA hai="108" /><T93/><D117/><U75/><E75/><RYUUKYOKU ba="0,1" sc="250,-30,299,10,250,10,191,10" hai1="11,14,16,17" hai2="8,9,24,26,27,54,57,63,64,67" hai3="7,10,13,20,25,49,52,58,60,65,70,133,134" />
</Scene>
<Scene>
<INIT seed="1,1,1,0,3,62" ten="220,309,260,201" oya="1" hai0="89,41,134,23,108,10,2,105,92,61,97,90,8" hai1="114,96,27,95,6,11,86,51,111,26,109,55,85" hai2="32,124,54,19,130,117,22,72,115,131,98,17,112" hai3="28,7,12,83,1,33,34,103,129,74,67,76,3"/><U91/><E114/><N who="2" m="43563" /><F72/><W121/><G121/><T78/><D108/><N who="1" m="41547" /><E51/><V93/><F117/><W18/><G129/><N who="2" m="49161" /><F32/><W70/><G103/><T13/><D134/><U46/><E46/><V106/><F106/><W82/><G7/><T66/><D105/><U53/><E53/><V122/><F122/><W68/><G70/><T52/><D78/><U30/><E55/><V75/><F75/><W24/><G33/><T56/><D41/><U132/><E132/><V69/><F69/><W47/><G83/><T94/><D2/><N who="1" m="471" /><E26/><V14/><F124/><W29/><G47/><T100/><D100/><U88/><E91/><V81/><F54/><W116/><G116/><T58/><D23/><AGARI ba="1,1" hai="23,27,30,85,86,88,95,96" m="471,41547" machi="23" ten="30,5800,0" yaku="14,1,10,1,54,1" doraHai="62" who="1" fromWho="0" sc="220,-61,309,71,260,0,201,0" />
</Scene>
<Scene>
<INIT seed="1,2,0,3,0,38" ten="159,380,260,201" oya="1" hai0="13,11,31,3,70,7,29,73,93,121,76,112,37" hai1="22,42,125,58,98,135,113,46,69,25,18,91,40" hai2="109,105,72,74,27,50,5,126,79,44,120,80,108" hai3="59,16,14,95,65,119,68,67,86,101,4,114,107"/><U99/><E69/><V2/><F120/><W66/><G114/><T15/><D112/><U30/><E113/><V64/><F105/><W97/><G68/><T106/><D106/><U88/><E125/><V75/><F126/><W82/><G119/><T39/><D121/><U134/><E58/><V123/><F123/><W124/><G4/><T45/><D70/><U55/><E30/><V51/><F64/><W54/><G124/><T122/><D37/><U6/><E6/><V41/><F27/><W53/><G107/><T32/><D122/><U48/><E135/><V81/><F51/><W116/><G116/><T133/><D133/><U26/><E134/><V8/><REACH who="2" step="1"/><F81/><REACH who="2" ten="159,380,250,201" step="2"/><W52/><G82/><N who="0" m="45327" /><D93/><N who="1" m="56615" /><E26/><V71/><F71/><W96/><G97/><T62/><D62/><U83/><E83/><V110/><AGARI ba="2,1" hai="2,5,8,41,44,50,72,74,75,79,80,108,109,110" machi="110" ten="30,7900,0" yaku="1,1,0,1,14,1,52,1,53,0" doraHai="38" doraHaiUra="102" who="2" fromWho="2" sc="159,-22,380,-41,250,95,201,-22" />
</Scene>
<Scene>
<INIT seed="2,0,0,0,2,42" ten="137,339,345,179" oya="2" hai0="0,44,86,16,79,30,114,9,27,85,113,117,28" hai1="89,23,54,122,1,131,62,110,35,80,77,82,8" hai2="41,120,20,135,124,111,55,61,4,87,127,109,108" hai3="60,93,83,6,105,5,81,106,73,26,45,100,116"/><V14/><F120/><W94/><G116/><T53/><D117/><U13/><E35/><V63/><F135/><W101/><G60/><T36/><D30/><U119/><E119/><V2/><F2/><W102/><G26/><T50/><D36/><U69/><E1/><V21/><F41/><W84/><G84/><T92/><D85/><U103/><E103/><V49/><F87/><W128/><G128/><T37/><D37/><U15/><E131/><V48/><F48/><W68/><G68/><T29/><D29/><U10/><E122/><V99/><F99/><W7/><G45/><T129/><D129/><U57/><E69/><V125/><F20/><W47/><G47/><T38/><D38/><U65/><E23/><V123/><F123/><W3/><G3/><T59/><D59/><U52/><E89/><V70/><F70/><W112/><G112/><T66/><D66/><U18/><E110/><V134/><F134/><W22/><G22/><T31/><D31/><U75/><REACH who="1" step="1"/><E80/><REACH who="1" ten="137,329,345,179" step="2"/><N who="3" m="30794" /><G73/><T34/><D0/><U95/><E95/><AGARI ba="0,1" hai="5,6,7,93,94,95,100,101,102,105,106" m="30794" machi="95" ten="40,2600,0" yaku="28,2" doraHai="42" who="3" fromWho="1" sc="137,0,329,-26,345,0,179,36" />
</Scene>
<Scene>
<INIT seed="3,0,0,3,5,127" ten="137,303,345,215" oya="3" hai0="80,27,18,53,47,96,87,16,77,62,102,132,56" hai1="4,9,74,123,79,134,36,119,61,14,128,19,115" hai2="1,24,70,17,88,112,121,104,3,38,85,100,11" hai3="44,75,130,12,111,63,124,133,113,78,114,29,66"/><W60/><G124/><T93/><D132/><U71/><E115/><V110/><F112/><W91/><G133/><T108/><D108/><U58/><E134/><V48/><F38/><W82/><G29/><T5/><D5/><U10/><E36/><V117/><F117/><W59/><G111/><T35/><REACH who="0" step="1"/><D47/><REACH who="0" ten="127,303,345,215" step="2"/><U52/><E4/><V32/><F110/><W42/><G113/><T106/><D106/><U101/><E119/><V72/><F104/><W30/><G114/><T25/><D25/><U51/><E123/><V21/><F24/><W89/><G44/><T90/><D90/><U107/><E107/><V46/><F88/><W84/><G89/><T13/><D13/><U86/><E14/><V57/><F46/><W0/><G12/><T97/><D97/><U67/><E9/><V83/><F11/><W28/><G0/><T68/><D68/><U125/><E71/><V135/><F70/><W40/><G91/><T6/><D6/><U81/><E10/><V131/><F3/><W122/><G122/><T98/><D98/><U49/><E125/><V31/><F1/><W15/><G15/><T64/><D64/><U73/><E67/><V116/><F121/><W118/><G118/><T54/><D54/><U105/><E52/><V26/><F26/><W50/><G66/><T94/><D94/><U33/><E105/><V103/><F116/><W76/><G42/><T39/><D39/><U129/><E101/><V23/><F103/><W99/><G40/><T55/><D55/><U41/><E41/><V45/><F135/><W65/><G99/><T95/><D95/><RYUUKYOKU ba="0,1" sc="127,30,303,-10,345,-10,215,-10" hai0="16,18,27,35,53,56,62,77,80,87,93,96,102" />
</Scene>
<Scene>
<INIT seed="4,1,1,1,3,21" ten="157,293,335,205" oya="0" hai0="6,76,45,125,56,84,96,95,62,106,23,39,32" hai1="92,58,134,36,48,40,35,4,118,5,116,120,1" hai2="10,15,117,108,98,133,90,78,59,127,77,82,28" hai3="12,50,11,112,26,110,7,3,101,104,87,126,97"/><T121/><D121/><U18/><E120/><V52/><F108/><W2/><G110/><T43/><D32/><U88/><E35/><V16/><F133/><W49/><G126/><T85/><D106/><U19/><E36/><V135/><F135/><W79/><G112/><T131/><D125/><U24/><E134/><V81/><F127/><W70/><G70/><T89/><D131/><U65/><E1/><V64/><F64/><W51/><REACH who="3" step="1"/><G26/><REACH who="3" ten="157,293,335,195" step="2"/><T109/><D109/><U25/><E25/><V91/><F117/><W63/><G63/><T73/><D62/><N who="1" m="38103" /><E24/><V111/><F111/><W46/><G46/><T103/><D45/><U67/><E118/><V68/><F68/><W75/><G75/><T113/><D73/><U105/><E116/><V86/><F28/><W30/><G30/><T8/><D113/><U99/><E67/><V47/><F47/><W100/><G100/><T55/><D103/><U17/><E48/><V71/><F71/><W33/><G33/><T61/><D39/><U60/><E60/><V128/><F128/><W13/><G13/><T107/><D61/><U74/><E74/><V20/><F15/><W42/><G42/><T119/><D43/><U53/><E40/><V27/><F27/><W80/><AGARI ba="1,2" hai="2,3,7,11,12,49,50,51,79,80,87,97,101,104" machi="80" ten="30,2000,0" yaku="1,1,0,1,53,0" doraHai="21" doraHaiUra="54" who="3" fromWho="3" sc="157,-11,293,-6,335,-6,195,43" />
</Scene>
<Scene>
<INIT seed="5,0,0,3,0,1" ten="146,287,329,238" oya="1" hai0="102,2,65,7,104,75,129,46,29,19,97,56,101" hai1="119,37,110,13,111,107,81,71,62,10,109,18,99" hai2="116,4,9,130,125,23,69,88,115,126,17,73,85" hai3="36,50,83,27,22,34,30,78,112,35,49,72,53"/><U21/><E37/><V6/><F116/><W133/><G36/><T113/><D129/><U118/><E81/><V3/><F73/><W94/><G133/><T91/><D75/><U131/><E131/><V59/><F69/><W89/><G112/><T20/><D113/><U67/><E107/><V51/><F130/><W14/><G14/><T55/><D29/><U121/><E121/><V64/><F115/><W70/><G70/><T114/><D114/><U74/><E74/><V90/><F6/><W15/><G15/><T47/><D101/><U25/><REACH who="1" step="1"/><E99/><REACH who="1" ten="146,277,329,238" step="2"/><V128/><F128/><W135/><G135/><T76/><D97/><U87/><E87/><V79/><F85/><W103/><G103/><T60/><D102/><U84/><E84/><V63/><F90/><W43/><G72/><T93/><D91/><U33/><E33/><V11/><F88/><W66/><G89/><T45/><D104/><U124/><E124/><V98/><F98/><W95/><G83/><T32/><D32/><U41/><E41/><V127/><F79/><W28/><G78/><T96/><D76/><U100/><E100/><V134/><F134/><W57/><G34/><T16/><D96/><U132/><E132/><V122/><F122/><W108/><G35/><T48/><D93/><U92/><E92/><V38/><F38/><W123/><G123/><T82/><D82/><U39/><E39/><V26/><F125/><W52/><G43/><T44/><D20/><U54/><E54/><V12/><F127/><W80/><G94/><T24/><D55/><U58/><E58/><V106/><F126/><RYUUKYOKU ba="0,1" sc="146,-10,277,30,329,-10,238,-10" hai1="10,13,18,21,25,62,67,71,109,110,111,118,119" />
</Scene>
<Scene>
<INIT seed="5,1,1,5,5,4" ten="136,307,319,228" oya="1" hai0="56,69,64,124,1,73,134,93,34,42,63,59,50" hai1="44,37,46,81,113,100,119,97,125,28,122,33,106" hai2="71,101,98,10,61,21,26,13,57,114,65,14,12" hai3="123,105,70,45,40,127,85,3,87,118,133,76,135"/><U117/><E122/><V110/><F110/><W92/><G123/><T102/><D73/><U54/><E113/><V131/><F131/><W31/><G105/><T24/><D1/><U109/><E109/><V121/><F121/><W17/><G70/><T94/><D124/><U68/><E125/><V0/><F0/><W104/><G104/><T99/><D134/><U58/><E68/><V72/><F72/><W41/><G127/><T111/><D111/><U74/><E33/><V32/><F114/><W80/><G3/><T84/><D84/><U39/><E28/><V53/><F32/><W78/><G31/><T62/><D94/><U23/><E23/><V36/><F36/><W5/><G5/><T48/><D69/><U95/><E106/><V55/><F71/><W67/><G67/><T120/><D120/><U83/><E39/><V27/><F27/><W108/><G108/><T132/><D42/><U79/><E83/><V128/><F128/><W49/><G118/><T15/><D132/><N who="3" m="50761" /><G17/><T52/><REACH who="0" step="1"/><D15/><REACH who="0" ten="126,307,319,228" step="2"/><U88/><E119/><V20/><F13/><W75/><G75/><T115/><D115/><U35/><E117/><V18/><F14/><W126/><G126/><T8/><D8/><U47/><E74/><V9/><F9/><W77/><G92/><T19/><D19/><U60/><E37/><V112/><F112/><W107/><G107/><T7/><D7/><U116/><E116/><V29/><F10/><W91/><G87/><T66/><D66/><U38/><E38/><V89/><F65/><W129/><G129/><T16/><D16/><U130/><E130/><RYUUKYOKU ba="1,2" sc="126,15,307,-15,319,-15,228,15" hai0="24,34,48,50,52,56,59,62,63,64,93,99,102" hai3="40,41,45,49,76,77,78,80,85,91" />
</Scene>
<Scene>
<INIT seed="6,2,2,3,1,4" ten="141,292,304,243" oya="2" hai0="87,120,52,121,43,78,20,86,18,57,74,64,122" hai1="17,119,79,63,9,42,19,32,55,49,8,54,26" hai2="36,82,95,126,110,48,51,38,77,11,88,114,0" hai3="15,115,116,85,96,84,94,109,46,99,107,72,98"/><V103/><F114/><W58/><G116/><T135/><D135/><U7/><E119/><V30/><F126/><W71/><G71/><T33/><D33/><U1/><E79/><V117/><F117/><W16/><G109/><T113/><D113/><U34/><E63/><V133/><F133/><W21/><G115/><T45/><D64/><U6/><E42/><V97/><F110/><W131/><G72/><T39/><D74/><U76/><E76/><V90/><F30/><W112/><G112/><T25/><REACH who="0" step="1"/><D78/><REACH who="0" ten="131,292,304,243" step="2"/><U44/><E34/><V92/><F77/><W65/><G107/><T69/><D69/><U89/><E32/><V128/><F128/><W104/><G104/><T12/><D12/><U101/><E1/><V5/><F82/><W118/><G131/><T66/><D66/><U108/><E108/><V106/><F106/><W81/><G118/><T29/><D29/><U132/><E132/><V105/><F105/><W102/><G46/><T56/><D56/><U67/><E44/><V37/><REACH who="2" step="1"/><F103/><REACH who="2" ten="131,292,294,243" step="2"/><W70/><G81/><T3/><D3/><U73/><E101/><V60/><F60/><AGARI ba="2,4" hai="18,20,25,39,43,45,52,57,60,86,87,120,121,122" machi="60" ten="40,5200,0" yaku="1,1,54,1,53,1" doraHai="4" doraHaiUra="13" who="0" fromWho="2" sc="131,98,292,0,294,-58,243,0" />
</Scene>
<Scene>
<INIT seed="7,0,0,4,1,89" ten="229,292,236,243" oya="3" hai0="97,100,78,60,96,133,114,76,15,113,6,80,21" hai1="86,5,105,13,52,2,29,115,58,3,119,30,108" hai2="101,39,131,83,9,126,56,74,35,110,61,65,116" hai3="90,79,59,112,54,118,77,23,7,1,10,51,75"/><W84/><G118/><T25/><D133/><U14/><E108/><V121/><F110/><W11/><G112/><N who="0" m="43115" /><D60/><U93/><E105/><V44/><F116/><W4/><G23/><T125/><D125/><U18/><E119/><V40/><F35/><W22/><G22/><T120/><D120/><U128/><E128/><V130/><F126/><W106/><G106/><N who="0" m="63751" /><D97/><U34/><E34/><V27/><F121/><W87/><G75/><T111/><D80/><U36/><E115/><V91/><F101/><W129/><G129/><T99/><D99/><U0/><E36/><V26/><F130/><W8/><G87/><T43/><D43/><U104/><E104/><V69/><F131/><W88/><G90/><T20/><D111/><U24/><E86/><V48/><F91/><W134/><G134/><T31/><D20/><U64/><E64/><V50/><F83/><W41/><G41/><T63/><D63/><U94/><E3/><V45/><F74/><W55/><G54/><T117/><D117/><U33/><E2/><V17/><F39/><W42/><G42/><T102/><D102/><U82/><E82/><V124/><F124/><W37/><G37/><T122/><D122/><U92/><E30/><V73/><F73/><W132/><G132/><T57/><D57/><U38/><E38/><V49/><F69/><W12/><G11/><AGARI ba="0,0" hai="6,11,15,21,25,31,76,78" m="63751,43115" machi="11" ten="30,2000,0" yaku="15,1,11,1" doraHai="89" who="0" fromWho="3" sc="229,20,292,0,236,0,243,-20" />
</Scene>
<Scene>
<INIT seed="8,0,0,3,0,128" ten="249,292,236,223" oya="0" hai0="36,37,124,99,44,88,122,115,105,74,61,25,4" hai1="23,52,13,100,18,133,40,49,1,41,9,75,93" hai2="14,12,15,64,6,131,8,55,96,97,126,90,59" hai3="79,116,48,7,104,33,42,17,91,77,39,60,62"/><T132/><D122/><U20/><E75/><V65/><F131/><W102/><G116/><T46/><D74/><U134/><E1/><V76/><F76/><W123/><G33/><T111/><D4/><U73/><E73/><V58/><F126/><W63/><G39/><T2/><D2/><U94/><E133/><V19/><F14/><W106/><G123/><T86/><D124/><U103/><E134/><V130/><F130/><W107/><G102/><N who="1" m="38954" /><E94/><N who="2" m="56407" /><F97/><W119/><G119/><T89/><D132/><U54/><E54/><V118/><F118/><W43/><G7/><T29/><D99/><U113/><E93/><V72/><F72/><W24/><G91/><T28/><D89/><U85/><E85/><V117/><F117/><W47/><REACH who="3" step="1"/><G43/><REACH who="3" ten="249,292,236,213" step="2"/><N who="1" m="16458" /><E113/><V67/><F55/><W35/><G35/><T57/><D115/><U69/><E69/><V30/><F6/><W129/><G129/><T31/><D88/><U45/><AGARI ba="0,1" hai="9,13,18,20,23,45,49,52" m="16458,38954" machi="45" ten="30,2000,0" yaku="8,1,54,1" doraHai="128" who="1" fromWho="1" sc="249,-10,292,30,236,-5,213,-5" owari="239,4.0,322,42.0,231,-17.0,208,-29.0" />
</Scene>
</mjloggm>