<mjloggm ver="2.3"><GO type="169"/><UN n0="%41%53%41%50%49%4E" n1="%E3%82%A2%E3%83%8B%E3%82%AA%E3%83%B3" n2="%73%68%69%73%73%6F%75" n3="%E5%A4%AA%E3%81%8F%E3%81%AA%E3%81%84%E3%81%8A" dan="19,16,16,17" rate="2278,2092,2016,2165" sx="M,F,M,M"/><TAIKYOKU oya="0"/>

<Scene>
<INIT seed="0,0,0,4,4,52" ten="250,250,250,250" oya="0" hai0="4,94,47,111,45,80,119,110,104,108,83,15,96" hai1="105,24,114,59,25,109,74,49,112,75,72,64,120" hai2="95,85,131,9,117,62,99,77,130,28,86,41,33" hai3="63,118,32,37,134,71,22,11,82,46,31,123,51"/><T42/><D104/><U69/><E105/><V79/><F117/><W35/><G118/><T57/><D119/><U98/><E120/><V115/><F115/><N who="1" m="44073" /><E109/><V27/><F41/><W91/><G37/><T88/><D47/><U65/><E98/><V53/><F9/><W36/><G36/><T21/><D57/><U101/><E101/><V56/><F85/><W43/><G11/><N who="0" m="4583" /><D21/><U73/><E73/><V20/><F33/><W34/><G123/><T12/><D12/><U90/><E90/><N who="2" m="55799" /><F86/><W30/><G22/><T132/><D132/><U3/><E3/><V125/><F125/><W126/><G126/><T70/><D70/><U66/><E69/><V93/><F93/><W60/><G134/><T61/><D61/><U128/><E128/><AGARI ba="0,0" hai="20,27,28,53,56,62,77,79,128,130,131" m="55799" machi="128" ten="30,2000,0" yaku="19,1,52,1" doraHai="52" who="2" fromWho="1" sc="250,0,250,-20,250,20,250,0" />
</Scene>
<Scene>
<INIT seed="1,0,0,1,3,30" ten="250,230,270,250" oya="1" hai0="131,23,22,12,104,69,117,53,49,52,76,107,48" hai1="108,124,135,8,55,102,118,56,26,6,17,33,86" hai2="109,89,67,66,13,134,39,40,65,7,34,38,91" hai3="51,116,85,20,64,96,62,95,58,79,83,36,43"/><U121/><E118/><V90/><F109/><W75/><G116/><T59/><D117/><U15/><E121/><V70/><F134/><W16/><G36/><T21/><D69/><U45/><E108/><V114/><F70/><W101/><G75/><T73/><D131/><U103/><E135/><V42/><F114/><W123/><G123/><T122/><D122/><U2/><E124/><V81/><F81/><W29/><G29/><T4/><D76/><U14/><E45/><V27/><F7/><W97/><G97/><T3/><D73/><U88/><E2/><V74/><F74/><W98/><G98/><T105/><D3/><U87/><E86/><V54/><F54/><W46/><G20/><T127/><D127/><U100/><E33/><V11/><F34/><W111/><G111/><T71/><D71/><U28/><E26/><V113/><F27/><W68/><G68/><T120/><D120/><U57/><E28/><V41/><F113/><W125/><G125/><T35/><D35/><U126/><E126/><V47/><F47/><W119/><G119/><T78/><D78/><U128/><E128/><V19/><AGARI ba="0,0" hai="11,13,19,38,39,40,41,42,65,66,67,89,90,91" machi="19" ten="40,5200,0" yaku="0,1,29,2" doraHai="30" who="2" fromWho="2" sc="250,-13,230,-26,270,52,250,-13" />
</Scene>
<Scene>
<INIT seed="2,0,0,1,5,84" ten="237,204,322,237" oya="2" hai0="109,108,35,27,105,2,9,34,11,16,39,36,127" hai1="15,85,19,126,49,6,63,52,86,117,125,78,29" hai2="8,43,60,88,50,14,58,123,41,21,120,80,17" hai3="26,3,46,95,90,12,97,72,115,113,33,28,129"/><V81/><F120/><W69/><G3/><T112/><D105/><U73/><E117/><V7/><F123/><W111/><G69/><T114/><D127/><N who="1" m="48651" /><E29/><V135/><F135/><W121/><G121/><T13/><D39/><U62/><E6/><V20/><F81/><W132/><G72/><T68/><D36/><U77/><E73/><V118/><F118/><W133/><G111/><N who="0" m="42571" /><D68/><U0/><E0/><V75/><F75/><W56/><G129/><T55/><D55/><U79/><E63/><V57/><F57/><W94/><G46/><T93/><D93/><U89/><E62/><V110/><F110/><W61/><G12/><N who="0" m="7183" /><D2/><U44/><E86/><N who="2" m="50247" /><F50/><W100/><G133/><T53/><D53/><U23/><E78/><V67/><F20/><W99/><REACH who="3" step="1"/><G132/><REACH who="3" ten="237,204,322,227" step="2"/><T91/><D27/><AGARI ba="0,1" hai="7,8,14,17,21,27,41,43,58,60,67" m="50247" machi="27" ten="30,5800,0" yaku="8,1,52,1,54,1" doraHai="84" who="2" fromWho="0" sc="237,-58,204,0,322,68,227,0" />
</Scene>
<Scene>
<INIT seed="2,1,0,3,5,104" ten="179,204,390,227" oya="2" hai0="57,76,60,15,40,103,22,74,47,14,19,114,52" hai1="25,42,54,93,87,90,102,70,86,28,132,112,13" hai2="99,113,83,53,88,1,89,67,75,126,62,37,111" hai3="92,69,45,116,51,34,98,128,79,107,77,105,36"/><V58/><F113/><W117/><G69/><T95/><D114/><U61/><E112/><V5/><F37/><W8/><G34/><T64/><D103/><U23/><E132/><V82/><F126/><W10/><G36/><T55/><D95/><U73/><E42/><V24/><F111/><W59/><G59/><T44/><D15/><U78/><E13/><V130/><F130/><W127/><G128/><T131/><D131/><U30/><E30/><V35/><F1/><W101/><G127/><T134/><D134/><U96/><E90/><V38/><F38/><W123/><G123/><T50/><REACH who="0" step="1"/><D44/><REACH who="0" ten="169,204,390,227" step="2"/><U12/><E12/><V125/><F125/><W11/><G107/><T48/><D48/><U41/><E93/><V81/><F81/><AGARI ba="1,1" hai="14,19,22,40,47,50,52,55,57,60,64,74,76,81" machi="81" ten="40,5200,0" yaku="1,1,52,1,54,1,53,0" doraHai="104" doraHaiUra="122" who="0" fromWho="2" sc="169,65,204,0,390,-55,227,0" />
</Scene>
<Scene>
<INIT seed="3,0,0,2,1,113" ten="234,204,335,227" oya="3" hai0="21,58,130,54,87,112,129,102,13,29,61,115,114" hai1="106,24,122,51,57,10,56,75,47,26,118,15,4" hai2="35,37,133,89,101,7,71,79,41,40,27,74,92" hai3="49,68,76,86,65,66,6,99,39,132,45,83,5"/><W128/><G39/><T2/><D2/><U38/><E106/><V53/><F71/><W43/><G128/><N who="0" m="49259" /><D102/><U134/><E122/><V105/><F7/><W100/><G132/><T33/><D33/><U95/><E75/><V98/><F133/><W34/><G34/><T78/><D13/><U127/><E134/><V69/><F69/><W120/><G120/><T80/><D21/><U84/><E127/><V0/><F0/><W103/><G103/><T119/><D29/><U104/><E104/><V19/><F53/><W46/><G46/><T25/><D25/><U107/><E107/><V32/><F32/><W20/><G20/><T14/><D14/><U16/><E118/><AGARI ba="0,0" hai="54,58,61,78,80,87,112,114,115,118,119" m="49259" machi="118" ten="40,8000,1" yaku="11,1,19,1,52,2" doraHai="113" who="0" fromWho="1" sc="234,80,204,-80,335,0,227,0" />
</Scene>
<Scene>
<INIT seed="4,0,0,3,3,40" ten="314,124,335,227" oya="0" hai0="88,103,99,131,47,71,6,134,36,22,69,74,3" hai1="43,93,57,129,23,107,0,112,58,50,35,115,68" hai2="86,1,135,73,100,27,32,4,49,61,98,53,94" hai3="38,106,45,120,56,52,123,122,96,33,104,83,133"/><T102/><D74/><U130/><E0/><V97/><F73/><W44/><G33/><T15/><D131/><N who="1" m="50187" /><E107/><N who="3" m="41002" /><G38/><T19/><D134/><U54/><E35/><V64/><F135/><W30/><G133/><T46/><D36/><U24/><E68/><V128/><F128/><W17/><G30/><T66/><D71/><U116/><E93/><V13/><F1/><W80/><G96/><T87/><D66/><U7/><E7/><V63/><F86/><W127/><G127/><T21/><D69/><U67/><E116/><V28/><F98/><W76/><G17/><N who="0" m="10431" /><D3/><U125/><E125/><V34/><F34/><W101/><G101/><N who="0" m="38411" /><D6/><U51/><E24/><V111/><F64/><W60/><G83/><N who="0" m="49279" /><D99/><U91/><E23/><V42/><F97/><W9/><G9/><T75/><D75/><AGARI ba="0,0" hai="44,45,52,56,60,75,76,80,120,122,123" m="41002" machi="75" ten="40,8000,1" yaku="13,1,52,2,54,1" doraHai="40" who="3" fromWho="0" sc="314,-80,124,0,335,0,227,80" />
</Scene>
<Scene>
<INIT seed="5,0,0,2,5,133" ten="234,124,335,307" oya="1" hai0="56,53,87,119,3,88,120,31,61,110,125,103,128" hai1="100,113,23,101,64,126,80,15,14,130,93,94,109" hai2="21,32,90,19,35,1,108,47,72,85,95,7,10" hai3="122,27,55,70,26,17,38,39,84,106,51,117,28"/><U99/><E109/><V6/><F108/><W46/><G122/><T118/><D110/><U59/><E113/><V45/><F72/><W11/><G106/><T96/><D3/><U42/><E42/><V91/><F7/><W33/><G70/><T127/><D120/><U41/><E41/><V9/><F9/><W24/><G117/><T43/><D31/><U69/><E69/><V4/><F4/><W20/><G26/><T40/><D128/><U81/><E130/><V92/><F45/><W8/><G8/><T2/><D2/><U30/><E126/><N who="0" m="48137" /><D43/><U98/><E15/><V66/><F47/><W63/><G63/><T134/><D40/><U78/><E78/><V68/><F66/><W115/><G115/><T16/><D16/><N who="1" m="10647" /><E30/><V37/><F68/><W86/><G11/><T124/><D134/><U52/><E64/><V67/><F67/><W76/><G76/><T34/><D34/><U62/><AGARI ba="0,0" hai="52,59,62,80,81,93,94,98,99,100,101" m="10647" machi="62" ten="30,6000,0" yaku="8,1,54,2" doraHai="133" who="1" fromWho="1" sc="234,-20,124,60,335,-20,307,-20" />
</Scene>
<Scene>
<INIT seed="5,1,0,2,4,14" ten="214,184,315,287" oya="1" hai0="113,28,107,21,86,70,52,115,102,64,135,95,122" hai1="104,41,112,126,76,83,46,37,114,82,1,54,67" hai2="103,110,84,42,120,93,91,109,66,32,98,123,134" hai3="101,116,125,20,65,61,49,16,23,36,17,59,63"/><U124/><E104/><V97/><F32/><W10/><G36/><T131/><D131/><U39/><E67/><V73/><F42/><W55/><G125/><N who="1" m="48234" /><E54/><V7/><F7/><W99/><G116/><T119/><D119/><U128/><E128/><V0/><F0/><W68/><G61/><N who="0" m="40207" /><D107/><U33/><E33/><V130/><F66/><W60/><G60/><T27/><D135/><U38/><E1/><V30/><F30/><W87/><G87/><T92/><D102/><U105/><E105/><N who="2" m="63727" /><F130/><W53/><G53/><T77/><D122/><N who="2" m="46634" /><F134/><W111/><G111/><N who="2" m="42505" /><F73/><W31/><G10/><T48/><D48/><N who="1" m="26703" /><E82/><V75/><F75/><AGARI ba="1,0" hai="37,38,39,75,76,83,112,114" m="26703,48234" machi="75" ten="40,2000,0" yaku="18,1" doraHai="14" who="1" fromWho="2" sc="214,0,184,23,315,-23,287,0" />
</Scene>
<Scene>
<INIT seed="5,2,0,2,1,109" ten="214,207,292,287" oya="1" hai0="51,17,47,33,13,66,60,26,24,116,90,123,63" hai1="69,67,65,101,102,122,79,4,2,45,27,134,81" hai2="126,9,106,43,6,70,56,131,23,28,25,71,53" hai3="117,82,55,72,78,37,111,120,1,7,95,59,114"/><U103/><E122/><V104/><F131/><W119/><G111/><T12/><D116/><N who="3" m="44617" /><G37/><T83/><D123/><U87/><E134/><V115/><F43/><W76/><G120/><T135/><D135/><U80/><E69/><V89/><F126/><W22/><G78/><T58/><D60/><U86/><E45/><V39/><F39/><W113/><G22/><T97/><D33/><U38/><E38/><V85/><F115/><N who="3" m="44043" /><G95/><N who="0" m="56567" /><D83/><U42/><E42/><V29/><F106/><W8/><G55/><N who="0" m="30207" /><D13/><U88/><REACH who="1" step="1"/><E27/><REACH who="1" ten="214,197,292,287" step="2"/><V98/><F25/><W0/><G59/><T31/><D31/><U133/><E133/><V93/><F56/><W19/><G19/><T130/><D130/><U100/><N who="1" m="25600" /><DORA hai="125" /><U36/><E36/><V75/><F28/><W44/><G44/><T57/><D57/><U121/><E121/><V77/><F29/><W15/><AGARI ba="2,1" hai="0,1,7,8,15,72,76,82" m="44043,44617" machi="15" ten="30,8000,1" yaku="12,1,15,1,52,3" doraHai="109,125" who="3" fromWho="3" sc="214,-22,197,-42,292,-22,287,96" />
</Scene>
<Scene>
<INIT seed="6,0,0,3,0,29" ten="192,155,270,383" oya="2" hai0="81,119,85,52,69,114,49,103,86,88,95,2,106" hai1="98,51,115,17,75,64,70,121,78,91,77,16,63" hai2="126,32,23,67,83,92,43,61,4,37,134,130,38" hai3="12,107,122,27,105,109,108,110,21,7,26,90,13"/><V71/><F134/><W124/><G90/><T68/><D2/><U1/><E1/><V44/><F38/><W19/><G107/><T87/><D114/><U3/><E3/><V99/><F4/><W133/><G105/><T22/><D119/><U11/><E115/><V36/><F36/><W104/><G104/><T18/><D103/><U14/><E121/><V45/><F45/><W102/><G102/><T112/><D106/><U72/><E51/><V113/><F113/><W25/><G122/><T39/><D39/><U76/><REACH who="1" step="1"/><E17/><REACH who="1" ten="192,145,270,383" step="2"/><V31/><F37/><W118/><G118/><T56/><D112/><U40/><E40/><V89/><F43/><W47/><G133/><T6/><D6/><U5/><E5/><V120/><F120/><W135/><G135/><T50/><D50/><U41/><E41/><V117/><F117/><W34/><G7/><T54/><D54/><U53/><E53/><V80/><F67/><W24/><G19/><T15/><REACH who="0" step="1"/><D81/><REACH who="0" ten="182,145,270,383" step="2"/><U66/><E66/><V111/><F80/><W97/><G109/><T65/><D65/><U35/><E35/><V46/><F83/><W116/><G34/><T48/><D48/><U125/><E125/><V9/><F32/><W20/><G124/><T101/><D101/><U8/><E8/><V73/><F9/><W74/><G110/><T131/><D131/><U100/><E100/><V58/><F111/><W10/><G108/><T30/><D30/><U93/><AGARI ba="0,2" hai="11,14,16,63,64,70,72,75,76,77,78,91,93,98" machi="93" ten="30,4000,0" yaku="1,1,0,1,54,1,53,0" doraHai="29" doraHaiUra="79" who="1" fromWho="1" sc="182,-10,145,60,270,-20,383,-10" />
</Scene>
<Scene>
<INIT seed="7,0,0,0,1,96" ten="172,205,250,373" oya="3" hai0="24,14,93,48,72,97,60,73,70,61,95,30,1" hai1="18,76,47,89,42,102,45,58,8,99,37,21,116" hai2="65,29,15,84,78,123,38,69,20,46,122,5,39" hai3="28,135,74,33,22,91,119,90,0,94,129,104,34"/><W2/><G94/><T17/><D1/><U107/><E76/><V62/><F46/><W121/><G22/><T49/><D73/><U103/><E8/><N who="2" m="4495" /><F78/><W59/><G59/><T13/><D72/><U27/><E116/><V114/><F114/><W40/><G91/><T92/><D14/><U10/><E107/><V68/><F84/><W111/><G40/><T35/><D70/><U63/><E10/><V26/><F69/><W55/><G104/><T36/><D36/><U109/><E109/><V118/><F118/><W113/><G111/><T108/><D108/><U80/><E80/><V126/><F126/><W53/><G74/><T6/><D6/><U31/><E45/><V12/><F12/><W128/><G2/><T77/><D77/><U19/><E18/><V106/><F106/><W127/><G0/><T11/><REACH who="0" step="1"/><D97/><REACH who="0" ten="162,205,250,373" step="2"/><U9/><E99/><V124/><F39/><W52/><G119/><T57/><D57/><U125/><E58/><V66/><F38/><W101/><G127/><T82/><D82/><U110/><E125/><V79/><F79/><W98/><G98/><T51/><AGARI ba="0,1" hai="11,13,17,24,30,35,48,49,51,60,61,92,93,95" machi="51" ten="30,2000,0" yaku="1,1,0,1,53,0" doraHai="96" doraHaiUra="83" who="0" fromWho="0" sc="162,30,205,-5,250,-5,373,-10" owari="192,-31.0,200,-20.0,245,5.0,363,46.0" />
</Scene>
</mjloggm>