<mjloggm ver="2.3"><GO type="169"/><UN n0="%E7%8C%AA%E6%9C%A8%E5%A4%A7%E5%AB%8C%E3%81%84%EF%BC%81" n1="%E6%AD%A6%E5%A3%AB%E6%B2%A2%E7%A7%80%E8%A1%8C" n2="%E3%81%94%E3%81%98%E3%82%83%E3%82%8B" n3="%41%53%41%50%49%4E" dan="17,16,18,18" rate="2116,2177,2206,2231" sx="F,M,M,M"/><TAIKYOKU oya="0"/>

<Scene>
<INIT seed="0,0,0,0,5,11" ten="250,250,250,250" oya="0" hai0="120,50,36,10,13,57,60,89,114,9,53,47,113" hai1="99,95,1,51,103,25,105,54,76,128,15,87,2" hai2="55,83,62,112,16,75,71,34,104,20,73,124,35" hai3="4,122,119,58,77,107,0,64,90,110,26,115,7"/><T69/><D120/><U118/><E118/><V12/><F112/><W102/><G115/><T123/><D123/><U126/><E126/><V24/><F104/><W39/><G122/><T74/><D74/><U14/><E128/><V49/><F124/><W106/><G39/><T8/><D89/><U27/><E105/><V30/><F35/><W17/><G110/><T78/><D78/><U131/><E131/><V37/><F37/><W68/><G68/><T109/><D109/><U116/><E116/><V93/><F83/><W19/><G77/><T38/><D38/><U100/><E100/><V41/><F41/><W42/><G42/><N who="0" m="22983" /><D13/><N who="1" m="4619" /><E2/><V33/><F33/><W94/><G102/><T134/><D134/><U45/><E1/><V28/><F28/><W86/><G106/><T46/><D46/><U133/><E133/><V59/><REACH who="2" step="1"/><F93/><REACH who="2" ten="250,250,240,250" step="2"/><W31/><G94/><T56/><D56/><U65/><E65/><AGARI ba="0,1" hai="12,16,20,24,30,34,49,55,59,62,65,71,73,75" machi="65" ten="40,8000,1" yaku="1,1,2,1,52,1,54,1,53,1" doraHai="11" doraHaiUra="48" who="2" fromWho="1" sc="250,0,250,-80,240,90,250,0" /><AGARI ba="0,0" hai="8,9,10,50,53,57,60,65,69,113,114" m="22983" machi="65" ten="30,1500,0" yaku="24,1" doraHai="11" who="0" fromWho="1" sc="250,15,170,-15,330,0,250,0" />
</Scene>
<Scene>
<INIT seed="0,1,0,1,3,104" ten="265,155,330,250" oya="0" hai0="76,48,21,13,70,43,93,5,78,56,114,66,90" hai1="119,109,19,30,32,61,33,23,17,57,81,69,97" hai2="42,15,80,73,105,86,4,92,128,34,22,124,49" hai3="67,87,74,2,25,129,122,63,77,106,72,18,0"/><T121/><D121/><U110/><E69/><V45/><F34/><N who="1" m="13417" /><E57/><V127/><F105/><W65/><G106/><T29/><D114/><U62/><E81/><V7/><F92/><W112/><G112/><T41/><D70/><U44/><E44/><V115/><F115/><W64/><G129/><T132/><D132/><U130/><E30/><V91/><F128/><W85/><G122/><T37/><D37/><U94/><E94/><V131/><F131/><W14/><G25/><N who="0" m="16559" /><D66/><U133/><E130/><V79/><F22/><W59/><G2/><T55/><D78/><U89/><E23/><V101/><F101/><W16/><G0/><T100/><D76/><U20/><E20/><V102/><F102/><W3/><G3/><T26/><D100/><U84/><E89/><V9/><F91/><W111/><G77/><T108/><D26/><U35/><E84/><V47/><F7/><W39/><G65/><T68/><D68/><U1/><E1/><V8/><F8/><W46/><G67/><T99/><D108/><N who="1" m="41579" /><E35/><V103/><F103/><W88/><G111/><T123/><D123/><U24/><E24/><V125/><F47/><W118/><G46/><T28/><D28/><U117/><E133/><V31/><F31/><W54/><G39/><T83/><D83/><U50/><E119/><V71/><F71/><W10/><G118/><T113/><D113/><U75/><E117/><V98/><F98/><W95/><G64/><T107/><D107/><U11/><E97/><V134/><F134/><W40/><G88/><T116/><D116/><U60/><E75/><AGARI ba="1,0" hai="4,9,15,42,45,49,73,75,79,80,86,124,125,127" machi="75" ten="40,8000,1" yaku="25,2,18,1,52,2" doraHai="104" who="2" fromWho="1" sc="265,0,155,-83,330,83,250,0" />
</Scene>
<Scene>
<INIT seed="1,0,0,3,0,73" ten="265,72,413,250" oya="1" hai0="35,81,17,64,18,14,21,27,77,26,8,3,102" hai1="59,1,2,123,131,95,122,42,96,10,48,0,103" hai2="38,90,127,78,24,43,76,58,115,83,112,25,97" hai3="132,110,65,5,129,23,71,6,79,70,39,91,33"/><U87/><E131/><V56/><F127/><W16/><G33/><T80/><D64/><U121/><E10/><V86/><F43/><W94/><G39/><T41/><D41/><U107/><E59/><N who="2" m="22571" /><F38/><W120/><G120/><T84/><D102/><U51/><E42/><V114/><F97/><W60/><G129/><T125/><D125/><U85/><REACH who="1" step="1"/><E107/><REACH who="1" ten="265,62,413,250" step="2"/><V135/><F135/><W68/><G132/><T15/><D3/><U45/><E45/><V108/><F108/><W28/><G110/><T75/><D35/><U119/><E119/><V74/><F74/><W118/><G118/><T46/><D46/><U52/><E52/><V50/><F50/><AGARI ba="0,1" hai="0,1,2,48,50,51,85,87,95,96,103,121,122,123" machi="50" ten="50,2400,0" yaku="1,1,53,0" doraHai="73" doraHaiUra="29" who="1" fromWho="2" sc="265,0,62,34,413,-24,250,0" />
</Scene>
<Scene>
<INIT seed="1,1,0,2,0,61" ten="265,96,389,250" oya="1" hai0="12,68,86,94,111,117,121,0,81,43,3,116,14" hai1="20,5,32,22,73,125,55,112,83,21,95,96,46" hai2="2,40,34,9,133,6,30,38,124,88,36,90,31" hai3="52,128,45,101,78,122,70,42,64,8,27,98,19"/><U54/><E112/><V49/><F124/><W47/><G122/><T50/><D94/><U131/><E32/><V33/><F133/><W77/><G128/><T60/><D43/><U44/><E125/><V10/><F49/><W84/><G84/><T115/><D50/><U17/><E131/><V37/><F40/><W126/><G126/><T69/><D115/><U110/><E110/><V57/><F57/><W120/><G120/><T113/><D113/><U108/><E108/><V39/><F39/><W103/><G27/><T89/><D111/><U67/><E5/><V99/><F99/><W100/><G98/><T104/><D104/><U132/><E132/><V13/><F34/><W135/><G135/><T109/><D109/><U118/><E118/><V28/><REACH who="2" step="1"/><F33/><REACH who="2" ten="265,96,379,250" step="2"/><W4/><G42/><T102/><D121/><U85/><E44/><V92/><F92/><W23/><G45/><T58/><D58/><U74/><E46/><V35/><F35/><W29/><G47/><T105/><D69/><U80/><E96/><V97/><F97/><W56/><G101/><T87/><D68/><U119/><E95/><V63/><F63/><W82/><G103/><T114/><D102/><U72/><E119/><V11/><F11/><W107/><G70/><T66/><D116/><U129/><E129/><V76/><F76/><W51/><G77/><T15/><D117/><U65/><E85/><N who="0" m="32265" /><D114/><U26/><E83/><V130/><F130/><W53/><G100/><T41/><D41/><U71/><E80/><V18/><AGARI ba="1,1" hai="2,6,9,10,13,18,28,30,31,36,37,38,88,90" machi="18" ten="40,8000,1" yaku="1,1,0,1,54,1,53,1" doraHai="61" doraHaiUra="1" who="2" fromWho="2" sc="265,-21,96,-41,379,93,250,-21" />
</Scene>
<Scene>
<INIT seed="2,0,0,1,0,8" ten="244,55,472,229" oya="2" hai0="30,34,38,90,85,60,18,133,14,19,39,13,126" hai1="57,111,17,15,122,54,11,135,79,91,41,130,101" hai2="23,77,94,125,50,24,83,2,59,43,21,87,33" hai3="109,131,129,102,42,67,97,84,72,65,92,124,121"/><V12/><F2/><W76/><G121/><T63/><D34/><U20/><E122/><V69/><F69/><W78/><G72/><T36/><D30/><U108/><E130/><N who="3" m="49674" /><G109/><N who="1" m="42058" /><E135/><V104/><F104/><W1/><G1/><T120/><D120/><U28/><E101/><V32/><F125/><W0/><G0/><T107/><D107/><U52/><E41/><V99/><F33/><W117/><G117/><T4/><D4/><U16/><E28/><V73/><F73/><W110/><G110/><T103/><D103/><U62/><E79/><N who="3" m="30250" /><G124/><T10/><D126/><U27/><E91/><V26/><F32/><W98/><G84/><T113/><D113/><U9/><E9/><V53/><F43/><W106/><G42/><T75/><D75/><U114/><E54/><V128/><F128/><W66/><G98/><T44/><D133/><U123/><E123/><V81/><F81/><W74/><G74/><T51/><D90/><U89/><E89/><N who="2" m="55759" /><F23/><W35/><G35/><T48/><D85/><U71/><E71/><V46/><F46/><W47/><G47/><T96/><D96/><U49/><E114/><V55/><F55/><W112/><G112/><T45/><D39/><U134/><E134/><V80/><F83/><W119/><G119/><T37/><D36/><U29/><E29/><V100/><F100/><W82/><G82/><T93/><D10/><U31/><E31/><V70/><F70/><W115/><G115/><T105/><D105/><AGARI ba="0,0" hai="65,66,67,92,97,102,105,106" m="30250,49674" machi="105" ten="40,1300,0" yaku="19,1" doraHai="8" who="3" fromWho="0" sc="244,-13,55,0,472,0,229,13" />
</Scene>
<Scene>
<INIT seed="3,0,0,0,0,34" ten="231,55,472,242" oya="3" hai0="117,49,126,15,59,94,115,101,78,53,66,11,107" hai1="77,58,88,95,134,103,32,24,60,135,16,4,54" hai2="109,127,28,73,27,128,12,68,70,123,102,112,37" hai3="43,76,131,86,23,6,5,19,2,65,17,93,18"/><W57/><G131/><T75/><D117/><U106/><E77/><V25/><F112/><W50/><G2/><T8/><D107/><U132/><E106/><V62/><F127/><W44/><G23/><T30/><D126/><U36/><E103/><V87/><F73/><W39/><G39/><T1/><D30/><U40/><E4/><V118/><F37/><W56/><G56/><T69/><D94/><U64/><E32/><V84/><F12/><W31/><G31/><T91/><D91/><U108/><E108/><V130/><F109/><W100/><G76/><T111/><D101/><U21/><E36/><V41/><F28/><W71/><G71/><T22/><D111/><U26/><E40/><V13/><F13/><W38/><G38/><T72/><D115/><U122/><E122/><V124/><F124/><W74/><G74/><T3/><D75/><U114/><E114/><V133/><F118/><W82/><G82/><T80/><D22/><U89/><E24/><V97/><F128/><W129/><G129/><T120/><D120/><U119/><E119/><V85/><F70/><W105/><G105/><T29/><D29/><U42/><E42/><V33/><F68/><W51/><G86/><T46/><D69/><U61/><E95/><V52/><F123/><W121/><G121/><T98/><D98/><U14/><E14/><V81/><F33/><W113/><G113/><T20/><D20/><U63/><E64/><V55/><F130/><W116/><G116/><T79/><D78/><U10/><E10/><N who="0" m="3625" /><D15/><U83/><E83/><V0/><F81/><W7/><G100/><RYUUKYOKU ba="0,0" sc="231,15,55,15,472,-15,242,-15" hai0="1,3,46,49,53,59,66,72,79,80" hai1="16,21,26,54,58,60,61,63,88,89,132,134,135" />
</Scene>
<Scene>
<INIT seed="4,1,0,5,0,123" ten="246,70,457,227" oya="0" hai0="94,60,106,71,119,91,9,116,135,126,97,112,125" hai1="132,72,75,55,15,99,67,100,58,109,95,34,32" hai2="40,7,130,49,19,38,101,98,66,114,82,134,78" hai3="87,96,13,93,42,65,35,76,33,80,37,56,103"/><T30/><D30/><U59/><E132/><V48/><F114/><W23/><G42/><T118/><D112/><U63/><E109/><V128/><F7/><W31/><G37/><T20/><D20/><U105/><E15/><V131/><F134/><W69/><G69/><T83/><D135/><U85/><E85/><N who="2" m="48343" /><F66/><W5/><G5/><T39/><D39/><U129/><E129/><V26/><F38/><W51/><G51/><T121/><D121/><U111/><E111/><V43/><F43/><W86/><G86/><T50/><D106/><U12/><E12/><V17/><F26/><N who="3" m="16863" /><G13/><T16/><D83/><U2/><E2/><V57/><F49/><W84/><G84/><T77/><D77/><U46/><E46/><N who="2" m="25671" /><F57/><W133/><G133/><T8/><D50/><U70/><E95/><AGARI ba="1,0" hai="17,19,95,98,101,128,130,131" m="25671,48343" machi="95" ten="30,1000,0" yaku="19,1" doraHai="123" who="2" fromWho="1" sc="246,0,70,-13,457,13,227,0" />
</Scene>
<Scene>
<INIT seed="5,0,0,4,0,13" ten="246,57,470,227" oya="1" hai0="87,93,26,120,88,36,5,74,110,30,24,2,61" hai1="121,60,4,106,7,84,20,58,71,47,132,77,11" hai2="51,25,79,32,101,125,28,19,12,15,62,104,128" hai3="22,81,115,89,9,31,99,45,124,14,37,40,41"/><U43/><E71/><V96/><F125/><W21/><G124/><T70/><D110/><U3/><E106/><V86/><F128/><W50/><G115/><T113/><D36/><U103/><E121/><V97/><F97/><W69/><G69/><T46/><D74/><U76/><E132/><V102/><F102/><W134/><G134/><T23/><D113/><U83/><E103/><V34/><F34/><W49/><G31/><T73/><D73/><U105/><E105/><V114/><F114/><W95/><G81/><T108/><D108/><U116/><E116/><V44/><F62/><W57/><G37/><T55/><D2/><U18/><E7/><V38/><F38/><W100/><G100/><T118/><D5/><U135/><E135/><V82/><F19/><N who="3" m="8655" /><G57/><T63/><D118/><U33/><E33/><V0/><F0/><W117/><G117/><T35/><D120/><U123/><E123/><V39/><F39/><W67/><G67/><T112/><D112/><U72/><E47/><AGARI ba="0,0" hai="21,22,40,41,45,47,49,50,89,95,99" m="8655" machi="47" ten="30,2000,0" yaku="8,1,52,1" doraHai="13" who="3" fromWho="1" sc="246,0,57,-20,470,0,227,20" />
</Scene>
<Scene>
<INIT seed="6,0,0,1,0,25" ten="246,37,470,247" oya="2" hai0="135,113,65,110,27,41,117,89,71,98,12,80,122" hai1="14,75,114,111,87,101,96,20,84,42,73,6,28" hai2="97,107,48,74,36,29,78,56,66,104,120,45,64" hai3="18,19,68,58,90,86,17,33,3,128,44,49,22"/><V10/><F36/><W123/><G123/><T102/><D122/><U35/><E35/><V88/><F74/><W133/><G68/><T57/><D110/><U37/><E111/><V91/><F78/><W108/><G108/><T23/><D71/><U118/><E118/><V2/><F2/><W115/><G33/><T109/><D109/><U1/><E114/><V5/><F5/><W93/><G3/><T7/><D41/><U83/><E14/><V106/><F10/><W77/><G128/><T9/><D113/><U132/><E132/><V32/><F97/><W99/><G133/><T31/><D117/><U119/><E119/><V76/><F76/><W8/><G115/><T39/><D39/><U62/><E62/><V105/><F105/><W54/><G8/><T125/><D125/><U24/><E75/><V92/><F91/><W61/><G77/><T70/><D70/><U81/><E73/><V15/><F15/><W116/><G116/><T43/><D43/><U21/><E21/><V129/><F129/><W13/><REACH who="3" step="1"/><G99/><REACH who="3" ten="246,37,470,237" step="2"/><T40/><D135/><U53/><E87/><N who="2" m="52255" /><F32/><W26/><G26/><T4/><D98/><U82/><E84/><V121/><F121/><W130/><G130/><T59/><D9/><U51/><E1/><V60/><F120/><W72/><G72/><T94/><D4/><U127/><E6/><V112/><F112/><W85/><G85/><T16/><D7/><U50/><E127/><V67/><F107/><W47/><G47/><T103/><D27/><U126/><E126/><V134/><F134/><W55/><AGARI ba="0,1" hai="13,17,18,19,22,44,49,54,55,58,61,86,90,93" machi="55" ten="20,5200,0" yaku="1,1,0,1,7,1,8,1,53,0" doraHai="25" doraHaiUra="79" who="3" fromWho="3" sc="246,-13,37,-13,470,-26,237,62" />
</Scene>
<Scene>
<INIT seed="7,0,0,2,4,56" ten="233,24,444,299" oya="3" hai0="89,12,5,4,16,85,83,64,65,102,97,109,42" hai1="115,120,79,52,135,92,29,23,114,103,41,88,57" hai2="80,49,118,18,47,63,73,74,6,112,24,14,84" hai3="54,53,58,68,36,70,131,40,91,34,15,44,45"/><W76/><G34/><T127/><D109/><U66/><E115/><V119/><F119/><W32/><G32/><T123/><D123/><U111/><E120/><V61/><F118/><W71/><G76/><T19/><D127/><U2/><E111/><V50/><F74/><W27/><G27/><T105/><D42/><U104/><E135/><V72/><F72/><W30/><G30/><T126/><D126/><U31/><E114/><V132/><F73/><W51/><G91/><T133/><D133/><U8/><E104/><V129/><F129/><W121/><G15/><T35/><D35/><U62/><E103/><V90/><F132/><W43/><G121/><T101/><D101/><U69/><E79/><V33/><F112/><W7/><G7/><T98/><D98/><U10/><E2/><V81/><F81/><W28/><G28/><T128/><D128/><U100/><E100/><V107/><F107/><W59/><G131/><T78/><D78/><U86/><E31/><V0/><F0/><W110/><G110/><T99/><D99/><U48/><E29/><V134/><F134/><W11/><G11/><T93/><D105/><U38/><E23/><N who="2" m="13431" /><F33/><W75/><G75/><T26/><D26/><U82/><E82/><V87/><F87/><W125/><G125/><T67/><REACH who="0" step="1"/><D19/><REACH who="0" ten="223,24,444,299" step="2"/><U37/><REACH who="1" step="1"/><E37/><REACH who="1" ten="223,14,444,299" step="2"/><V55/><F84/><W77/><G77/><T17/><D17/><U116/><E116/><V96/><F96/><W1/><G1/><T13/><D13/><U94/><E94/><V106/><F14/><W21/><G36/><T60/><D60/><U46/><AGARI ba="0,2" hai="8,10,38,41,46,48,52,57,62,66,69,86,88,92" machi="46" ten="30,16000,3" yaku="1,1,5,1,0,1,24,2,52,1,54,2,53,0" doraHai="56" doraHaiUra="130" who="1" fromWho="1" sc="223,-40,14,180,444,-40,299,-80" owari="183,-32.0,194,-21.0,404,51.0,219,2.0" />
</Scene>
</mjloggm>