<mjloggm ver="2.3"><GO type="169" lobby="0"/><UN n0="%72%68%6A%72%79%6D%6D" n1="%E3%81%B3%E3%82%8A%E3%81%B3%E3%82%8A%E2%98%86%E3%83%93%E3%83%AA%E3%83%BC" n2="%EF%BC%BC%28%EF%BC%BE%6F%EF%BC%BE%29%EF%BC%8F%E2%98%85" n3="%41%53%41%50%49%4E" dan="16,19,17,19" rate="2100.07,2249.81,2172.32,2332.98" sx="M,M,M,M"/><TAIKYOKU oya="0"/>

<Scene>
<INIT seed="0,0,0,0,5,11" ten="250,250,250,250" oya="0" hai0="91,98,10,119,0,15,66,93,127,14,55,83,97" hai1="111,82,102,131,86,24,27,16,69,94,49,56,89" hai2="76,28,60,30,78,58,132,63,39,25,3,41,108" hai3="99,92,133,120,19,110,70,75,81,73,100,103,31"/><T114/><D114/><U65/><E111/><V105/><F108/><W6/><G110/><T107/><D119/><U23/><E131/><V123/><F3/><W62/><G133/><T67/><D127/><U38/><E38/><V96/><F123/><W106/><G120/><T8/><D0/><U9/><E69/><V112/><F112/><W46/><G6/><N who="0" m="3351" /><D107/><U48/><E9/><V115/><F60/><W117/><G117/><T47/><D83/><U118/><E118/><V20/><F30/><W129/><G31/><T1/><D98/><N who="1" m="59735" /><E27/><V124/><F132/><W101/><G70/><T77/><D77/><U80/><E82/><V72/><F72/><W64/><G81/><T116/><D1/><U12/><E24/><V126/><F115/><W113/><G75/><T40/><D40/><U104/><E104/><V29/><F29/><W4/><G73/><T18/><D116/><U50/><E65/><V74/><F74/><W85/><G113/><T88/><D91/><U7/><E7/><V54/><F41/><W130/><G4/><T90/><D90/><U22/><E22/><V134/><F39/><W95/><G106/><T5/><D5/><U21/><E21/><V68/><F134/><W71/><G130/><T51/><AGARI ba="0,0" hai="10,15,18,47,51,55,66,67,88,93,97" m="3351" machi="51" ten="30,11700,0" yaku="8,1,52,2,54,1" doraHai="11" who="0" fromWho="0" sc="250,117,250,-39,250,-39,250,-39" />
</Scene>
<Scene>
<INIT seed="0,1,0,1,3,22" ten="367,211,211,211" oya="0" hai0="5,2,101,66,29,21,33,116,98,43,14,114,124" hai1="24,129,91,86,56,20,80,35,18,117,65,77,34" hai2="111,78,104,27,47,95,3,23,96,100,12,127,84" hai3="54,17,36,64,82,72,106,120,133,61,51,119,40"/><T92/><D114/><U58/><E117/><V6/><F111/><W63/><G119/><T79/><D116/><U105/><E105/><V121/><F121/><W89/><G106/><T49/><D79/><U112/><E112/><V0/><F127/><W93/><G120/><T45/><D124/><U32/><E129/><V122/><F122/><W118/><G118/><T8/><D66/><U50/><E65/><V10/><F47/><W57/><G133/><T83/><D83/><U103/><E103/><V88/><REACH who="2" step="1"/><F78/><REACH who="2" ten="367,211,201,211" step="2"/><W131/><G131/><T67/><D45/><U37/><E77/><V13/><F13/><W42/><G36/><T73/><D14/><U19/><E37/><V107/><F107/><W74/><G74/><T59/><D73/><U132/><E132/><V41/><F41/><W109/><G42/><T87/><D43/><U53/><REACH who="1" step="1"/><E58/><REACH who="1" ten="367,201,201,211" step="2"/><V94/><F94/><W69/><G57/><T46/><D92/><U55/><E55/><V48/><F48/><W38/><G51/><T16/><D59/><U134/><E134/><V123/><F123/><W81/><G54/><T115/><D49/><U126/><E126/><V76/><F76/><W1/><G93/><T60/><D115/><U108/><E108/><V128/><F128/><W28/><G109/><T102/><D46/><U11/><E11/><V97/><F97/><W25/><G38/><T135/><D8/><U52/><E52/><V75/><F75/><W110/><G72/><T44/><D98/><U125/><E125/><V9/><F9/><W15/><G110/><T68/><D135/><U85/><E85/><RYUUKYOKU ba="1,2" sc="367,-15,201,15,201,15,211,-15" hai1="18,19,20,24,32,34,35,50,53,56,80,86,91" hai2="0,3,6,10,12,23,27,84,88,95,96,100,104" />
</Scene>
<Scene>
<INIT seed="1,2,2,5,4,47" ten="352,216,216,196" oya="1" hai0="25,37,33,124,111,122,77,103,59,97,45,133,54" hai1="104,10,116,135,41,81,7,76,28,67,46,62,79" hai2="26,118,109,105,31,32,66,117,24,120,44,85,108" hai3="110,8,89,21,125,106,57,70,72,123,102,115,22"/><U30/><E116/><V65/><F105/><W112/><G70/><T39/><D111/><N who="2" m="42570" /><F120/><W92/><G110/><T75/><D122/><U6/><E104/><V91/><F26/><W132/><G123/><T126/><D133/><U13/><E7/><V119/><F44/><W100/><G72/><T50/><D77/><U15/><E13/><V63/><F63/><W36/><G36/><T12/><D75/><U55/><E135/><V84/><F84/><W20/><G132/><T11/><D25/><U114/><E114/><V40/><F40/><W5/><G125/><N who="0" m="48235" /><D45/><U69/><E55/><V56/><F56/><W129/><G57/><T58/><D33/><U1/><E79/><V0/><F0/><W34/><G34/><T2/><D2/><U71/><E69/><V48/><F48/><W88/><G106/><N who="0" m="63855" /><D59/><U23/><E1/><V83/><AGARI ba="2,2" hai="24,31,32,65,66,83,85,91,117,118,119" m="42570" machi="83" ten="40,1500,0" yaku="14,1" doraHai="47" who="2" fromWho="2" sc="352,-6,216,-9,216,41,196,-6" />
</Scene>
<Scene>
<INIT seed="2,0,0,2,2,10" ten="346,207,257,190" oya="2" hai0="132,105,93,28,15,110,5,49,102,74,13,17,120" hai1="57,33,41,54,34,64,8,124,36,66,6,38,98" hai2="73,3,95,87,14,101,91,112,63,108,42,53,19" hai3="32,127,100,104,117,24,111,25,81,99,116,2,60"/><V4/><F112/><W103/><G2/><T43/><D120/><U83/><E124/><V121/><F121/><W59/><G127/><T62/><D105/><U44/><E38/><V75/><F108/><W61/><G111/><T85/><D74/><U97/><E83/><V35/><F35/><W37/><G37/><T114/><D114/><U135/><E34/><V1/><F42/><W122/><G122/><T47/><D110/><U9/><E33/><V16/><F101/><W126/><G126/><T40/><D28/><U48/><E9/><V20/><F19/><W26/><G32/><T27/><D62/><U92/><E135/><V12/><F3/><W134/><G134/><T79/><D5/><U68/><E68/><V72/><F1/><W23/><G23/><N who="0" m="13807" /><D40/><U0/><REACH who="1" step="1"/><E98/><REACH who="1" ten="346,197,257,190" step="2"/><V22/><F22/><W11/><G11/><T84/><D132/><U69/><E69/><V94/><F4/><W70/><G70/><T77/><D77/><U50/><E50/><V106/><F20/><W133/><G133/><T46/><D79/><U55/><E55/><V78/><F53/><N who="3" m="33903" /><G61/><T71/><D71/><U80/><E80/><V119/><F63/><W52/><G81/><T118/><D49/><U76/><E76/><V125/><F78/><W65/><G52/><T45/><D43/><U89/><AGARI ba="0,1" hai="0,6,8,36,41,44,48,54,57,64,66,89,92,97" machi="89" ten="20,2700,0" yaku="1,1,0,1,7,1,53,0" doraHai="10" doraHaiUra="82" who="1" fromWho="1" sc="346,-7,197,37,257,-13,190,-7" />
</Scene>
<Scene>
<INIT seed="3,0,0,5,4,103" ten="339,234,244,183" oya="3" hai0="26,42,67,19,101,14,50,28,135,81,56,58,8" hai1="122,36,3,72,82,61,87,100,105,131,33,23,133" hai2="98,114,1,39,91,107,93,116,129,115,5,132,16" hai3="54,0,15,2,52,80,57,94,55,76,121,118,31"/><W49/><G118/><T99/><D135/><U41/><E122/><V89/><F116/><W75/><G121/><T128/><D128/><U123/><E123/><V120/><F120/><W124/><G124/><T117/><D117/><U126/><E33/><V109/><F39/><W64/><G64/><T32/><D67/><U84/><E72/><V88/><F132/><W30/><G54/><T53/><D42/><U110/><E3/><V59/><F129/><W24/><G31/><T37/><D37/><U86/><E36/><V21/><F109/><W11/><G94/><T40/><D40/><U4/><E41/><V35/><F35/><W9/><G55/><T119/><D81/><U112/><E82/><V130/><F130/><W69/><G69/><T78/><D78/><U113/><E131/><V70/><F70/><W65/><G65/><T83/><D83/><U102/><E113/><V27/><F107/><W34/><REACH who="3" step="1"/><G11/><REACH who="3" ten="339,234,244,173" step="2"/><T125/><D125/><U106/><E126/><V25/><F115/><W111/><G111/><T7/><D119/><U62/><E110/><V48/><F114/><W47/><G47/><T108/><D108/><U46/><E112/><V51/><F59/><W18/><AGARI ba="0,1" hai="0,2,9,15,18,24,30,34,49,52,57,75,76,80" machi="18" ten="20,7800,0" yaku="1,1,0,1,7,1,54,1,53,0" doraHai="103" doraHaiUra="96" who="3" fromWho="3" sc="339,-26,234,-26,244,-26,173,88" />
</Scene>
<Scene>
<INIT seed="3,1,0,0,1,35" ten="313,208,218,261" oya="3" hai0="47,33,56,102,3,80,109,23,115,97,74,112,134" hai1="54,44,107,99,69,68,40,49,85,101,29,46,41" hai2="17,63,82,121,88,67,70,122,100,24,15,4,16" hai3="86,19,117,9,123,66,104,27,119,59,22,116,72"/><W110/><G123/><N who="2" m="47113" /><F100/><W28/><G72/><T1/><D33/><U103/><E103/><V38/><F38/><W108/><G104/><N who="0" m="63567" /><D109/><N who="3" m="42089" /><G86/><T50/><D56/><U130/><E130/><V64/><F64/><W132/><G132/><T52/><D23/><U127/><E127/><V37/><F37/><W10/><G66/><T79/><D134/><U11/><E29/><V65/><F65/><W90/><G90/><T0/><D0/><U83/><E11/><N who="3" m="4106" /><G59/><T128/><D128/><U135/><E135/><V95/><F82/><W6/><G6/><T87/><D74/><U36/><REACH who="1" step="1"/><E41/><REACH who="1" ten="313,198,218,261" step="2"/><V94/><F4/><W13/><G119/><T92/><D115/><U42/><E42/><V55/><F70/><W133/><G133/><T7/><D112/><U124/><E124/><V106/><F106/><W48/><G48/><T2/><D50/><U18/><E18/><V75/><F17/><W105/><G105/><T71/><D7/><U8/><E8/><AGARI ba="1,1" hai="8,13,19,22,27,28,116,117" m="4106,42089" machi="8" ten="30,11600,0" yaku="14,1,10,1,34,2" doraHai="35" who="3" fromWho="1" sc="313,0,198,-119,218,0,261,129" />
</Scene>
<Scene>
<INIT seed="3,2,0,3,0,17" ten="313,79,218,390" oya="3" hai0="66,126,104,81,43,54,39,67,90,100,51,86,109" hai1="33,95,15,10,7,6,50,118,27,47,23,84,94" hai2="46,44,91,16,34,111,117,97,42,107,4,128,68" hai3="52,73,124,82,88,133,129,14,135,71,20,9,130"/><W105/><G105/><T53/><D109/><U99/><E118/><V29/><F117/><W18/><G71/><T69/><D126/><U63/><E33/><V119/><F68/><W116/><G116/><T89/><D39/><U85/><E7/><V108/><F119/><W2/><G124/><T87/><D104/><U11/><E11/><V98/><F4/><N who="3" m="1175" /><G73/><T30/><D100/><U72/><E72/><V65/><F65/><W114/><G114/><T12/><D30/><U77/><E63/><V120/><F120/><W83/><G52/><T122/><D122/><U113/><E113/><V106/><F42/><W115/><G115/><T41/><D12/><U24/><E24/><V123/><F123/><W26/><G26/><T60/><D67/><U75/><E75/><V74/><F74/><W40/><G40/><T0/><D0/><U28/><E77/><V121/><F107/><W48/><G48/><T22/><D54/><N who="1" m="30047" /><E95/><V76/><F106/><W125/><G125/><T37/><D37/><U61/><E61/><V8/><F121/><W1/><G1/><T132/><D41/><U35/><E35/><V127/><F34/><W59/><G59/><T21/><D43/><U31/><E31/><V112/><F29/><W131/><G83/><T93/><REACH who="0" step="1"/><D132/><REACH who="0" ten="303,79,218,390" step="2"/><U36/><E36/><V103/><F127/><W92/><G82/><T64/><D64/><U25/><E27/><V3/><F3/><W55/><G55/><T101/><D101/><AGARI ba="2,1" hai="6,10,15,23,25,28,84,85,94,99,101" m="30047" machi="101" ten="30,2000,0" yaku="8,1,52,1" doraHai="17" who="1" fromWho="0" sc="303,-26,79,36,218,0,390,0" />
</Scene>
<Scene>
<INIT seed="4,0,0,1,4,90" ten="277,115,218,390" oya="0" hai0="25,134,91,116,59,52,74,119,98,89,111,93,37" hai1="73,133,36,132,104,77,43,78,6,68,60,51,29" hai2="34,128,85,42,64,131,100,58,11,24,80,50,106" hai3="33,18,70,69,40,105,14,97,0,135,87,32,46"/><T1/><D1/><U109/><E109/><V41/><F11/><W112/><G0/><T126/><D37/><U13/><E104/><V83/><F106/><W114/><G135/><N who="1" m="51786" /><E36/><V3/><F3/><W26/><G87/><T88/><D134/><U117/><E117/><V65/><F100/><N who="3" m="62607" /><G14/><T94/><D74/><U130/><E73/><V31/><F83/><W9/><G18/><T10/><D111/><U20/><E130/><N who="2" m="49707" /><F58/><W8/><G8/><T23/><D126/><U21/><E6/><V62/><F62/><W124/><G9/><T15/><D116/><U22/><E29/><V67/><F50/><W47/><G47/><T113/><D113/><N who="3" m="43625" /><G124/><T44/><D44/><N who="1" m="26015" /><E13/><V101/><F101/><W81/><G81/><T27/><D119/><U92/><E60/><V125/><F125/><W99/><G26/><N who="0" m="9739" /><D23/><U123/><E20/><V5/><F5/><W115/><G115/><T38/><D38/><U17/><E22/><V127/><F127/><W66/><G33/><T120/><D120/><U57/><E123/><V118/><F118/><W53/><G32/><T110/><D110/><U45/><E45/><V48/><F48/><N who="3" m="28823" /><G40/><T4/><D98/><U71/><E21/><V121/><F121/><W39/><G99/><T12/><D12/><U96/><E96/><V95/><F42/><W82/><G39/><T49/><AGARI ba="0,0" hai="4,10,15,49,52,59,88,89,91,93,94" m="9739" machi="49" ten="30,12000,1" yaku="8,1,52,2,54,2" doraHai="90" who="0" fromWho="0" sc="277,120,115,-40,218,-40,390,-40" />
</Scene>
<Scene>
<INIT seed="4,1,0,1,0,87" ten="397,75,178,350" oya="0" hai0="24,28,114,98,109,35,102,79,70,49,29,0,104" hai1="14,92,21,46,19,36,73,58,10,45,81,122,44" hai2="108,34,7,84,93,83,74,112,128,39,103,56,120" hai3="90,129,18,110,13,77,5,53,121,131,8,88,124"/><T52/><D0/><U32/><E32/><V107/><F39/><W111/><G124/><T68/><D114/><U22/><E122/><V96/><F34/><W132/><G132/><T115/><D115/><U20/><E36/><V62/><F112/><W130/><G121/><T61/><D109/><N who="3" m="41481" /><G77/><T75/><D29/><U60/><E73/><V59/><F108/><W69/><G69/><T17/><D17/><U15/><E81/><V125/><F120/><W65/><G65/><T33/><D33/><U55/><REACH who="1" step="1"/><E92/><REACH who="1" ten="397,65,178,350" step="2"/><V12/><F93/><W119/><G119/><T27/><D75/><U80/><E80/><V78/><F74/><W133/><G133/><T37/><D35/><U57/><E57/><V97/><F59/><W89/><G53/><T6/><D52/><U76/><E76/><V91/><F78/><W4/><AGARI ba="1,1" hai="4,5,8,13,18,88,89,90,129,130,131" m="41481" machi="4" ten="40,8000,1" yaku="19,1,52,3,54,1" doraHai="87" who="3" fromWho="3" sc="397,-41,65,-21,178,-21,350,93" />
</Scene>
<Scene>
<INIT seed="5,0,0,2,0,117" ten="356,44,157,443" oya="1" hai0="71,124,81,65,80,8,40,41,32,103,77,111,100" hai1="110,30,70,48,135,113,12,125,98,17,133,101,96" hai2="5,2,39,63,87,116,19,49,73,118,78,28,66" hai3="18,61,55,122,91,15,69,129,132,114,83,7,51"/><U38/><E38/><V23/><F39/><W31/><G122/><T99/><D111/><U24/><E110/><V13/><F73/><W109/><G109/><T97/><D32/><U79/><E70/><V93/><F28/><W75/><G114/><T53/><D124/><U11/><E113/><V16/><F49/><W128/><G132/><N who="1" m="50762" /><E125/><V112/><F112/><W60/><G7/><T25/><D25/><U3/><E3/><V37/><F37/><W74/><G31/><T56/><D71/><U89/><E79/><V58/><F19/><W119/><G119/><T131/><D65/><U33/><E101/><V36/><F36/><W22/><G75/><T115/><D115/><U107/><E107/><V92/><F118/><W68/><G68/><T42/><D77/><U44/><E89/><V105/><F105/><W6/><G6/><T86/><D103/><U57/><E57/><V46/><F116/><W130/><G69/><T43/><D56/><U9/><E9/><N who="2" m="4271" /><F2/><W67/><G67/><T26/><D100/><U20/><E33/><V104/><F104/><W54/><G91/><T102/><D8/><U59/><E59/><V106/><F106/><W0/><G0/><T27/><D102/><U126/><E126/><V76/><F46/><W90/><G90/><T94/><D81/><U29/><E29/><V84/><F78/><N who="3" m="44503" /><G51/><T88/><D80/><U64/><E64/><V72/><F72/><W1/><G1/><T21/><D88/><U47/><E47/><V134/><F134/><W127/><G127/><T62/><D86/><N who="2" m="32810" /><F76/><W95/><G95/><T14/><D94/><RYUUKYOKU ba="0,0" sc="356,-30,44,10,157,10,443,10" hai1="11,12,17,20,24,30,44,48,96,98" hai2="16,23,58,63,66,92,93" hai3="15,18,22,54,55,60,61,128,129,130" />
</Scene>
<Scene>
<INIT seed="5,1,0,5,2,32" ten="326,54,167,453" oya="1" hai0="41,88,33,6,121,2,86,47,37,131,130,77,103" hai1="93,96,112,85,70,18,105,135,46,90,34,36,65" hai2="99,122,0,83,61,62,91,31,102,100,59,118,30" hai3="49,75,111,76,95,124,71,119,92,5,54,45,56"/><U13/><E34/><V120/><F118/><W127/><G111/><T51/><D33/><U109/><E109/><V84/><F0/><W24/><G71/><T97/><D77/><U117/><E117/><V87/><F122/><W1/><G119/><T10/><D121/><U106/><E112/><V60/><F120/><W129/><G129/><T22/><D22/><U73/><E73/><V3/><F3/><W115/><G115/><T11/><D11/><U53/><E135/><V64/><F87/><W80/><G24/><T35/><D35/><U116/><E116/><V26/><F100/><W107/><G107/><T38/><D131/><U63/><E96/><V15/><F15/><W128/><G128/><T40/><D40/><U79/><E79/><V69/><F26/><W8/><REACH who="3" step="1"/><G45/><REACH who="3" ten="326,54,167,443" step="2"/><T7/><D130/><U101/><E101/><V133/><F69/><W44/><G44/><T55/><D41/><U66/><E36/><V16/><F133/><W28/><G28/><T57/><D47/><U42/><E42/><V58/><F31/><W126/><AGARI ba="1,1" hai="1,5,8,49,54,56,75,76,80,92,95,124,126,127" machi="126" ten="30,8000,1" yaku="1,1,0,1,18,1,52,1,53,1" doraHai="32" doraHaiUra="78" who="3" fromWho="3" sc="326,-21,54,-41,167,-21,443,93" />
</Scene>
<Scene>
<INIT seed="6,0,0,4,0,20" ten="305,13,146,536" oya="2" hai0="101,7,124,76,29,81,67,68,99,94,12,106,87" hai1="17,39,63,2,103,74,48,97,111,131,53,70,42" hai2="52,79,107,121,127,59,65,114,40,45,11,100,44" hai3="117,15,47,80,128,37,75,22,72,54,93,28,86"/><V33/><F121/><W130/><G117/><T66/><D124/><U104/><E111/><V132/><F127/><W135/><G93/><T30/><D106/><U82/><E131/><V31/><F65/><N who="0" m="24586" /><D68/><U77/><E70/><V27/><F114/><W36/><G22/><T110/><D110/><U25/><E63/><V1/><F79/><W92/><G86/><T46/><D46/><U108/><E108/><V23/><F132/><W50/><G92/><T83/><D81/><U55/><E2/><V10/><F33/><W24/><G15/><T8/><AGARI ba="0,0" hai="7,8,12,29,30,76,83,87,94,99,101" m="24586" machi="8" ten="30,1100,0" yaku="8,1" doraHai="20" who="0" fromWho="0" sc="305,11,13,-3,146,-5,536,-3" />
</Scene>
<Scene>
<INIT seed="7,0,0,1,4,60" ten="316,10,141,533" oya="3" hai0="42,30,40,107,106,55,125,83,62,68,103,132,31" hai1="69,98,0,44,131,11,110,21,70,57,26,71,52" hai2="102,120,79,97,134,96,3,84,14,32,56,18,10" hai3="12,67,87,124,45,94,100,73,39,58,101,37,77"/><W17/><G17/><T43/><D125/><U95/><E110/><V53/><F134/><W35/><G12/><T59/><D132/><U6/><E131/><V63/><F120/><W89/><G94/><T82/><D68/><U51/><E71/><V23/><F32/><W112/><G89/><T108/><D108/><U80/><E80/><V117/><F117/><W61/><G87/><T49/><D49/><U126/><E126/><V8/><F3/><W72/><G77/><T130/><D130/><U90/><E44/><V76/><F97/><W19/><G45/><T15/><D15/><U27/><E27/><V109/><F109/><W128/><G100/><T119/><D119/><U104/><E104/><V28/><F84/><W5/><G101/><T34/><D103/><U41/><E41/><V33/><F33/><W48/><G35/><T9/><D9/><N who="2" m="3690" /><F28/><W116/><G48/><T74/><D74/><U91/><E91/><V75/><F75/><W114/><G73/><T85/><D85/><U115/><E115/><V81/><F81/><W46/><G72/><T123/><D123/><U66/><E66/><V105/><F79/><W24/><G114/><T129/><D129/><U22/><E22/><V16/><F23/><W7/><G112/><T127/><D127/><U38/><E38/><V50/><F76/><W121/><G124/><T122/><D34/><U113/><REACH who="1" step="1"/><E113/><REACH who="1" ten="316,0,141,533" step="2"/><V135/><F105/><W65/><G128/><T99/><D107/><U47/><E47/><V54/><F135/><W1/><G46/><T133/><D106/><U20/><E20/><N who="2" m="11287" /><F102/><W13/><G121/><RYUUKYOKU ba="0,1" sc="316,-10,0,30,141,-10,533,-10" hai1="0,6,11,21,26,51,52,57,69,70,90,95,98" owari="306,11.0,30,-47.0,131,-27.0,533,63.0" />
</Scene>
</mjloggm>