<mjloggm ver="2.3"><GO type="169" lobby="0"/><UN n0="%74%6A%2D%6D%69%63%72%6F" n1="%41%53%41%50%49%4E" n2="%E3%81%B9%E3%81%A3%E3%81%93%E3%83%BC%E2%99%AA" n3="%E6%9C%AC%E7%89%A9%E5%A5%B3%E5%AD%90%E9%AB%98%E7%94%9F" dan="16,19,17,17" rate="2185.59,2245.56,2151.41,2221.96" sx="M,M,F,F"/><TAIKYOKU oya="0"/>

<Scene>
<INIT seed="0,0,0,5,3,134" ten="250,250,250,250" oya="0" hai0="20,72,119,18,63,17,122,11,10,130,45,25,120" hai1="36,123,96,38,131,58,113,26,3,53,105,29,83" hai2="52,115,31,55,33,80,73,88,51,67,2,15,66" hai3="76,114,57,87,90,22,112,28,42,68,79,108,111"/><T121/><D119/><U75/><E123/><V7/><F2/><W64/><G68/><T32/><D72/><U103/><E3/><V89/><F115/><N who="3" m="44075" /><G57/><T109/><D130/><U93/><E113/><V81/><F33/><W19/><G42/><T24/><D45/><U62/><E131/><V98/><F31/><W92/><G64/><N who="2" m="24617" /><F73/><W116/><G28/><T127/><D63/><U60/><E60/><V9/><F55/><W135/><G116/><T12/><D109/><N who="3" m="42057" /><G135/><T34/><D127/><U106/><E38/><V133/><F133/><W126/><G126/><T59/><D59/><U48/><E36/><V35/><F35/><N who="0" m="13354" /><D25/><AGARI ba="0,0" hai="19,22,25,76,79,87,90,92" m="42057,44075" machi="25" ten="30,1000,0" yaku="14,1" doraHai="134" who="3" fromWho="0" sc="250,-10,250,0,250,0,250,10" />
</Scene>
<Scene>
<INIT seed="1,0,0,3,2,131" ten="240,250,250,260" oya="1" hai0="33,4,13,77,54,73,9,130,102,104,70,41,37" hai1="110,17,103,93,42,118,44,65,12,128,61,18,116" hai2="129,36,3,50,52,28,39,86,123,38,109,81,135" hai3="23,105,78,114,34,66,63,74,100,51,20,2,82"/><U10/><E128/><V22/><F129/><W122/><G122/><T29/><D70/><U43/><E110/><V16/><F109/><W99/><G114/><T31/><D130/><U6/><E116/><V27/><F123/><W24/><G2/><T71/><D71/><U69/><E118/><V112/><F112/><W90/><G51/><T111/><D111/><U68/><E68/><V60/><F3/><W48/><G48/><T94/><D104/><U57/><E69/><V124/><F60/><W15/><G15/><T35/><D35/><U5/><E18/><V115/><F115/><W1/><G1/><T96/><D33/><U91/><E103/><V127/><F28/><W133/><G34/><T40/><D77/><U32/><E32/><V84/><F135/><W106/><G106/><T0/><D73/><U75/><E75/><V126/><F81/><W56/><G133/><T30/><D37/><U67/><E67/><V87/><F87/><W80/><G24/><T14/><D0/><U25/><E25/><V108/><F108/><W119/><G119/><T19/><REACH who="0" step="1"/><D54/><REACH who="0" ten="230,250,250,260" step="2"/><U95/><E65/><V8/><REACH who="2" step="1"/><F8/><AGARI ba="0,1" hai="4,8,9,13,14,19,29,30,31,40,41,94,96,102" machi="8" ten="40,5200,0" yaku="1,1,2,1,8,1,53,0" doraHai="131" doraHaiUra="21" who="0" fromWho="2" sc="230,62,250,0,250,-52,260,0" />
</Scene>
<Scene>
<INIT seed="2,0,0,5,4,58" ten="292,250,198,260" oya="2" hai0="92,124,61,131,110,46,22,103,115,10,74,95,9" hai1="63,82,62,7,19,44,84,50,132,70,117,91,40" hai2="41,112,100,25,30,106,99,47,33,21,127,135,96" hai3="35,38,59,68,24,69,45,72,48,121,119,31,113"/><V36/><F127/><W15/><G119/><T49/><D74/><U43/><E117/><V114/><F21/><W18/><G121/><T66/><D115/><U39/><E132/><V109/><F135/><W67/><G113/><T77/><D77/><U42/><E70/><V32/><F109/><W81/><G72/><T130/><D110/><U104/><E104/><V102/><REACH who="2" step="1"/><F33/><REACH who="2" ten="292,250,188,260" step="2"/><W118/><G35/><T56/><D124/><U23/><E39/><V134/><F134/><W6/><G38/><T75/><D22/><U126/><E126/><V108/><F108/><W120/><G118/><T54/><D130/><U87/><E23/><V51/><F51/><W107/><G48/><T83/><D131/><U78/><E50/><V60/><F60/><W73/><G45/><T65/><D49/><U71/><E44/><V86/><F86/><W2/><G73/><T52/><D46/><U129/><E129/><V94/><AGARI ba="0,1" hai="25,30,32,36,41,47,94,96,99,100,102,106,112,114" machi="94" ten="20,12000,1" yaku="1,1,0,1,7,1,53,2" doraHai="58" doraHaiUra="93" who="2" fromWho="2" sc="292,-40,250,-40,188,130,260,-40" />
</Scene>
<Scene>
<INIT seed="2,1,0,3,4,35" ten="252,210,318,220" oya="2" hai0="69,109,64,129,3,125,103,42,48,87,47,58,104" hai1="71,76,6,23,68,65,66,63,130,108,127,93,90" hai2="72,40,112,46,82,91,37,11,53,39,56,54,14" hai3="28,38,20,79,7,70,95,60,16,10,132,13,99"/><V85/><F112/><W50/><G38/><T128/><D109/><U55/><E108/><V116/><F116/><W134/><G79/><T113/><D113/><U74/><E130/><V92/><F39/><W51/><G28/><T75/><D75/><U26/><E127/><V110/><F110/><W81/><G81/><T59/><D125/><U43/><E43/><V83/><F72/><W122/><G122/><T41/><D87/><U45/><E6/><V135/><F135/><N who="3" m="51755" /><G60/><T19/><D19/><U111/><E111/><V97/><F56/><W22/><G70/><T118/><D103/><U67/><E76/><V18/><REACH who="2" step="1"/><F82/><REACH who="2" ten="252,210,308,220" step="2"/><W32/><G32/><T89/><D59/><U61/><E74/><V107/><F107/><W131/><G131/><T49/><D58/><U77/><E71/><V57/><F57/><W123/><G123/><T73/><D104/><U25/><E68/><V36/><F36/><W27/><G22/><T120/><D118/><U9/><E23/><V117/><F117/><W98/><G98/><T8/><D69/><U17/><E65/><V115/><F115/><W121/><G121/><T15/><D120/><U78/><E66/><V1/><F1/><W44/><G44/><T101/><D3/><U52/><E67/><V100/><AGARI ba="1,1" hai="11,14,18,37,40,46,53,54,83,85,91,92,97,100" machi="100" ten="20,7800,0" yaku="1,1,0,1,7,1,53,1" doraHai="35" doraHaiUra="86" who="2" fromWho="2" sc="252,-27,210,-27,308,91,220,-27" />
</Scene>
<Scene>
<INIT seed="2,2,0,3,3,16" ten="225,183,399,193" oya="2" hai0="103,22,69,112,115,130,44,45,84,75,10,58,98" hai1="96,94,114,8,81,4,89,95,61,5,9,101,1" hai2="109,135,32,3,120,92,117,35,124,118,14,64,100" hai3="93,106,80,97,55,23,111,57,27,67,125,110,56"/><V11/><F120/><W29/><G125/><T121/><D69/><U68/><E114/><V37/><F37/><W24/><G106/><T54/><D75/><U33/><E33/><V105/><F124/><W0/><G0/><T104/><D121/><U108/><E108/><N who="3" m="41514" /><G80/><T99/><D130/><U51/><E81/><V43/><F105/><W116/><G116/><T122/><D122/><U70/><E51/><V90/><F3/><W20/><G55/><T46/><D10/><U34/><E34/><V39/><F35/><W129/><G67/><T134/><D134/><U71/><E61/><V18/><F32/><W60/><G60/><T77/><D98/><U47/><E47/><V38/><F64/><W48/><G48/><T119/><D119/><U132/><E132/><V128/><F135/><W19/><G129/><T82/><D58/><U72/><E72/><V25/><F128/><W76/><G76/><T15/><D54/><U102/><REACH who="1" step="1"/><E95/><REACH who="1" ten="225,173,399,193" step="2"/><V91/><F109/><W26/><G26/><T2/><D112/><U63/><E63/><V133/><F133/><W107/><G107/><T123/><D115/><U65/><E65/><V13/><F117/><W49/><G49/><T42/><D123/><U31/><E31/><V36/><F118/><W30/><G29/><T113/><D113/><U52/><E52/><V73/><F73/><W78/><G78/><T62/><D62/><U74/><E74/><V6/><F38/><W87/><G87/><T28/><D28/><U131/><E131/><V40/><F39/><W17/><G30/><T126/><D126/><U7/><E7/><RYUUKYOKU ba="2,1" sc="225,-15,173,15,399,-15,193,15" hai1="1,4,5,8,9,68,70,71,89,94,96,101,102" hai3="17,19,20,23,24,27,56,57,93,97" />
</Scene>
<Scene>
<INIT seed="3,3,1,2,2,4" ten="210,188,384,208" oya="3" hai0="128,33,32,120,35,118,10,100,84,88,107,97,41" hai1="83,129,5,46,14,95,36,45,117,112,76,44,124" hai2="103,50,7,34,53,87,21,6,131,70,60,113,40" hai3="11,65,125,25,135,37,26,39,67,31,52,55,133"/><W48/><G125/><T9/><D120/><U96/><E124/><V66/><F34/><W15/><G48/><T18/><D118/><U12/><E117/><V85/><F131/><W43/><G43/><T126/><D126/><U86/><E129/><V115/><F103/><W105/><G105/><T111/><D128/><U30/><E112/><V3/><F7/><W69/><G69/><T90/><D111/><U23/><E36/><V99/><F99/><W47/><G47/><T102/><D41/><U62/><E62/><V54/><F40/><W106/><G106/><T59/><D102/><N who="1" m="60703" /><E5/><V28/><F50/><W89/><G89/><T51/><D18/><U0/><E0/><V72/><F6/><W13/><REACH who="3" step="1"/><G31/><REACH who="3" ten="210,188,384,198" step="2"/><T68/><D68/><U127/><E127/><V132/><F70/><W57/><G57/><T77/><D90/><U42/><E42/><V19/><F28/><W56/><G56/><T27/><D77/><U16/><E30/><V91/><F91/><W92/><G92/><T75/><D59/><U130/><E130/><V121/><F113/><W38/><G38/><T81/><D51/><U73/><E45/><V134/><F115/><W71/><G71/><T79/><REACH who="0" step="1"/><D27/><REACH who="0" ten="200,188,384,198" step="2"/><U17/><E46/><V20/><F121/><W49/><G49/><T22/><D22/><N who="1" m="11527" /><E44/><V93/><F20/><W63/><G63/><T58/><D58/><U109/><E109/><V82/><F21/><W123/><G123/><T104/><D104/><U29/><E29/><V110/><F60/><W116/><G116/><T78/><D78/><U2/><E23/><V24/><F110/><RYUUKYOKU ba="3,3" sc="200,15,188,-15,384,-15,198,15" hai0="9,10,32,33,35,75,79,81,84,88,97,100,107" hai3="11,13,15,25,26,37,39,52,55,65,67,133,135" />
</Scene>
<Scene>
<INIT seed="3,4,3,1,3,127" ten="215,173,369,213" oya="3" hai0="63,91,82,23,124,111,50,15,26,129,25,88,34" hai1="22,73,120,11,89,14,69,45,7,64,3,105,49" hai2="48,5,52,108,55,10,128,86,24,125,134,121,31" hai3="62,29,2,30,118,106,9,107,110,85,90,76,18"/><W96/><G118/><T84/><D111/><U46/><E120/><V27/><F125/><W57/><G110/><T21/><D124/><U0/><E105/><V72/><F72/><W126/><G126/><T58/><D34/><U112/><E73/><V13/><F121/><W37/><G37/><T33/><D33/><U68/><E112/><V51/><F108/><W119/><G119/><T122/><D122/><U132/><E132/><V1/><F1/><W66/><G107/><T101/><D101/><U54/><E46/><V38/><F38/><W94/><G106/><T116/><D50/><U42/><E42/><V4/><F31/><N who="3" m="11787" /><G2/><T100/><D100/><U75/><E75/><V115/><F115/><W93/><G76/><T43/><D43/><U99/><E64/><V130/><F13/><N who="3" m="7471" /><G94/><T65/><D116/><U104/><E3/><V61/><F10/><W135/><G135/><T53/><D15/><U36/><E36/><V109/><F109/><W70/><G70/><T16/><D65/><U44/><E69/><V41/><F134/><W79/><G79/><T102/><D102/><N who="1" m="62559" /><E68/><V67/><F67/><W17/><G17/><T95/><D91/><U71/><E89/><V98/><F41/><W32/><G32/><T39/><D39/><U83/><E71/><V117/><F117/><W77/><G77/><T59/><D95/><U123/><E123/><V19/><F19/><W92/><G92/><T8/><D16/><N who="1" m="10519" /><E83/><V81/><F81/><W56/><G56/><T133/><D82/><U113/><E113/><V35/><F35/><W6/><G96/><T131/><D88/><RYUUKYOKU ba="4,3" sc="215,-15,173,15,369,-15,213,15" hai1="0,7,11,44,45,49,54" hai3="6,57,62,66,85,90,93" />
</Scene>
<Scene>
<INIT seed="3,5,3,5,3,91" ten="200,188,354,228" oya="3" hai0="43,79,54,58,93,5,11,98,76,24,48,60,80" hai1="20,92,103,0,3,38,84,7,37,97,17,34,123" hai2="53,74,109,61,96,21,114,75,25,39,90,2,32" hai3="9,31,19,105,110,18,101,8,133,131,113,52,27"/><W124/><G113/><T129/><D129/><U72/><E123/><V86/><F39/><W119/><G131/><T117/><D117/><U67/><E72/><V10/><F32/><W56/><G119/><T41/><D24/><U12/><E34/><V120/><F120/><W104/><G104/><T127/><D127/><U130/><E130/><V62/><F109/><W126/><G110/><T82/><D82/><U121/><E121/><V115/><F74/><W70/><G70/><T122/><D122/><U128/><E128/><V36/><F75/><W51/><G133/><T87/><D76/><U66/><E38/><V42/><F2/><W99/><G31/><T71/><D60/><U69/><E37/><V132/><F36/><W83/><G83/><T22/><D22/><U81/><E69/><V13/><F132/><W106/><G106/><T68/><D71/><U63/><E63/><V116/><F116/><W88/><G88/><N who="0" m="55591" /><D68/><U100/><E100/><V57/><F115/><W45/><G56/><T85/><D85/><U95/><E0/><V59/><F114/><W16/><G27/><T89/><D79/><U28/><E28/><N who="2" m="17455" /><F86/><W30/><REACH who="3" step="1"/><G30/><REACH who="3" ten="200,188,354,218" step="2"/><T4/><D80/><U50/><E81/><V1/><F90/><W65/><G65/><T135/><D135/><U94/><E67/><V134/><F134/><W23/><G23/><T125/><D125/><AGARI ba="5,4" hai="8,9,16,18,19,45,51,52,99,101,105,124,125,126" machi="125" ten="40,12000,1" yaku="1,1,18,1,54,2,53,0" doraHai="91" doraHaiUra="26" who="3" fromWho="0" sc="200,-135,188,0,354,0,218,175" />
</Scene>
<Scene>
<INIT seed="3,6,0,3,5,0" ten="65,188,354,393" oya="3" hai0="17,79,122,43,6,94,115,120,81,82,123,127,80" hai1="72,84,90,89,126,129,18,14,73,128,70,112,63" hai2="86,104,98,110,41,51,3,76,113,105,30,101,7" hai3="38,11,44,67,54,92,46,53,9,132,103,40,8"/><W130/><G130/><N who="1" m="50282" /><E112/><V34/><F113/><W78/><G132/><T52/><D115/><U60/><E126/><V87/><F110/><W50/><G67/><T5/><D127/><U61/><E70/><V32/><F104/><W121/><G121/><T131/><D43/><U33/><E33/><V97/><F97/><W29/><G29/><T74/><D131/><U4/><E4/><V100/><F100/><W75/><G75/><N who="1" m="28746" /><E84/><V85/><F32/><W55/><G78/><T13/><D94/><U83/><E83/><V2/><F7/><W36/><G92/><T1/><D1/><U106/><E106/><V119/><F2/><W24/><G103/><T116/><D116/><U39/><E39/><V31/><F3/><W124/><G124/><T26/><D26/><U88/><E18/><V35/><F35/><W12/><G38/><T49/><D79/><U69/><E69/><V66/><F34/><W99/><G24/><T102/><D102/><U108/><E14/><V42/><F119/><W45/><G12/><T118/><D74/><U15/><E15/><V62/><F76/><W64/><G36/><T114/><D118/><U22/><E22/><V37/><F37/><W58/><G99/><T133/><D114/><U16/><E16/><V71/><F30/><W134/><G8/><T27/><D133/><U111/><AGARI ba="6,0" hai="60,61,63,88,89,90,108,111" m="28746,50282" machi="111" ten="50,8000,1" yaku="28,2,19,1,54,1" doraHai="0" who="1" fromWho="1" sc="65,-26,188,98,354,-26,393,-46" />
</Scene>
<Scene>
<INIT seed="4,0,0,4,4,110" ten="39,286,328,347" oya="0" hai0="82,57,19,117,12,54,68,30,31,125,129,55,116" hai1="106,89,13,40,104,41,47,87,108,9,71,114,98" hai2="70,37,11,62,17,16,45,113,100,127,49,130,15" hai3="75,131,103,35,25,133,3,96,24,135,119,121,85"/><T28/><D68/><U64/><E108/><V44/><F130/><W2/><G75/><T58/><D129/><U101/><E106/><V107/><F127/><W4/><G131/><T42/><D42/><U8/><E41/><V46/><F37/><W72/><G72/><T21/><D125/><U51/><E114/><V81/><F81/><W91/><G119/><T112/><D112/><U83/><E9/><V60/><F113/><W93/><G121/><T5/><D82/><U33/><E33/><V39/><F39/><W10/><G2/><T120/><D120/><U66/><REACH who="1" step="1"/><E71/><REACH who="1" ten="39,276,328,347" step="2"/><V77/><F70/><W29/><REACH who="3" step="1"/><G25/><REACH who="3" ten="39,276,328,337" step="2"/><T95/><D116/><U115/><E115/><V67/><F67/><W61/><G61/><T126/><D117/><U50/><E50/><V63/><F49/><W22/><G22/><T86/><D126/><U20/><E20/><V69/><F69/><W32/><G32/><T36/><D36/><U94/><E94/><AGARI ba="0,2" hai="3,4,10,24,29,35,85,91,93,94,96,103,133,135" machi="94" ten="40,2600,0" yaku="1,1,53,1" doraHai="110" doraHaiUra="6" who="3" fromWho="1" sc="39,0,276,-26,328,0,337,46" />
</Scene>
<Scene>
<INIT seed="5,0,0,2,5,66" ten="39,250,328,383" oya="1" hai0="54,125,132,32,92,76,104,112,45,26,67,41,115" hai1="116,111,81,100,58,25,68,57,91,64,95,6,128" hai2="29,42,118,122,124,134,33,131,53,56,86,22,38" hai3="83,0,61,105,52,9,82,94,110,78,101,84,113"/><U109/><E116/><V12/><F118/><W119/><G119/><T39/><D104/><U34/><E128/><V130/><F122/><W89/><G110/><N who="1" m="41994" /><E100/><V40/><F38/><W127/><G127/><T20/><D32/><U14/><E81/><V17/><F124/><W79/><G113/><T11/><D125/><U24/><E14/><V46/><F134/><W37/><G37/><T90/><D76/><U44/><E6/><V120/><F120/><W80/><G9/><T107/><D107/><U103/><E103/><V85/><F130/><W59/><G0/><T98/><D132/><U97/><E44/><V96/><F131/><W106/><G106/><T99/><D11/><U1/><E1/><V63/><F46/><W50/><G105/><T8/><D8/><U23/><E34/><V2/><F2/><W93/><G61/><T7/><D7/><U19/><E25/><V70/><F33/><W30/><G30/><T129/><D129/><U87/><E97/><AGARI ba="0,0" hai="50,52,59,78,79,80,82,83,84,89,93,94,97,101" machi="97" ten="40,2600,0" yaku="8,1,54,1" doraHai="66" who="3" fromWho="1" sc="39,0,250,-26,328,0,383,26" />
</Scene>
<Scene>
<INIT seed="6,0,0,0,2,113" ten="39,224,328,409" oya="2" hai0="40,1,54,36,85,33,132,63,115,121,123,88,23" hai1="104,126,70,102,13,55,8,45,125,75,91,118,110" hai2="42,4,108,49,32,131,18,109,62,12,14,128,29" hai3="82,37,58,134,59,27,130,99,64,3,21,48,105"/><V78/><F78/><W74/><G37/><T16/><D33/><U73/><E70/><V101/><F101/><W72/><G3/><T34/><D34/><U96/><E110/><N who="2" m="42603" /><F62/><W51/><G105/><T122/><D1/><U65/><E65/><V39/><F39/><W92/><G74/><T71/><D115/><U60/><E91/><V11/><F49/><W77/><G134/><T44/><D132/><U5/><E118/><V116/><F42/><W93/><G130/><N who="2" m="49705" /><F116/><W10/><G10/><T53/><D63/><U50/><E60/><V90/><F90/><W103/><G92/><T22/><D22/><U114/><E114/><V25/><F14/><W66/><G58/><T30/><D30/><U57/><E57/><V107/><F107/><W46/><G59/><T67/><D67/><U43/><E43/><V98/><F98/><W87/><G72/><T100/><D100/><U84/><E84/><V127/><F127/><AGARI ba="0,0" hai="5,8,13,45,50,55,73,75,96,102,104,125,126,127" machi="127" ten="40,1300,0" yaku="18,1" doraHai="113" who="1" fromWho="2" sc="39,0,224,13,328,-13,409,0" />
</Scene>
<Scene>
<INIT seed="7,0,0,1,2,33" ten="39,237,315,409" oya="3" hai0="127,101,37,98,17,22,71,48,47,40,16,26,93" hai1="66,121,124,60,55,58,132,24,112,129,64,89,107" hai2="9,92,81,50,115,118,15,2,111,56,54,122,134" hai3="76,21,72,44,4,13,8,116,79,6,61,63,1"/><W90/><G116/><T46/><D71/><U31/><E121/><V117/><F122/><W3/><G3/><T45/><D127/><U49/><E107/><V5/><F111/><W128/><G128/><T99/><D37/><U51/><E124/><V52/><F134/><W42/><G90/><T94/><REACH who="0" step="1"/><D17/><REACH who="0" ten="29,237,315,409" step="2"/><U113/><E129/><V29/><F29/><W57/><G6/><T0/><D0/><U85/><E132/><V32/><F32/><W10/><G1/><T7/><D7/><U65/><E31/><V83/><F115/><W36/><G4/><T97/><D97/><U34/><E112/><V88/><F117/><W43/><G36/><T62/><D62/><U75/><E34/><V131/><F118/><W59/><G63/><T109/><D109/><U95/><E113/><V38/><F38/><W73/><G61/><T135/><D135/><U105/><E64/><V104/><F104/><W25/><G72/><T74/><D74/><U100/><E75/><V53/><F131/><W120/><G73/><T30/><D30/><U18/><E65/><V130/><F130/><W35/><G35/><T125/><D125/><U96/><E66/><V68/><F68/><W123/><G123/><T77/><D77/><U19/><E19/><V70/><F2/><W86/><G76/><T20/><D20/><U28/><E18/><V67/><F70/><W126/><G79/><T39/><D39/><U119/><E119/><V69/><F69/><W91/><G126/><T82/><D82/><N who="2" m="31242" /><F67/><W27/><G120/><T114/><D114/><U133/><E133/><V11/><F5/><RYUUKYOKU ba="0,1" sc="29,15,237,15,315,-15,409,-15" hai0="16,22,26,40,45,46,47,48,93,94,98,99,101" hai1="24,28,49,51,55,58,60,85,89,95,96,100,105" owari="44,-46.0,252,-15.0,300,10.0,404,51.0" />
</Scene>
</mjloggm>