<mjloggm ver="2.3"><GO type="169" lobby="0"/><UN n0="%E3%81%8A%E3%81%8B%E3%82%82%E3%81%A8" n1="%52%65%6C%6D" n2="%E3%81%99%E3%81%9F%E3%81%A1%E3%81%AA%2E" n3="%41%53%41%50%49%4E" dan="16,16,17,19" rate="2072.71,2185.05,2105.73,2260.58" sx="M,F,M,M"/><TAIKYOKU oya="0"/>

<Scene>
<INIT seed="0,0,0,2,2,56" ten="250,250,250,250" oya="0" hai0="112,96,88,47,130,122,11,115,48,62,58,43,97" hai1="18,36,9,41,38,52,70,33,118,49,14,1,132" hai2="106,37,104,129,79,16,113,110,125,23,101,105,102" hai3="123,128,109,100,71,7,120,95,68,75,51,91,20"/><T61/><D122/><U27/><E118/><V66/><F113/><W60/><G75/><T83/><D115/><U76/><E132/><V116/><F37/><W124/><G109/><T40/><D112/><U81/><E70/><V82/><F110/><W65/><G128/><T21/><D130/><U34/><E1/><V59/><F129/><W28/><G124/><T99/><D43/><U84/><E41/><V93/><F125/><W119/><G119/><T12/><D21/><U78/><E78/><V134/><F134/><W74/><G74/><T42/><D42/><U25/><E25/><V2/><F2/><W55/><G100/><T30/><D30/><U13/><E13/><V114/><F114/><W46/><G7/><N who="0" m="3199" /><D58/><U26/><E26/><V19/><F116/><W5/><G5/><T64/><D64/><U131/><E131/><V22/><F93/><W108/><G108/><T35/><D35/><U117/><E117/><V80/><F66/><W24/><REACH who="3" step="1"/><G71/><REACH who="3" ten="250,250,250,240" step="2"/><T103/><D103/><U4/><E4/><V92/><F101/><W3/><G3/><T29/><D29/><U133/><E133/><V63/><F102/><W111/><G111/><T77/><D77/><U15/><E34/><V45/><F105/><W31/><G31/><T8/><D8/><U39/><E33/><V72/><F104/><W69/><G69/><T50/><D50/><U32/><E32/><V98/><F106/><W54/><G54/><T94/><D83/><U127/><E127/><V73/><F82/><W90/><G90/><T107/><D107/><U10/><E9/><V86/><F80/><RYUUKYOKU ba="0,1" sc="250,15,250,-15,250,-15,240,15" hai0="40,47,48,61,62,88,94,96,97,99" hai3="20,24,28,46,51,55,60,65,68,91,95,120,123" />
</Scene>
<Scene>
<INIT seed="0,1,1,0,5,22" ten="265,235,235,255" oya="0" hai0="80,61,99,69,16,114,125,25,3,24,38,13,12" hai1="15,87,60,105,9,71,102,52,56,64,134,104,94" hai2="62,47,53,51,45,119,17,74,78,57,34,19,115" hai3="35,111,122,29,28,10,117,0,93,32,98,59,65"/><T84/><D114/><U120/><E120/><V108/><F115/><W36/><G117/><T2/><D38/><U107/><E134/><V26/><F108/><W73/><G36/><T96/><D3/><U67/><E67/><V11/><F119/><W131/><G73/><T90/><D2/><U41/><E41/><V95/><F11/><W8/><G111/><T14/><D125/><U4/><E87/><V7/><F7/><W43/><G43/><T133/><D133/><U130/><E130/><V68/><F68/><W89/><G131/><T100/><D69/><U85/><E85/><V49/><F95/><W76/><G76/><T44/><D61/><U6/><E6/><V128/><F128/><W21/><G122/><T124/><D124/><U112/><E112/><V46/><F74/><W27/><G0/><T127/><D127/><U31/><E31/><V113/><F78/><W116/><G116/><T126/><D126/><U79/><E79/><V110/><F110/><W18/><G29/><T82/><D44/><U50/><REACH who="1" step="1"/><E94/><REACH who="1" ten="265,225,235,255" step="2"/><V72/><F72/><W23/><G65/><T48/><D82/><U132/><E132/><V92/><F113/><W20/><G28/><T55/><D16/><N who="2" m="6218" /><F92/><W40/><G93/><N who="0" m="58479" /><D96/><AGARI ba="1,2" hai="4,9,15,50,52,56,60,64,71,96,102,104,105,107" machi="96" ten="40,8000,1" yaku="1,1,54,1,53,3" doraHai="22" doraHaiUra="103" who="1" fromWho="0" sc="265,-83,225,103,235,0,255,0" />
</Scene>
<Scene>
<INIT seed="1,0,0,2,1,57" ten="182,328,235,255" oya="1" hai0="42,46,101,7,70,107,19,98,97,86,124,27,22" hai1="45,60,23,134,50,119,41,94,91,92,48,72,29" hai2="103,76,71,123,117,56,44,120,14,68,32,82,108" hai3="93,81,74,113,53,104,110,51,55,43,59,25,78"/><U64/><E119/><V21/><F117/><W96/><G113/><T33/><D70/><U38/><E72/><V127/><F32/><W0/><G110/><T90/><D124/><U62/><E134/><V61/><F127/><W105/><G0/><T85/><D33/><U66/><E29/><V39/><F108/><W13/><G43/><T6/><D97/><U132/><E132/><V20/><F103/><W84/><G74/><T121/><D121/><U109/><E109/><V133/><F133/><W28/><G55/><T52/><D86/><U34/><E34/><V79/><F44/><W16/><G25/><T11/><D11/><U31/><E31/><V118/><F118/><W5/><G28/><T58/><D46/><U125/><E125/><V89/><F89/><W100/><REACH who="3" step="1"/><G5/><REACH who="3" ten="182,328,235,245" step="2"/><T1/><D42/><U35/><E35/><V65/><F39/><W80/><G80/><T131/><D1/><U122/><E41/><V36/><F36/><W99/><G99/><T26/><D131/><U2/><E2/><V83/><F83/><W129/><G129/><T10/><D27/><U17/><E38/><V69/><F82/><W18/><G18/><T77/><D7/><U112/><E112/><V114/><F114/><W102/><G102/><T8/><D6/><U37/><E37/><V67/><F120/><W128/><G128/><T40/><D40/><U135/><E135/><V3/><F3/><W73/><G73/><T15/><D26/><U115/><E115/><V30/><F123/><W75/><G75/><T63/><D77/><U54/><E122/><V87/><F79/><RYUUKYOKU ba="0,1" sc="182,15,328,-15,235,-15,245,15" hai0="8,10,15,19,22,52,58,63,85,90,98,101,107" hai3="13,16,51,53,59,78,81,84,93,96,100,104,105" />
</Scene>
<Scene>
<INIT seed="2,1,1,1,1,6" ten="197,313,220,260" oya="2" hai0="86,100,31,99,118,34,62,95,91,8,129,93,73" hai1="85,114,50,0,75,80,127,81,19,123,115,28,83" hai2="68,20,35,130,113,98,135,82,133,3,128,88,16" hai3="102,111,21,87,78,14,119,69,26,29,64,59,122"/><V72/><F113/><W63/><G119/><T57/><D73/><U38/><E38/><V33/><F3/><W18/><G111/><T120/><D120/><U30/><E0/><V49/><F68/><W79/><G122/><T101/><D118/><U41/><E123/><V13/><F72/><W48/><G87/><T67/><D129/><N who="2" m="49770" /><F49/><W60/><G48/><T126/><D126/><U56/><E127/><V65/><F65/><W112/><G112/><T2/><D34/><N who="2" m="12810" /><F82/><W117/><G117/><T11/><D31/><U51/><E75/><V36/><F36/><W61/><G102/><N who="0" m="39531" /><D2/><U54/><E83/><V25/><F25/><W134/><G134/><N who="2" m="51209" /><F98/><W58/><G69/><T27/><D27/><U131/><E81/><V46/><F46/><W55/><REACH who="3" step="1"/><G61/><REACH who="3" ten="197,313,220,250" step="2"/><T103/><AGARI ba="1,2" hai="8,11,57,62,67,86,91,93,95,99,103" m="39531" machi="103" ten="30,4000,0" yaku="8,1,52,2" doraHai="6" who="0" fromWho="0" sc="197,63,313,-11,220,-21,250,-11" />
</Scene>
<Scene>
<INIT seed="3,0,0,3,1,114" ten="260,302,199,239" oya="3" hai0="74,54,58,82,131,99,116,12,43,120,80,11,30" hai1="125,100,77,108,98,94,33,60,4,93,21,87,5" hai2="119,26,79,64,9,133,45,73,104,62,109,117,42" hai3="101,102,69,2,118,25,92,37,36,123,130,1,110"/><W27/><G123/><T56/><D120/><U81/><E33/><V35/><F104/><W17/><G69/><T59/><D131/><U76/><E125/><V15/><F109/><W91/><G130/><T40/><D74/><U66/><E108/><V16/><F133/><W44/><G110/><T113/><D113/><U103/><E76/><V41/><F73/><W0/><G118/><T46/><D116/><U86/><E21/><V51/><F79/><W19/><G44/><T97/><D30/><U7/><E87/><V126/><F126/><W132/><G132/><T20/><D20/><U78/><E78/><V8/><F8/><W49/><G49/><N who="0" m="28983" /><D97/><U89/><E94/><V31/><REACH who="2" step="1"/><F42/><REACH who="2" ten="260,302,189,239" step="2"/><W124/><G124/><T84/><D43/><U55/><E77/><V63/><F63/><W112/><G112/><T70/><D40/><U83/><E60/><V127/><F127/><W61/><G61/><T96/><D11/><U65/><E66/><V106/><F106/><W128/><G128/><T135/><D135/><U71/><E65/><V13/><F13/><W95/><G1/><T38/><D12/><U50/><E71/><AGARI ba="0,1" hai="9,15,16,26,31,35,41,45,51,62,64,71,117,119" machi="71" ten="30,8000,1" yaku="1,1,7,1,52,2,54,1,53,0" doraHai="114" doraHaiUra="121" who="2" fromWho="1" sc="260,0,302,-80,189,90,239,0" />
</Scene>
<Scene>
<INIT seed="4,0,0,5,2,58" ten="260,222,279,239" oya="0" hai0="25,12,121,0,96,24,128,66,120,102,55,107,79" hai1="18,35,132,68,57,48,118,98,110,7,127,78,122" hai2="87,16,126,22,71,63,105,54,8,83,65,117,125" hai3="90,70,10,14,27,93,44,17,95,45,80,86,26"/><T100/><D0/><U88/><E122/><V97/><F8/><W39/><G70/><T67/><D79/><U77/><E118/><V53/><F117/><W47/><G39/><T112/><D128/><U1/><E68/><V109/><F109/><W56/><G56/><T4/><D112/><U99/><E110/><V82/><F105/><W51/><G51/><T50/><D4/><U31/><E132/><V81/><F97/><W41/><G41/><T114/><D114/><U15/><E99/><V76/><F87/><W13/><G13/><T85/><D85/><U59/><E127/><N who="2" m="48651" /><F76/><W113/><G113/><T9/><D9/><U135/><E135/><V33/><F33/><W60/><G60/><T131/><D131/><U106/><E106/><V23/><F23/><W74/><G74/><T2/><D96/><U103/><E103/><V116/><F116/><W28/><REACH who="3" step="1"/><G27/><AGARI ba="0,0" hai="16,22,27,53,54,63,65,71,81,82,83" m="48651" machi="27" ten="30,3900,0" yaku="18,1,52,1,54,1" doraHai="58" who="2" fromWho="3" sc="260,0,222,0,279,39,239,-39" />
</Scene>
<Scene>
<INIT seed="5,0,0,5,4,51" ten="260,222,318,200" oya="1" hai0="85,8,99,103,69,90,110,67,100,7,109,135,24" hai1="22,129,63,104,1,117,119,97,62,55,120,47,32" hai2="88,113,57,21,68,27,106,52,102,19,4,60,46" hai3="79,13,34,86,9,124,122,91,26,78,105,41,61"/><U101/><E120/><V92/><F113/><W133/><G122/><T128/><D103/><U49/><E32/><V66/><F4/><W73/><G105/><T89/><D89/><U56/><E63/><V37/><F102/><W40/><G73/><T130/><D135/><U48/><E48/><V118/><F106/><W16/><G133/><T5/><D24/><U25/><E1/><V108/><F108/><W132/><G132/><T28/><D28/><U112/><E129/><N who="0" m="49769" /><D67/><U36/><E36/><V126/><F126/><W115/><G124/><T98/><D69/><U74/><E74/><V134/><F134/><W84/><G115/><T95/><D99/><U83/><E83/><V121/><F121/><W18/><G34/><T64/><D64/><U14/><E14/><V6/><F118/><W59/><G79/><T31/><D31/><U125/><E125/><V30/><F30/><W81/><G18/><T114/><D7/><U39/><E39/><V77/><F6/><W17/><G17/><T29/><D29/><U82/><E82/><V80/><F80/><N who="3" m="47127" /><G26/><T96/><D114/><U111/><E112/><V53/><F77/><W123/><G123/><T11/><D11/><U20/><E111/><N who="0" m="42505" /><D100/><U12/><E25/><V43/><F68/><W75/><G75/><T2/><AGARI ba="0,0" hai="2,5,8,85,90,95,96,98" m="42505,49769" machi="2" ten="30,1100,0" yaku="19,1" doraHai="51" who="0" fromWho="0" sc="260,11,222,-5,318,-3,200,-3" />
</Scene>
<Scene>
<INIT seed="6,0,0,1,5,101" ten="271,217,315,197" oya="2" hai0="0,127,42,116,56,86,17,7,133,111,47,82,100" hai1="35,110,84,81,15,37,66,63,6,102,39,13,92" hai2="3,57,125,26,34,22,76,113,14,91,78,117,109" hai3="44,19,103,25,71,88,87,98,112,65,50,43,59"/><V95/><F117/><W62/><G112/><T52/><D111/><U121/><E121/><V60/><F3/><W120/><G120/><T108/><D108/><U45/><E35/><V90/><F109/><W33/><G19/><T20/><D116/><U89/><E110/><V93/><F34/><W129/><G129/><T51/><D127/><U64/><E64/><N who="2" m="38927" /><F14/><W28/><G59/><T135/><D100/><U68/><E15/><V122/><F125/><W27/><G27/><T1/><D7/><U72/><E45/><V21/><F122/><W75/><G75/><T124/><D124/><U29/><E29/><N who="2" m="17615" /><F22/><W119/><G119/><T30/><D30/><U8/><E72/><V46/><F46/><W41/><G50/><T53/><D53/><U32/><E32/><V115/><F115/><W5/><G5/><T85/><D1/><U107/><REACH who="1" step="1"/><E81/><REACH who="1" ten="271,207,315,197" step="2"/><V31/><F113/><W105/><G44/><T106/><D0/><U126/><E126/><V48/><F31/><W23/><G23/><T134/><D82/><AGARI ba="0,1" hai="25,28,33,41,43,62,65,71,82,87,88,98,103,105" machi="82" ten="30,8000,1" yaku="7,1,25,2,52,1,54,1" doraHai="101" who="3" fromWho="0" sc="271,-80,207,0,315,0,197,90" />
</Scene>
<Scene>
<INIT seed="7,0,0,2,2,104" ten="191,207,315,287" oya="3" hai0="61,114,109,119,25,17,102,87,21,112,130,18,43" hai1="105,127,81,95,57,36,7,24,13,50,44,118,125" hai2="82,124,122,123,129,60,51,70,103,99,52,59,48" hai3="16,126,133,106,121,89,9,31,26,77,15,19,20"/><W132/><G121/><N who="2" m="46089" /><F129/><W47/><G106/><T72/><D119/><U4/><E105/><N who="2" m="63743" /><F124/><N who="1" m="47689" /><E36/><V55/><F70/><W45/><G126/><T86/><D130/><U1/><E1/><V42/><F42/><W79/><G89/><T12/><D109/><U10/><E118/><V115/><F115/><N who="0" m="44074" /><D72/><U98/><E81/><V90/><F55/><W84/><G31/><T80/><D102/><N who="1" m="60767" /><E57/><V66/><F66/><W49/><G84/><AGARI ba="0,0" hai="48,51,52,59,60,82,84,90" m="63743,46089" machi="84" ten="30,2000,0" yaku="13,1,54,1" doraHai="104" who="2" fromWho="3" sc="191,0,207,0,315,20,287,-20" owari="191,-31.0,207,-19.0,335,43.0,267,7.0" />
</Scene>
</mjloggm>