<mjloggm ver="2.3"><GO type="169" lobby="0"/><UN n0="%41%53%41%50%49%4E" n1="%E6%82%A0%E9%9B%85" n2="%E3%81%A8%E3%81%AA%E3%81%BF" n3="%E3%81%8B%E3%82%89%E3%81%8F%E3%82%8A%E5%B1%8B%E6%95%B7" dan="19,17,16,16" rate="2258.26,2137.71,2058.71,2076.50" sx="M,M,M,M"/><TAIKYOKU oya="0"/>

<Scene>
<INIT seed="0,0,0,1,5,40" ten="250,250,250,250" oya="0" hai0="24,56,20,65,118,55,90,78,44,110,123,36,51" hai1="100,19,42,131,21,117,88,26,57,64,0,101,68" hai2="72,94,128,89,4,114,116,104,6,86,22,91,119" hai3="69,39,25,74,63,23,5,28,53,121,43,3,11"/><T60/><D118/><U2/><E117/><N who="2" m="45131" /><F104/><W107/><G107/><T9/><D123/><U129/><E68/><V70/><F72/><W92/><G74/><T75/><D110/><U120/><E120/><V34/><F70/><W93/><G121/><T82/><D36/><U80/><E2/><V32/><F114/><W111/><G111/><T125/><D125/><U35/><E0/><V1/><F128/><W115/><G115/><T84/><D9/><U133/><E35/><N who="2" m="13355" /><F1/><W50/><G43/><T98/><D98/><U54/><E42/><V135/><F135/><W134/><G39/><T87/><REACH who="0" step="1"/><D90/><REACH who="0" ten="240,250,250,250" step="2"/><U10/><E131/><V33/><F91/><W38/><G38/><T58/><D58/><U66/><E129/><V48/><F89/><W95/><G134/><T130/><D130/><U85/><E133/><V79/><F6/><W97/><G97/><T47/><D47/><U61/><E10/><V102/><F4/><W12/><G69/><T132/><D132/><U77/><E88/><V59/><F59/><W112/><G112/><T41/><D41/><U96/><E101/><V52/><F102/><W7/><G7/><T18/><AGARI ba="0,1" hai="18,20,24,44,51,55,56,60,65,75,78,82,84,87" machi="18" ten="20,12000,1" yaku="1,1,0,1,7,1,52,1,53,1" doraHai="40" doraHaiUra="106" who="0" fromWho="0" sc="240,130,250,-40,250,-40,250,-40" />
</Scene>
<Scene>
<INIT seed="0,1,0,2,1,7" ten="370,210,210,210" oya="0" hai0="15,35,114,59,97,1,53,92,41,127,131,101,45" hai1="44,49,69,98,37,18,60,94,12,34,23,107,67" hai2="62,96,132,119,55,24,129,14,64,36,42,82,9" hai3="20,43,109,83,111,130,58,46,102,103,63,116,99"/><T40/><D114/><U22/><E34/><V72/><F132/><W57/><G116/><T50/><D1/><U61/><E61/><V115/><F115/><W81/><G130/><T84/><D35/><U126/><E126/><V73/><F129/><W47/><G20/><T78/><D131/><U19/><E107/><V76/><F119/><W8/><G63/><T124/><D41/><U105/><E105/><V100/><F73/><W112/><G43/><T54/><D54/><U68/><E37/><V87/><F72/><W10/><REACH who="3" step="1"/><G99/><REACH who="3" ten="370,210,210,200" step="2"/><T39/><D124/><U38/><E60/><V79/><F96/><W16/><G16/><T13/><D127/><U25/><E67/><V133/><F62/><W125/><G125/><T128/><D128/><U88/><E38/><V21/><F42/><AGARI ba="1,1" hai="12,18,19,22,23,25,42,44,49,68,69,88,94,98" machi="42" ten="30,2000,0" yaku="7,1,54,1" doraHai="7" who="1" fromWho="2" sc="370,0,210,33,210,-23,200,0" />
</Scene>
<Scene>
<INIT seed="1,0,0,4,0,114" ten="370,243,187,200" oya="1" hai0="2,113,62,127,121,41,105,47,110,48,24,3,77" hai1="106,45,70,85,69,76,5,31,64,101,52,58,43" hai2="50,42,57,86,112,92,23,26,88,29,28,98,87" hai3="103,19,125,80,44,81,39,84,89,82,11,66,120"/><U129/><E129/><V12/><F112/><W122/><G120/><T124/><D113/><U131/><E131/><V22/><F29/><W7/><G125/><N who="0" m="48203" /><D121/><U0/><E31/><V117/><F23/><W78/><G103/><T56/><D105/><U54/><E54/><V21/><F21/><W115/><G115/><T128/><D128/><U13/><E0/><V15/><F15/><W37/><G122/><T16/><D110/><U119/><E101/><V1/><F1/><W51/><G66/><N who="0" m="39239" /><D77/><U118/><E106/><V20/><F20/><AGARI ba="0,0" hai="2,3,16,20,24,41,47,48" m="39239,48203" machi="20" ten="30,2000,0" yaku="18,1,54,1" doraHai="114" who="0" fromWho="2" sc="370,20,243,0,187,-20,200,0" />
</Scene>
<Scene>
<INIT seed="2,0,0,3,5,57" ten="390,243,167,200" oya="2" hai0="76,30,81,47,58,32,73,80,89,104,125,112,64" hai1="98,90,46,59,126,97,20,111,7,43,120,8,87" hai2="16,3,35,37,65,26,119,31,79,84,11,131,53" hai3="83,40,88,22,67,55,66,41,54,28,44,101,108"/><V63/><F37/><W96/><G108/><T12/><D112/><U114/><E111/><V45/><F119/><W109/><G109/><T110/><D110/><U86/><E114/><V39/><F131/><W115/><G115/><T15/><D104/><U91/><E126/><V72/><F84/><W107/><G41/><T36/><D125/><U122/><E20/><V118/><F118/><W127/><G127/><T70/><D70/><U129/><E129/><V6/><F53/><W69/><G55/><T92/><D81/><U71/><E71/><V51/><F51/><W105/><G105/><T34/><D36/><U77/><E77/><V82/><F16/><W135/><G54/><T1/><D1/><U106/><E106/><V23/><F23/><W14/><G135/><T116/><D47/><U49/><E87/><V133/><F65/><W38/><G67/><T21/><D116/><U52/><E86/><V48/><F48/><W94/><G66/><T93/><D21/><U4/><E4/><V2/><F2/><W100/><G38/><T10/><D64/><U99/><E46/><V95/><F95/><W61/><G44/><T68/><D93/><U132/><E132/><V29/><F29/><W85/><G69/><T113/><D30/><U102/><E43/><N who="2" m="22783" /><F133/><W50/><G40/><T74/><D68/><U56/><E56/><V0/><F0/><W13/><G28/><T134/><D134/><U5/><E59/><V62/><AGARI ba="0,0" hai="3,6,11,26,31,35,62,63,72,79,82" m="22783" machi="62" ten="30,6000,0" yaku="25,1,52,2" doraHai="57" who="2" fromWho="2" sc="390,-20,243,-20,167,60,200,-20" />
</Scene>
<Scene>
<INIT seed="2,1,0,4,0,61" ten="370,223,227,180" oya="2" hai0="45,26,83,106,7,20,14,120,135,126,32,80,59" hai1="87,66,1,75,19,78,71,69,46,129,51,105,43" hai2="113,13,49,116,93,37,122,72,56,128,57,44,67" hai3="76,58,24,134,94,60,121,108,29,33,55,102,63"/><V2/><F72/><W42/><G134/><T86/><D120/><U92/><E105/><V27/><F2/><W118/><G121/><T10/><D106/><U68/><E1/><V62/><F37/><W85/><G118/><T11/><D32/><U112/><E112/><V28/><F116/><W132/><G108/><T74/><D126/><U3/><E3/><V88/><F113/><W117/><G42/><T133/><D10/><U38/><E129/><V23/><F128/><W90/><G117/><T0/><D0/><U115/><E115/><V130/><F130/><W123/><G123/><T99/><D99/><U17/><E75/><V114/><F114/><W48/><G102/><T119/><D119/><U103/><E103/><V6/><F122/><W12/><G132/><T64/><D45/><U111/><E111/><V35/><F57/><W73/><G73/><T16/><D80/><U40/><E78/><V22/><F13/><W65/><G76/><T52/><D64/><U18/><E66/><V97/><REACH who="2" step="1"/><F6/><REACH who="2" ten="370,223,217,180" step="2"/><W53/><G12/><T4/><D74/><U21/><E71/><V77/><F77/><W47/><REACH who="3" step="1"/><G63/><REACH who="3" ten="370,223,217,170" step="2"/><N who="0" m="36327" /><D135/><U101/><E38/><V131/><F131/><W104/><G104/><T34/><D133/><U127/><E127/><V70/><F70/><W41/><AGARI ba="1,2" hai="24,29,33,41,47,48,53,55,58,60,65,85,90,94" machi="41" ten="20,5200,0" yaku="1,1,0,1,7,1,52,1,53,0" doraHai="61" doraHaiUra="8" who="3" fromWho="3" sc="370,-14,223,-14,217,-27,170,75" />
</Scene>
<Scene>
<INIT seed="3,0,0,5,5,49" ten="356,209,190,245" oya="3" hai0="61,57,81,82,133,77,115,80,94,66,124,105,34" hai1="102,9,1,109,36,122,28,101,0,117,114,104,6" hai2="30,127,95,43,46,76,21,59,38,120,58,128,27" hai3="42,2,97,113,70,3,74,64,52,7,86,5,99"/><W89/><G74/><T84/><D105/><U16/><E122/><V130/><F120/><W78/><G78/><T123/><D123/><U39/><E114/><V65/><F127/><W75/><G113/><T121/><D121/><U11/><E28/><V45/><F76/><W25/><G75/><T24/><D124/><U22/><E109/><V100/><F46/><W33/><G42/><T106/><D106/><U20/><E104/><V15/><F15/><W134/><G64/><T51/><D133/><U87/><E87/><V31/><F31/><W4/><G70/><T13/><D34/><U67/><E67/><V68/><F68/><W23/><G134/><T53/><D24/><U111/><E111/><V60/><REACH who="2" step="1"/><F59/><REACH who="2" ten="356,209,180,245" step="2"/><W55/><G3/><T96/><D13/><U26/><E1/><V135/><F135/><W40/><G2/><T32/><D115/><U48/><E0/><V8/><F8/><W44/><G33/><T19/><D32/><U110/><E9/><V83/><F83/><N who="3" m="49375" /><G44/><N who="0" m="27879" /><D19/><U125/><E16/><V91/><F91/><AGARI ba="0,1" hai="57,61,66,77,80,81,82,84,91,94,96" m="27879" machi="91" ten="30,2000,0" yaku="8,1,52,1" doraHai="49" who="0" fromWho="2" sc="356,30,209,0,180,-20,245,0" />
</Scene>
<Scene>
<INIT seed="4,0,0,2,3,17" ten="386,209,160,245" oya="0" hai0="91,28,79,70,69,73,1,115,11,133,50,94,0" hai1="20,45,93,113,101,132,104,29,8,5,39,66,118" hai2="9,107,123,22,81,126,49,83,51,52,19,90,44" hai3="64,23,58,56,116,130,53,117,72,77,38,82,14"/><T102/><D115/><U10/><E118/><V48/><F107/><W4/><G38/><T134/><D102/><U89/><E104/><V97/><F123/><W95/><G130/><T129/><D129/><U120/><E120/><V119/><F119/><W108/><G108/><T7/><D1/><U37/><E101/><V131/><F131/><W13/><G64/><T78/><D28/><U100/><E100/><V43/><F126/><W122/><G122/><T76/><D50/><U61/><E113/><V75/><F75/><W63/><G58/><T47/><D47/><U30/><E45/><V88/><F9/><W112/><G112/><T21/><D21/><U41/><E8/><V27/><F49/><W12/><G4/><T125/><D73/><U80/><E80/><N who="2" m="30795" /><F97/><W62/><G62/><T32/><D32/><U16/><E37/><V92/><F92/><W135/><G95/><T34/><D34/><U2/><E39/><V36/><F36/><W86/><G72/><T54/><D54/><U111/><E111/><V87/><F87/><W71/><G117/><T67/><D67/><U42/><E42/><V68/><F68/><W3/><G71/><T31/><D125/><U109/><E41/><V25/><F27/><W26/><G3/><T46/><D69/><U18/><E109/><V59/><AGARI ba="0,0" hai="19,22,25,43,44,48,51,52,59,88,90" m="30795" machi="59" ten="30,7900,0" yaku="8,1,52,1,54,2" doraHai="17" who="2" fromWho="2" sc="386,-39,209,-20,160,79,245,-20" />
</Scene>
<Scene>
<INIT seed="5,0,0,0,0,50" ten="347,189,239,225" oya="1" hai0="129,98,54,23,115,72,35,9,34,89,6,28,96" hai1="26,110,16,36,63,49,107,19,116,76,67,91,80" hai2="51,4,120,127,20,71,114,134,43,121,79,78,0" hai3="41,32,103,61,48,47,11,128,126,135,104,113,92"/><U105/><E36/><V37/><F71/><W39/><G32/><T95/><D72/><U22/><E116/><V131/><F37/><W90/><G104/><T3/><D115/><U12/><E110/><V106/><F106/><W70/><G113/><T99/><D129/><U10/><E91/><V21/><F114/><W31/><G103/><T5/><D5/><U102/><E49/><V88/><F131/><W15/><G31/><T27/><REACH who="0" step="1"/><D54/><REACH who="0" ten="337,189,239,225" step="2"/><U33/><E102/><V44/><F4/><W97/><G128/><T29/><D29/><U18/><E18/><V118/><F118/><W85/><G126/><T123/><D123/><U124/><E124/><V17/><F121/><W108/><G108/><T65/><D65/><U13/><E26/><V117/><F17/><W109/><G109/><T45/><D45/><U59/><E33/><AGARI ba="0,1" hai="3,6,9,23,27,28,33,34,35,89,95,96,98,99" machi="33" ten="40,1300,0" yaku="1,1,53,0" doraHai="50" doraHaiUra="111" who="0" fromWho="1" sc="337,23,189,-13,239,0,225,0" />
</Scene>
<Scene>
<INIT seed="6,0,0,5,2,35" ten="360,176,239,225" oya="2" hai0="24,51,14,110,95,61,120,64,19,48,123,6,103" hai1="62,8,132,7,71,15,58,79,45,31,52,4,135" hai2="116,81,112,63,126,99,133,104,42,109,80,111,75" hai3="0,87,26,122,54,131,55,68,41,102,129,93,97"/><V37/><F75/><W17/><G68/><T18/><D110/><U66/><E31/><V11/><F116/><W91/><G122/><T67/><D6/><U38/><E79/><V20/><F126/><W90/><G41/><T65/><D61/><U86/><E86/><V28/><F133/><W43/><G43/><T60/><D60/><U115/><E115/><V1/><F112/><W78/><G78/><T130/><D130/><N who="3" m="49673" /><G90/><T53/><D53/><U85/><E85/><V88/><F42/><W89/><G89/><T29/><D67/><U47/><E4/><N who="2" m="1423" /><F37/><W3/><G55/><T84/><D65/><U73/><E73/><V2/><F63/><W46/><G26/><T125/><D24/><U96/><E96/><V13/><F104/><N who="3" m="63567" /><G17/><T12/><D19/><U113/><E113/><V114/><F114/><W30/><G30/><T16/><D29/><U117/><E117/><V119/><F119/><W49/><AGARI ba="0,0" hai="0,3,46,49,54,87,91,93" m="63567,49673" machi="49" ten="30,4000,0" yaku="19,1,52,2" doraHai="35" who="3" fromWho="3" sc="360,-10,176,-10,239,-20,225,40" />
</Scene>
<Scene>
<INIT seed="7,0,0,1,3,113" ten="350,166,219,265" oya="3" hai0="108,125,61,41,57,42,96,74,112,121,54,70,3" hai1="68,53,12,21,39,0,24,80,69,114,30,135,101" hai2="10,116,89,97,44,94,120,27,48,15,8,93,88" hai3="63,52,118,130,83,14,34,72,51,79,50,33,98"/><W117/><G130/><T85/><D108/><U84/><E0/><V71/><F71/><W38/><G38/><T36/><D74/><U119/><E114/><V104/><F104/><W5/><G63/><T4/><D121/><U76/><E39/><V1/><F120/><W110/><G110/><T28/><D112/><U59/><E135/><V62/><F62/><W82/><G50/><T90/><D125/><U67/><E67/><V86/><F1/><W29/><G98/><T26/><D36/><U77/><E77/><V11/><F27/><W47/><G29/><T103/><D70/><U45/><E45/><V60/><F60/><W43/><G83/><T107/><D4/><U25/><E101/><V91/><F91/><W32/><REACH who="3" step="1"/><G43/><REACH who="3" ten="350,166,219,255" step="2"/><T22/><D3/><U124/><E124/><V6/><REACH who="2" step="1"/><F116/><REACH who="2" ten="350,166,209,255" step="2"/><W78/><G78/><T106/><D106/><U9/><E119/><V105/><F105/><W13/><G13/><T102/><D102/><U31/><E68/><V75/><F75/><W81/><G81/><AGARI ba="0,2" hai="22,26,28,41,42,54,57,61,81,85,90,96,103,107" machi="81" ten="30,1000,0" yaku="7,1" doraHai="113" who="0" fromWho="3" sc="350,30,166,0,209,0,255,-10" owari="380,47.0,166,-33.0,209,-19.0,245,5.0" />
</Scene>
</mjloggm>