<mjloggm ver="2.3"><GO type="169" lobby="0"/><UN n0="%41%53%41%50%49%4E" n1="%E3%82%A4%E3%82%BA%E3%83%9F%E3%83%B3" n2="%E3%83%99%E3%82%BF%E3%82%AA%E3%83%AA%E3%82%B9%E3%82%AF" n3="%E3%83%99%E3%82%BF%E3%82%AA%E3%83%AA%E3%83%BC%E3%83%81%EF%BC%81" dan="19,17,16,16" rate="2263.49,2118.40,2069.09,2094.41" sx="M,M,M,M"/><TAIKYOKU oya="0"/>

<Scene>
<INIT seed="0,0,0,3,1,60" ten="250,250,250,250" oya="0" hai0="11,95,83,76,100,29,86,56,107,30,131,61,18" hai1="3,31,123,19,35,127,126,115,58,103,8,33,125" hai2="81,92,67,70,10,116,13,50,27,84,24,44,96" hai3="17,105,89,63,15,48,129,121,41,22,133,109,38"/><T40/><D131/><U135/><E103/><V101/><F116/><W132/><G109/><T2/><D107/><U57/><E123/><V9/><F70/><W79/><G129/><T51/><D40/><U65/><E115/><V36/><F36/><W87/><G105/><T72/><D51/><U12/><E3/><V130/><F130/><W46/><G79/><T91/><D100/><U111/><E111/><V119/><F119/><W16/><G63/><T32/><D32/><U52/><E31/><V59/><F59/><W93/><G121/><T73/><D73/><U118/><E135/><N who="3" m="51786" /><G17/><T4/><REACH who="0" step="1"/><D18/><REACH who="0" ten="240,250,250,250" step="2"/><U54/><E118/><V75/><F75/><W78/><G78/><T42/><D42/><U69/><E35/><V110/><F101/><W114/><G114/><T68/><D68/><U102/><E33/><V77/><F77/><W39/><AGARI ba="0,1" hai="15,16,22,38,39,41,46,48,87,89,93" m="51786" machi="39" ten="30,2000,0" yaku="20,1,54,1" doraHai="60" who="3" fromWho="3" sc="240,-10,250,-5,250,-5,250,30" />
</Scene>
<Scene>
<INIT seed="1,0,0,1,3,1" ten="230,245,245,280" oya="1" hai0="26,90,93,7,118,45,36,95,84,58,14,78,62" hai1="80,120,47,132,23,12,81,16,68,39,100,54,103" hai2="28,86,18,98,17,22,128,121,34,55,5,85,57" hai3="83,19,27,8,46,116,60,105,72,104,107,29,69"/><U52/><E68/><V106/><F121/><W67/><G116/><T133/><D118/><U112/><E120/><V13/><F128/><W109/><G109/><T11/><D133/><U130/><E112/><V25/><F5/><W131/><G131/><T21/><D78/><U9/><E130/><V74/><F74/><W15/><G46/><T114/><D114/><U41/><E132/><V24/><F106/><W51/><G51/><T87/><D36/><U31/><E100/><V43/><F98/><W4/><G83/><T2/><D45/><U135/><E103/><V30/><F43/><W94/><G94/><T99/><D2/><U122/><E135/><V127/><F127/><W126/><G72/><T92/><D92/><U0/><E122/><V20/><REACH who="2" step="1"/><F30/><REACH who="2" ten="230,245,235,280" step="2"/><W117/><G126/><T40/><D40/><U75/><E31/><V38/><F38/><W79/><G117/><T50/><D99/><U82/><E75/><V33/><F33/><W3/><G107/><T66/><D87/><U119/><REACH who="1" step="1"/><E119/><REACH who="1" ten="230,235,235,280" step="2"/><V49/><AGARI ba="0,2" hai="13,17,18,20,22,24,25,28,34,49,55,57,85,86" machi="49" ten="20,2700,0" yaku="1,1,0,1,7,1,53,0" doraHai="1" doraHaiUra="64" who="2" fromWho="2" sc="230,-7,235,-13,235,47,280,-7" />
</Scene>
<Scene>
<INIT seed="2,0,0,4,0,104" ten="223,222,282,273" oya="2" hai0="26,22,51,86,71,107,2,35,128,93,121,45,95" hai1="115,125,17,89,85,130,117,23,73,47,120,11,3" hai2="8,90,74,43,42,33,108,64,131,52,28,55,4" hai3="18,40,78,133,99,15,97,129,92,83,65,111,37"/><V122/><F122/><W50/><G111/><T9/><D121/><U32/><E120/><V57/><F131/><W135/><G129/><T46/><D107/><U59/><E117/><V29/><F108/><W61/><G37/><T75/><D128/><U39/><E32/><V21/><F33/><W70/><G50/><T124/><D71/><U44/><E130/><V41/><F74/><N who="3" m="43479" /><G40/><T25/><D124/><U49/><E125/><V100/><F100/><W38/><G92/><T126/><D75/><U123/><E73/><V101/><F101/><W103/><G103/><T82/><D46/><U7/><E39/><V96/><F64/><W84/><G84/><T48/><D48/><U13/><E123/><V132/><F132/><N who="3" m="50763" /><G38/><T88/><D126/><U68/><E68/><V112/><F112/><W53/><G53/><N who="2" m="20553" /><F57/><W66/><G66/><T102/><D102/><U31/><E115/><V6/><F8/><AGARI ba="0,0" hai="8,15,18,61,65,70,97,99" m="50763,43479" machi="8" ten="30,2000,0" yaku="20,1,52,1" doraHai="104" who="3" fromWho="2" sc="223,0,222,0,282,-20,273,20" />
</Scene>
<Scene>
<INIT seed="3,0,0,0,0,81" ten="223,222,262,293" oya="3" hai0="108,95,56,70,122,53,78,99,117,29,46,71,28" hai1="88,9,79,121,130,36,5,43,25,30,2,6,45" hai2="112,60,54,74,19,1,132,76,12,16,55,35,21" hai3="86,113,14,61,44,131,49,126,92,124,11,93,41"/><W7/><G113/><T13/><D117/><U101/><E101/><V128/><F112/><W97/><G131/><T111/><D122/><U15/><E130/><V133/><F35/><W105/><G61/><T32/><D46/><U4/><E121/><V24/><F1/><W47/><G105/><T84/><D13/><U98/><E79/><V31/><F128/><W85/><G47/><T20/><D32/><U39/><E39/><V26/><F26/><W57/><G57/><T115/><D115/><U119/><E2/><V114/><F114/><W125/><REACH who="3" step="1"/><G93/><REACH who="3" ten="223,222,262,283" step="2"/><T127/><D95/><U63/><E63/><V83/><F60/><W109/><G109/><T116/><D56/><U59/><E59/><V102/><F133/><W40/><G40/><T23/><D111/><U120/><E120/><V75/><F132/><W87/><G87/><T103/><D84/><U77/><E45/><V64/><F75/><W8/><G8/><T67/><D108/><U18/><E43/><V10/><F10/><W89/><AGARI ba="0,1" hai="7,11,14,41,44,49,85,86,89,92,97,124,125,126" machi="89" ten="30,12000,1" yaku="1,1,0,1,18,1,52,2,53,0" doraHai="81" doraHaiUra="129" who="3" fromWho="3" sc="223,-40,222,-40,262,-40,283,130" />
</Scene>
<Scene>
<INIT seed="3,1,0,0,1,52" ten="183,182,222,413" oya="3" hai0="29,129,124,65,53,18,73,46,37,39,60,5,104" hai1="96,122,12,123,114,72,132,36,28,79,83,66,51" hai2="101,108,115,9,61,27,59,71,117,84,128,42,74" hai3="112,50,24,88,94,70,68,32,75,121,134,31,0"/><W89/><G121/><T85/><D73/><U49/><E36/><V22/><F74/><W133/><G0/><T20/><D104/><U23/><E114/><V21/><F115/><W118/><G118/><T110/><D110/><U99/><E66/><V119/><F71/><W125/><G75/><T44/><D29/><U107/><E132/><N who="3" m="50794" /><G125/><T90/><D129/><U1/><E1/><V10/><F108/><W106/><G106/><T120/><D120/><U40/><E107/><V13/><F128/><W109/><G109/><T64/><D5/><U97/><E40/><V4/><F42/><W127/><G127/><T30/><D30/><U131/><E131/><V26/><F101/><W116/><G116/><T16/><D18/><U47/><E49/><V62/><F4/><W35/><G35/><T69/><D64/><U113/><E28/><V130/><F130/><W25/><G25/><T105/><D105/><U19/><E113/><V103/><F103/><W6/><G6/><T41/><D124/><U82/><E72/><V78/><F13/><W34/><G34/><T7/><D7/><U8/><E122/><V3/><F3/><W111/><G111/><T93/><D39/><U126/><E123/><V2/><F2/><W56/><G112/><T92/><D92/><U102/><E126/><V54/><F119/><W87/><G89/><T11/><D90/><U86/><E79/><V81/><F117/><W80/><G94/><T95/><D95/><U100/><E100/><V38/><F27/><W45/><G45/><T43/><D93/><U76/><E47/><V135/><F135/><RYUUKYOKU ba="1,0" sc="183,-10,182,-10,222,-10,413,30" hai3="24,31,32,50,56,68,70,80,87,88" />
</Scene>
<Scene>
<INIT seed="3,2,0,3,3,18" ten="173,172,212,443" oya="3" hai0="101,46,90,43,0,95,111,52,23,97,33,49,68" hai1="128,38,44,98,32,86,78,118,100,4,39,30,25" hai2="37,117,65,62,110,104,64,105,126,121,89,93,9" hai3="74,80,20,102,36,2,133,27,61,134,35,114,130"/><W48/><G36/><T59/><D111/><U113/><E113/><V127/><F117/><W73/><G2/><T81/><D0/><U87/><E118/><V96/><F37/><W76/><G114/><T14/><D68/><U122/><E39/><V24/><F110/><W8/><G35/><T22/><D33/><U124/><E122/><V53/><F121/><W72/><G8/><T19/><D81/><U115/><E115/><V56/><F9/><W3/><G3/><T125/><D125/><N who="2" m="47626" /><F24/><W60/><G48/><N who="0" m="26719" /><D101/><U47/><E4/><V28/><F28/><N who="3" m="17511" /><G102/><T10/><AGARI ba="2,0" hai="10,14,19,22,23,49,52,59,90,95,97" m="26719" machi="10" ten="30,7900,0" yaku="8,1,52,2,54,1" doraHai="18" who="0" fromWho="0" sc="173,85,172,-22,212,-22,443,-41" />
</Scene>
<Scene>
<INIT seed="4,0,0,0,5,9" ten="258,150,190,402" oya="0" hai0="64,112,32,121,119,17,13,117,16,105,41,78,29" hai1="134,95,131,122,45,63,88,37,40,123,81,6,75" hai2="76,54,18,57,27,135,107,56,80,74,33,42,108" hai3="15,55,133,59,83,46,77,8,116,110,94,3,30"/><T104/><D121/><U73/><E131/><V85/><F108/><W130/><G110/><T89/><D112/><U92/><E92/><V97/><F135/><W67/><G116/><T4/><D78/><U126/><E134/><V61/><F42/><W23/><G130/><T21/><D4/><U79/><E75/><V93/><F57/><W127/><G127/><T36/><D64/><U60/><E126/><V39/><F39/><W72/><G133/><T102/><D89/><U31/><E31/><V118/><F118/><W82/><G83/><T129/><D129/><U44/><E44/><V52/><F54/><W11/><G3/><T111/><D111/><U14/><E63/><V10/><F33/><W0/><G0/><T120/><D120/><U96/><REACH who="1" step="1"/><E60/><REACH who="1" ten="258,140,190,402" step="2"/><V71/><F107/><W69/><G46/><N who="0" m="23847" /><D29/><U48/><E48/><V1/><F74/><W26/><G30/><T62/><D62/><U7/><E7/><V113/><F61/><W25/><G72/><T20/><D105/><U125/><E125/><V99/><F93/><W115/><G94/><T19/><D117/><U98/><E98/><V66/><F99/><W68/><G67/><T5/><D119/><U49/><E49/><V47/><F66/><W91/><G69/><T2/><D104/><U38/><E38/><V101/><F71/><W109/><G68/><T24/><D5/><U12/><E12/><V86/><F1/><W35/><G15/><T100/><D2/><U90/><E90/><V22/><F97/><W132/><G91/><T65/><D65/><U58/><E58/><V51/><F56/><RYUUKYOKU ba="0,1" sc="258,-10,140,30,190,-10,402,-10" hai1="6,14,37,40,45,73,79,81,88,95,96,122,123" />
</Scene>
<Scene>
<INIT seed="5,1,1,0,3,126" ten="248,170,180,392" oya="1" hai0="1,92,102,2,123,59,32,84,46,127,48,90,34" hai1="3,71,98,10,63,105,119,41,88,56,118,62,67" hai2="6,9,68,75,36,55,103,65,27,128,51,39,23" hai3="31,0,125,76,35,45,21,42,57,122,26,86,107"/><U109/><E109/><V47/><F75/><W60/><G122/><T99/><D127/><U108/><E108/><V33/><F33/><W101/><G0/><T61/><D123/><U83/><E41/><V91/><F103/><W73/><G73/><T74/><D74/><U87/><E105/><V40/><F128/><W53/><G125/><T77/><D77/><U22/><E98/><V66/><F91/><W120/><G120/><T58/><D1/><U111/><E111/><V8/><F68/><W29/><G107/><T133/><D2/><U78/><E78/><V4/><F39/><W116/><G101/><T104/><D133/><U25/><E10/><N who="2" m="4203" /><F36/><W64/><G116/><T24/><D24/><U28/><REACH who="1" step="1"/><E3/><REACH who="1" ten="248,160,180,392" step="2"/><V80/><F40/><W94/><G42/><T134/><D99/><U115/><E115/><V70/><F6/><W13/><G76/><T100/><D104/><U37/><E37/><V114/><F4/><W12/><G86/><T81/><D84/><U129/><E129/><V38/><F38/><W19/><G13/><T49/><D134/><U131/><E131/><V7/><F7/><W82/><G12/><T15/><D15/><U54/><AGARI ba="1,2" hai="22,25,28,54,56,62,63,67,71,83,87,88,118,119" machi="54" ten="20,7800,0" yaku="1,1,0,1,7,1,54,1,53,0" doraHai="126" doraHaiUra="95" who="1" fromWho="1" sc="248,-27,160,101,180,-27,392,-27" />
</Scene>
<Scene>
<INIT seed="5,2,0,2,0,8" ten="221,261,153,365" oya="1" hai0="55,24,117,42,119,121,52,5,67,47,118,14,66" hai1="18,133,2,84,36,112,60,129,107,7,93,128,122" hai2="95,4,53,33,77,1,26,73,101,59,23,120,31" hai3="135,65,29,28,64,94,124,19,131,83,62,0,114"/><U74/><E36/><V50/><F120/><W86/><G0/><T91/><D91/><U104/><E60/><V68/><F68/><W78/><G114/><T96/><D96/><U132/><E18/><V57/><F73/><W71/><G94/><T22/><D121/><U88/><E74/><V72/><F72/><W127/><G131/><N who="1" m="50250" /><E112/><V32/><F77/><W54/><G135/><N who="1" m="51786" /><E122/><V30/><F1/><W41/><G65/><T115/><D115/><U63/><E63/><V103/><F4/><W21/><G54/><T37/><D67/><U75/><E75/><V89/><F57/><W20/><G41/><T58/><D66/><U43/><E43/><V3/><F3/><W81/><G19/><T76/><D58/><U49/><E49/><V116/><F116/><W35/><G62/><T102/><D55/><U79/><E79/><V126/><F32/><W27/><G64/><T56/><D76/><U44/><E44/><V51/><F33/><W85/><G71/><T34/><D34/><U38/><E38/><V39/><F39/><W10/><G35/><T134/><D134/><U105/><E2/><V87/><F51/><W100/><G78/><T109/><D118/><U46/><E46/><V45/><F45/><W17/><G17/><N who="0" m="12367" /><D119/><U98/><E7/><V40/><F40/><W108/><G28/><T92/><D117/><U80/><E80/><V125/><REACH who="2" step="1"/><F30/><REACH who="2" ten="221,261,143,365" step="2"/><W130/><G29/><T123/><D5/><U113/><E113/><V61/><F61/><W15/><G130/><T97/><D123/><U25/><E25/><V11/><F11/><W6/><G27/><RYUUKYOKU ba="2,1" sc="221,-15,261,15,143,15,365,-15" hai1="84,88,93,98,104,105,107" hai2="23,26,31,50,53,59,87,89,95,101,103,125,126" />
</Scene>
<Scene>
<INIT seed="5,3,1,0,2,42" ten="206,276,158,350" oya="1" hai0="95,117,116,0,122,8,12,15,37,44,13,64,134" hai1="99,47,21,59,52,105,3,78,84,56,100,102,29" hai2="30,79,63,10,110,118,39,19,88,50,23,119,32" hai3="82,111,124,48,54,69,90,9,14,126,121,80,57"/><U85/><E3/><V55/><F39/><W60/><G111/><T35/><D35/><U53/><E102/><V58/><F110/><W129/><G121/><T104/><D104/><U113/><E113/><V31/><F79/><W131/><G69/><T18/><D122/><U2/><E2/><V83/><F10/><W40/><G40/><T17/><D134/><U25/><E78/><V70/><F32/><W101/><G101/><T11/><D0/><U112/><E112/><V135/><F135/><W81/><G60/><T127/><D15/><U132/><E132/><V96/><F118/><W108/><G90/><T34/><D34/><U71/><E71/><V103/><F119/><W43/><G43/><T115/><D115/><U4/><E4/><V62/><F70/><W73/><G73/><T65/><D95/><U74/><E74/><V20/><F103/><W87/><G87/><T98/><D98/><U89/><E89/><V77/><F77/><W6/><G108/><T94/><D94/><U22/><E22/><N who="2" m="8235" /><F19/><W91/><G91/><T133/><D133/><U61/><REACH who="1" step="1"/><E47/><REACH who="1" ten="206,266,158,350" step="2"/><V120/><F120/><W128/><AGARI ba="3,2" hai="6,9,14,48,54,57,80,81,82,124,126,128,129,131" machi="128" ten="40,2700,0" yaku="0,1,19,1" doraHai="42" who="3" fromWho="3" sc="206,-10,266,-16,158,-10,350,56" />
</Scene>
<Scene>
<INIT seed="6,0,0,2,4,25" ten="196,250,148,406" oya="2" hai0="51,129,0,49,18,74,47,83,28,128,103,80,90" hai1="1,30,112,50,4,78,9,135,106,99,77,8,13" hai2="43,122,89,111,76,27,130,53,85,94,24,70,73" hai3="92,6,46,93,36,42,11,56,63,118,55,133,117"/><V64/><F122/><W96/><G133/><T39/><D0/><U34/><E135/><V104/><F104/><W131/><G131/><N who="0" m="50251" /><D103/><U125/><E125/><V10/><F130/><W20/><G20/><T22/><D28/><U87/><E112/><V121/><F121/><W86/><G86/><N who="0" m="50503" /><D39/><U127/><E127/><V71/><F43/><W119/><REACH who="3" step="1"/><G96/><REACH who="3" ten="196,250,148,396" step="2"/><T33/><D22/><U52/><E87/><V98/><F85/><W68/><G68/><T123/><D123/><U79/><E99/><V65/><F98/><W107/><G107/><T2/><D33/><U35/><E106/><V114/><F73/><W23/><G23/><T31/><D74/><U115/><E115/><V54/><F114/><W62/><G62/><T124/><D124/><U60/><E60/><V59/><F71/><W69/><G69/><T17/><D83/><U26/><E35/><V7/><F70/><W44/><G44/><T108/><D47/><U16/><E79/><V12/><F111/><W101/><G101/><T82/><D82/><U97/><E97/><V88/><F76/><W14/><AGARI ba="0,1" hai="6,11,14,36,42,46,55,56,63,92,93,117,118,119" machi="14" ten="30,2000,0" yaku="1,1,0,1,53,0" doraHai="25" doraHaiUra="19" who="3" fromWho="3" sc="196,-5,250,-5,148,-10,396,30" />
</Scene>
<Scene>
<INIT seed="7,0,0,2,4,28" ten="191,245,138,426" oya="3" hai0="59,76,135,105,9,87,86,80,50,93,73,120,68" hai1="69,118,130,57,89,63,114,65,55,125,67,17,92" hai2="45,18,26,5,64,106,56,20,46,49,24,77,102" hai3="44,132,134,112,103,2,33,11,12,90,36,133,38"/><W111/><G112/><T47/><D120/><U121/><E114/><V126/><F126/><W99/><G111/><T25/><D68/><U107/><E107/><V29/><F5/><N who="3" m="1463" /><G33/><T71/><D135/><U84/><E121/><V62/><F77/><W94/><G12/><T23/><D71/><U19/><E125/><V95/><F106/><N who="3" m="63871" /><G44/><T101/><D105/><U116/><E130/><V31/><F49/><W104/><G104/><T27/><D59/><U124/><E124/><V61/><F61/><W85/><AGARI ba="0,0" hai="36,38,85,90,94,132,133,134" m="63871,1463" machi="85" ten="30,1500,0" yaku="20,1" doraHai="28" who="3" fromWho="3" sc="191,-5,245,-5,138,-5,426,15" owari="186,-21.0,240,4.0,133,-37.0,441,54.0" />
</Scene>
</mjloggm>