<mjloggm ver="2.3"><GO type="169" lobby="0"/><UN n0="%E3%81%BE%E3%81%AA%E3%81%84%E3%81%9F%E3%82%88%E3%81%86%E3%81%98%E3%82%87" n1="%E3%83%99%E3%82%BF%E3%82%AA%E3%83%AA%E3%83%BC%E3%83%81%EF%BC%81" n2="%41%53%41%50%49%4E" n3="%73%61%63%68%69%6F" dan="17,16,19,16" rate="2154.14,2026.51,2237.50,2062.64" sx="M,M,M,M"/><TAIKYOKU oya="0"/>

<Scene>
<INIT seed="0,0,0,3,5,112" ten="250,250,250,250" oya="0" hai0="80,110,76,10,105,1,36,41,103,91,64,65,77" hai1="81,79,104,107,26,3,58,35,8,61,96,25,125" hai2="108,84,53,57,109,120,28,123,32,48,124,37,31" hai3="2,135,16,113,29,39,82,87,6,88,15,122,83"/><T67/><D105/><U85/><E125/><V22/><F37/><W20/><G20/><T121/><D103/><U90/><E35/><V128/><F32/><W18/><G18/><T131/><D121/><U93/><E107/><V114/><F114/><W78/><G113/><T19/><D131/><U23/><E23/><V56/><F124/><W54/><G122/><T42/><D36/><U94/><E3/><V89/><F128/><W46/><G135/><T17/><D1/><U13/><E104/><V134/><F134/><W68/><G29/><N who="2" m="11337" /><F57/><W98/><G68/><T117/><D110/><N who="2" m="42602" /><F22/><W38/><G2/><T27/><D27/><U66/><REACH who="1" step="1"/><E94/><AGARI ba="0,0" hai="48,53,56,84,89,94,120,123" m="42602,11337" machi="94" ten="30,1000,0" yaku="14,1" doraHai="112" who="2" fromWho="1" sc="250,0,250,-10,250,10,250,0" />
</Scene>
<Scene>
<INIT seed="1,0,0,3,2,101" ten="250,240,260,250" oya="1" hai0="83,86,106,90,47,5,44,32,63,95,118,60,97" hai1="6,114,54,122,91,125,23,120,16,127,2,10,93" hai2="84,9,35,134,124,34,132,62,67,7,102,80,21" hai3="82,117,111,88,51,59,24,27,128,110,135,74,39"/><U8/><E54/><V29/><F124/><N who="1" m="47689" /><E114/><V40/><F40/><W94/><G39/><T105/><D32/><U69/><E69/><V65/><F21/><W18/><G128/><T1/><D5/><N who="1" m="1079" /><E91/><V64/><F62/><W103/><G59/><T98/><D1/><N who="1" m="335" /><E93/><V71/><F71/><W26/><G135/><T25/><D25/><AGARI ba="0,0" hai="16,23,25,120,122" m="335,1079,47689" machi="25" ten="30,11600,0" yaku="18,1,34,2,54,1" doraHai="101" who="1" fromWho="0" sc="250,-116,240,116,260,0,250,0" />
</Scene>
<Scene>
<INIT seed="1,1,0,4,1,34" ten="134,356,260,250" oya="1" hai0="126,75,32,12,125,86,109,49,77,115,82,69,63" hai1="41,133,102,89,101,108,114,17,55,106,66,128,37" hai2="21,64,51,87,23,62,3,91,105,46,134,6,72" hai3="44,70,60,38,11,118,40,130,122,98,112,31,48"/><U39/><E114/><V5/><F105/><W100/><G112/><T36/><D115/><U127/><E66/><V50/><F72/><W54/><G122/><T110/><D36/><U113/><E113/><V22/><F134/><W15/><G130/><T71/><D32/><U7/><E7/><V131/><F131/><W92/><G31/><T13/><D86/><U121/><E121/><V107/><F107/><W8/><G118/><T20/><D49/><U53/><E128/><V120/><F120/><W26/><G26/><T93/><D93/><U129/><E129/><V61/><F51/><W67/><REACH who="3" step="1"/><G15/><REACH who="3" ten="134,356,260,240" step="2"/><T124/><D13/><U43/><E133/><V88/><F3/><W135/><G135/><T45/><D12/><U35/><E35/><V104/><F6/><W25/><G25/><T99/><D125/><U103/><E127/><V90/><F5/><W57/><AGARI ba="1,1" hai="8,11,38,40,44,48,54,57,60,67,70,92,98,100" machi="57" ten="20,12000,2" yaku="1,1,0,1,7,1,24,2,53,1" doraHai="34" doraHaiUra="65" who="3" fromWho="3" sc="134,-31,356,-61,260,-31,240,133" />
</Scene>
<Scene>
<INIT seed="2,0,0,4,0,23" ten="103,295,229,373" oya="2" hai0="39,9,97,126,128,31,65,13,48,110,119,46,76" hai1="69,91,28,79,50,103,5,87,72,85,35,24,66" hai2="133,109,70,93,7,130,123,45,74,38,40,107,10" hai3="132,122,52,56,59,3,60,96,131,78,54,88,120"/><V2/><RYUUKYOKU type="yao9" ba="0,0" sc="103,0,295,0,229,0,373,0" hai2="2,7,10,38,40,45,70,74,93,107,109,123,130,133" />
</Scene>
<Scene>
<INIT seed="2,1,0,1,5,24" ten="103,295,229,373" oya="2" hai0="7,88,54,71,87,66,0,127,64,40,102,75,2" hai1="99,121,108,5,63,100,130,132,124,29,97,18,39" hai2="61,106,1,56,107,65,20,37,95,78,133,109,82" hai3="113,86,115,120,17,48,10,15,118,69,23,96,110"/><V57/><F37/><W34/><G69/><T4/><D75/><U122/><E39/><V68/><F1/><W67/><G67/><T103/><D40/><U27/><E63/><V45/><F133/><W90/><G118/><T112/><D87/><U125/><E132/><V135/><F135/><W30/><G120/><N who="1" m="46186" /><E5/><V50/><F95/><W77/><G96/><T126/><D112/><N who="3" m="43081" /><G77/><T89/><REACH who="0" step="1"/><D71/><REACH who="0" ten="93,295,229,373" step="2"/><U81/><E99/><V52/><F109/><W51/><G110/><T105/><D105/><U59/><E108/><V14/><F107/><W117/><G117/><T49/><D49/><U76/><E97/><V28/><F106/><W114/><G114/><T42/><D42/><U84/><E125/><V13/><F68/><W36/><G36/><T119/><D119/><U104/><E104/><V85/><F57/><W53/><G51/><T70/><D70/><U11/><E124/><V19/><REACH who="2" step="1"/><F28/><REACH who="2" ten="93,295,219,373" step="2"/><W83/><G30/><T33/><D33/><U25/><E29/><V92/><F92/><W73/><G34/><T60/><D60/><U123/><E123/><V38/><F38/><W101/><G48/><T128/><D128/><U72/><E130/><V80/><F80/><W3/><G83/><T91/><D91/><U55/><E81/><V131/><F131/><W22/><G90/><T58/><D58/><U9/><E59/><V74/><F74/><W129/><G73/><T98/><D98/><U94/><E72/><V35/><F35/><W16/><G129/><T31/><D31/><U79/><E76/><V62/><F62/><W6/><G86/><T44/><D44/><RYUUKYOKU ba="1,2" sc="93,15,295,-15,219,15,373,-15" hai0="0,2,4,7,54,64,66,88,89,102,103,126,127" hai2="13,14,19,20,45,50,52,56,61,65,78,82,85" />
</Scene>
<Scene>
<INIT seed="2,2,2,0,5,8" ten="108,280,234,358" oya="2" hai0="57,24,122,21,86,30,6,131,126,104,49,133,98" hai1="127,67,48,95,19,77,43,121,78,16,10,88,7" hai2="134,33,59,31,18,69,72,26,125,39,22,85,27" hai3="128,120,117,61,82,96,2,130,34,35,84,9,92"/><V114/><F72/><W118/><G61/><T115/><D122/><U94/><E67/><V54/><F69/><W105/><G105/><T38/><D115/><U75/><E121/><V91/><F39/><W15/><G2/><T25/><D38/><U132/><E95/><V74/><F74/><W51/><G51/><T76/><D131/><N who="3" m="50217" /><G120/><T124/><D6/><U68/><E68/><V73/><F73/><W23/><G23/><T97/><D133/><U108/><E132/><V58/><F134/><W41/><G41/><T81/><D104/><U44/><E127/><N who="0" m="48681" /><D24/><U36/><E108/><V79/><F79/><N who="1" m="30217" /><E36/><V90/><F125/><W65/><G65/><T106/><D106/><U64/><E64/><V17/><F114/><W66/><G66/><T83/><D83/><U11/><E75/><V12/><F54/><AGARI ba="2,2" hai="21,25,30,49,54,57,76,81,86,97,98" m="48681" machi="54" ten="30,1000,0" yaku="18,1" doraHai="8" who="0" fromWho="2" sc="108,36,280,0,234,-16,358,0" />
</Scene>
<Scene>
<INIT seed="3,0,0,2,0,16" ten="144,280,218,358" oya="3" hai0="135,77,56,5,92,124,117,0,87,65,63,110,32" hai1="12,120,113,36,57,134,99,41,114,17,83,61,67" hai2="78,49,4,2,91,27,97,8,28,24,58,40,102" hai3="50,18,129,9,86,85,22,39,15,20,81,82,73"/><W47/><G39/><T104/><D117/><U93/><E120/><V21/><F78/><N who="3" m="46295" /><G129/><T52/><D104/><U101/><E134/><V106/><F91/><N who="3" m="51663" /><G73/><T6/><D32/><U94/><E83/><V121/><F121/><W37/><G37/><T71/><D135/><U25/><E25/><V45/><F27/><W26/><G26/><T115/><D0/><U31/><E31/><V74/><F74/><W125/><G125/><T98/><D124/><U130/><E130/><V19/><F58/><W44/><G44/><T127/><D115/><U105/><E114/><V51/><REACH who="2" step="1"/><F49/><REACH who="2" ten="144,280,208,358" step="2"/><W131/><G131/><T95/><D127/><U62/><E113/><V34/><F34/><W35/><G35/><T55/><D77/><U128/><E128/><V11/><F11/><W68/><G68/><T118/><D71/><U29/><E57/><V1/><F1/><W84/><G84/><T123/><D87/><U112/><E112/><V48/><F48/><W42/><AGARI ba="0,1" hai="9,15,18,20,22,42,47,50" m="51663,46295" machi="42" ten="30,6000,0" yaku="8,1,52,2" doraHai="16" who="3" fromWho="3" sc="144,-20,280,-20,208,-20,358,70" />
</Scene>
<Scene>
<INIT seed="3,1,0,3,5,134" ten="124,260,188,428" oya="3" hai0="19,112,18,83,22,103,21,20,70,7,48,81,105" hai1="102,32,120,43,0,74,79,89,8,40,2,107,124" hai2="3,88,110,5,95,49,14,118,94,109,125,15,38" hai3="77,87,69,113,66,132,47,91,106,35,11,130,119"/><W126/><G77/><T9/><D70/><U56/><E120/><V97/><F38/><W10/><G10/><T75/><D75/><U41/><E32/><V135/><F118/><W45/><G11/><T33/><D33/><U65/><E89/><V28/><F135/><W63/><G91/><T72/><D72/><U92/><E92/><V46/><F3/><W98/><G106/><T104/><D48/><U29/><E29/><V116/><F116/><W129/><G98/><T108/><D108/><N who="2" m="41578" /><F5/><W34/><G87/><T123/><D123/><U82/><E0/><V101/><F28/><W62/><G119/><T60/><D60/><U122/><E122/><V59/><F59/><W12/><G12/><T13/><D112/><U30/><E30/><V50/><F50/><W6/><G6/><T23/><N who="0" m="5120" /><DORA hai="4" /><T37/><D37/><U111/><E111/><V115/><F115/><W133/><G113/><T17/><REACH who="0" step="1"/><D103/><REACH who="0" ten="114,260,188,428" step="2"/><U31/><E102/><V96/><F125/><W67/><G69/><T86/><D86/><U54/><E124/><AGARI ba="1,1" hai="34,35,45,47,62,63,66,67,124,126,129,130,132,133" machi="124" ten="25,9600,0" yaku="22,2,52,2" doraHai="134,4" who="3" fromWho="1" sc="114,0,260,-99,188,0,428,109" />
</Scene>
<Scene>
<INIT seed="3,2,0,1,4,78" ten="114,161,188,537" oya="3" hai0="91,54,84,41,119,118,67,43,55,28,104,131,57" hai1="50,76,71,92,31,58,36,40,120,39,5,94,53" hai2="135,17,69,89,48,19,60,74,59,25,9,77,86" hai3="87,8,85,33,80,13,125,121,129,108,70,97,34"/><W21/><G121/><T64/><D104/><U38/><E120/><V130/><F69/><W22/><G70/><T66/><D28/><U44/><E31/><V111/><F111/><W42/><G42/><N who="0" m="15883" /><D84/><U12/><E76/><V29/><F130/><W82/><G129/><T110/><D91/><U83/><E83/><N who="3" m="31786" /><G108/><T106/><D106/><U123/><E123/><V52/><F135/><W46/><G125/><T6/><D6/><U127/><E127/><V134/><F134/><W61/><G34/><T112/><D131/><U35/><E35/><V73/><F77/><W95/><G33/><T105/><D105/><U24/><E24/><V114/><F114/><W133/><G133/><T4/><D4/><U90/><E94/><V27/><F27/><W99/><G46/><T128/><D110/><U11/><E71/><V122/><F122/><W101/><G99/><AGARI ba="2,0" hai="5,11,12,36,38,39,40,44,50,53,58,90,92,99" machi="99" ten="30,1000,0" yaku="7,1" doraHai="78" who="1" fromWho="3" sc="114,0,161,16,188,0,537,-16" />
</Scene>
<Scene>
<INIT seed="4,0,0,2,1,46" ten="114,177,188,521" oya="0" hai0="49,109,10,69,15,65,120,13,127,7,8,17,28" hai1="18,90,103,16,63,24,96,67,83,119,25,21,56" hai2="34,86,39,51,111,124,57,92,54,80,122,12,47" hai3="11,42,73,125,107,100,78,61,59,64,110,77,0"/><T84/><D120/><U43/><E119/><V116/><F111/><W68/><G110/><T133/><D109/><U5/><E5/><V128/><F122/><W108/><G108/><T27/><D133/><U123/><E123/><V66/><F34/><W74/><G59/><T131/><D131/><U87/><E43/><V1/><F1/><W22/><G78/><T113/><D113/><U41/><E41/><V105/><F105/><W20/><G20/><T50/><D127/><U52/><E67/><V112/><F112/><W36/><G22/><N who="0" m="15479" /><D69/><U29/><REACH who="1" step="1"/><E25/><REACH who="1" ten="114,167,188,521" step="2"/><V9/><F66/><W33/><G64/><T72/><D65/><U71/><E71/><V121/><F116/><W4/><G68/><T32/><D32/><U95/><AGARI ba="0,1" hai="16,18,21,24,29,52,56,63,83,87,90,95,96,103" machi="95" ten="20,12000,2" yaku="1,1,0,1,7,1,8,1,54,2,53,1" doraHai="46" doraHaiUra="23" who="1" fromWho="1" sc="114,-60,167,130,188,-30,521,-30" />
</Scene>
<Scene>
<INIT seed="5,0,0,5,1,62" ten="54,297,158,491" oya="1" hai0="45,22,15,20,101,55,114,128,27,2,4,21,73" hai1="56,91,115,42,52,0,67,119,25,110,59,84,102" hai2="132,131,17,97,31,87,86,30,11,66,9,112,16" hai3="76,3,35,95,8,32,130,60,106,100,33,77,10"/><U116/><E0/><V70/><F131/><W89/><G106/><T64/><D101/><U48/><E102/><V38/><F38/><W81/><G100/><T111/><D73/><U5/><E5/><V107/><F132/><W19/><G130/><T94/><D94/><U78/><E78/><V37/><F37/><W24/><G76/><T53/><D128/><U85/><E85/><V75/><F70/><W125/><G125/><T88/><D111/><U46/><E25/><V14/><F112/><W63/><G3/><T61/><D114/><U50/><E115/><V34/><F75/><W51/><G51/><T47/><D2/><U40/><E110/><V36/><F36/><W135/><G135/><T122/><D122/><U118/><E84/><V26/><F97/><W134/><G134/><T7/><D27/><U126/><E91/><V65/><F26/><W83/><G89/><T123/><D123/><U113/><E113/><V80/><F14/><W72/><G77/><T28/><D28/><U121/><E121/><V90/><F90/><W23/><G72/><T12/><D88/><U109/><E109/><V96/><F96/><W82/><G95/><T1/><D1/><U133/><E133/><V58/><F58/><W108/><G108/><T117/><D117/><U68/><E126/><V44/><F34/><W49/><G49/><T120/><D120/><U57/><E50/><V69/><F107/><W124/><G124/><T71/><D12/><U18/><E18/><V41/><F17/><W29/><G19/><T103/><D103/><U79/><E79/><V39/><F16/><RYUUKYOKU ba="0,0" sc="54,-15,297,15,158,-15,491,15" hai1="40,42,46,48,52,56,57,59,67,68,116,118,119" hai3="8,10,23,24,29,32,33,35,60,63,81,82,83" />
</Scene>
<Scene>
<INIT seed="5,1,0,0,5,77" ten="39,312,143,506" oya="1" hai0="119,76,32,60,22,87,106,79,81,55,20,3,104" hai1="15,35,91,43,6,68,56,85,47,30,51,113,19" hai2="38,21,27,52,10,118,48,98,114,13,41,59,82" hai3="108,135,110,26,70,65,74,133,16,23,46,33,24"/><U95/><E68/><V99/><F118/><W29/><G46/><T111/><D32/><U75/><E75/><V105/><F105/><W124/><G74/><T134/><D3/><U86/><E113/><V92/><F114/><W66/><G124/><T44/><D111/><N who="3" m="42537" /><G70/><T63/><D134/><AGARI ba="1,0" hai="16,23,24,26,29,33,65,66,133,134,135" m="42537" machi="134" ten="30,2000,0" yaku="20,1,54,1" doraHai="77" who="3" fromWho="0" sc="39,-23,312,0,143,0,506,23" />
</Scene>
<Scene>
<INIT seed="6,0,0,4,3,132" ten="16,312,143,529" oya="2" hai0="88,58,119,0,61,89,95,7,60,25,55,41,118" hai1="91,73,2,98,19,22,131,20,133,45,135,63,115" hai2="87,48,93,75,27,79,28,5,82,86,37,112,12" hai3="92,117,111,50,70,1,103,17,32,34,99,11,53"/><V100/><F37/><W128/><G111/><T84/><D41/><U105/><E2/><V8/><F112/><W64/><G117/><T134/><D134/><U15/><E73/><V52/><F93/><W24/><G128/><T81/><D0/><U123/><E131/><V69/><F69/><W108/><G108/><T101/><D101/><U97/><E115/><V80/><F100/><W125/><G125/><T72/><D7/><U13/><E123/><V90/><F75/><W16/><G64/><T85/><D72/><U33/><E33/><V59/><F27/><W40/><G40/><T38/><D38/><U65/><E91/><V107/><F107/><W14/><G1/><T29/><REACH who="0" step="1"/><D60/><REACH who="0" ten="6,312,143,529" step="2"/><U9/><E63/><V54/><F5/><W36/><G36/><T10/><D10/><U57/><E9/><V26/><F8/><W116/><G116/><T46/><D46/><U43/><E45/><V66/><F48/><W109/><G109/><T3/><D3/><U74/><E43/><V104/><F104/><W126/><G11/><T6/><D6/><U42/><E42/><V4/><F4/><W56/><G50/><T110/><D110/><U39/><E74/><V49/><F49/><W96/><G70/><T18/><D18/><N who="1" m="10319" /><E39/><V71/><F71/><W121/><G17/><T47/><D47/><U35/><E105/><V23/><F12/><W102/><G14/><T122/><D122/><U30/><E135/><V76/><F90/><W83/><G103/><T44/><D44/><U68/><E133/><V129/><F129/><W106/><G102/><T114/><D114/><RYUUKYOKU ba="0,1" sc="6,15,312,-15,143,15,529,-15" hai0="25,29,55,58,61,81,84,85,88,89,95,118,119" hai2="23,26,28,52,54,59,66,76,79,80,82,86,87" />
</Scene>
<Scene>
<INIT seed="6,1,1,1,1,101" ten="21,297,158,514" oya="2" hai0="2,63,87,91,103,21,60,71,57,44,84,126,45" hai1="93,5,24,34,116,3,111,125,79,61,114,4,56" hai2="54,50,83,115,73,41,16,47,90,14,48,92,133" hai3="55,76,32,65,129,23,80,40,52,98,22,117,81"/><V53/><F115/><W29/><G117/><T64/><D2/><U102/><E111/><V39/><F133/><W38/><G129/><T86/><D126/><U105/><E116/><V66/><F66/><W58/><G81/><T28/><D103/><U37/><E37/><V96/><F39/><W70/><G55/><T112/><D112/><U104/><E79/><V43/><F83/><W25/><G98/><T33/><D33/><U135/><E114/><V118/><F73/><W100/><G100/><T0/><D0/><U62/><E61/><V51/><F118/><W6/><G6/><T97/><D71/><U46/><E46/><V94/><F94/><W130/><G130/><T42/><D63/><U121/><E121/><V18/><F48/><W113/><G65/><T15/><D42/><N who="2" m="15882" /><F14/><W107/><G107/><T78/><D78/><U82/><E3/><V109/><F109/><W88/><G70/><T69/><D69/><U27/><E82/><V68/><F68/><W131/><G76/><T13/><D13/><U26/><E135/><V110/><F110/><W122/><G131/><T30/><D15/><U72/><E34/><V9/><F9/><W95/><G80/><T120/><D120/><U20/><E72/><V124/><F124/><W89/><G122/><T108/><D108/><U128/><E125/><V11/><F11/><W35/><G113/><T127/><D127/><U1/><E128/><V67/><F67/><W12/><G12/><T134/><D134/><U74/><E74/><V36/><F36/><W59/><G38/><T77/><D77/><U19/><E1/><RYUUKYOKU ba="1,1" sc="21,-10,297,-10,158,30,514,-10" hai2="16,18,47,50,51,53,54,90,92,96" />
</Scene>
<Scene>
<INIT seed="6,2,1,2,3,67" ten="11,287,188,504" oya="2" hai0="124,9,132,56,17,33,121,66,76,71,26,38,60" hai1="10,100,63,119,57,106,2,117,46,81,72,98,104" hai2="118,64,23,6,8,14,105,78,59,52,93,7,87" hai3="32,113,3,22,84,88,129,1,123,39,58,35,19"/><V16/><F118/><W73/><G73/><T77/><D121/><U115/><E115/><V0/><F105/><W92/><G123/><T4/><D132/><U134/><E134/><V79/><F64/><W65/><G39/><T51/><D124/><U55/><E106/><V95/><F6/><W29/><G113/><T101/><D38/><U116/><E46/><V94/><REACH who="2" step="1"/><F87/><REACH who="2" ten="11,287,178,504" step="2"/><W21/><G84/><T15/><D101/><U110/><E117/><V28/><F28/><W108/><G29/><T13/><D33/><U96/><E119/><V34/><F34/><W11/><G32/><T107/><D26/><U85/><E116/><V50/><AGARI ba="2,2" hai="0,7,8,14,16,23,50,52,59,78,79,93,94,95" machi="50" ten="30,12000,1" yaku="1,1,0,1,54,2,53,1" doraHai="67" doraHaiUra="44" who="2" fromWho="2" sc="11,-42,287,-42,178,146,504,-42" owari="-31,-53.0,245,-15.0,324,12.0,462,56.0" />
</Scene>
</mjloggm>