<mjloggm ver="2.3"><GO type="169" lobby="0"/><UN n0="%E5%88%BB%E5%AD%90%E5%B8%82%E6%B0%91" n1="%E6%AF%94%E5%98%89%E7%A7%80%E4%BB%81" n2="%41%53%41%50%49%4E" n3="%E9%A2%A8%E8%BB%8A%E3%81%AE%E7%B5%B5%E7%90%86%E5%AD%90" dan="18,18,19,17" rate="2194.08,2199.59,2264.57,2171.82" sx="M,M,M,F"/><TAIKYOKU oya="0"/>

<Scene>
<INIT seed="0,0,0,0,5,114" ten="250,250,250,250" oya="0" hai0="12,38,125,56,42,113,108,133,43,25,44,31,69" hai1="2,8,101,87,115,109,13,45,82,106,33,62,5" hai2="67,86,93,4,81,124,116,47,11,73,103,20,130" hai3="10,105,89,132,134,78,112,39,50,111,22,75,61"/><T120/><D113/><U85/><E109/><V41/><F130/><W6/><G39/><T36/><D69/><U17/><E115/><V100/><F124/><W29/><G112/><T126/><D120/><U94/><E106/><V30/><F67/><W15/><G105/><T51/><D108/><U37/><E33/><V63/><F63/><W98/><G78/><T60/><D12/><U3/><E62/><V48/><F73/><W131/><G75/><T97/><D97/><U34/><E34/><V99/><F116/><W19/><G29/><T107/><D107/><U26/><E26/><V135/><F135/><W58/><G50/><T40/><D25/><U64/><E64/><V32/><F32/><W68/><G68/><T18/><D18/><U74/><E74/><V110/><F110/><W119/><G111/><T66/><D31/><U54/><E87/><V16/><F30/><W91/><G131/><T127/><D133/><U49/><E37/><AGARI ba="0,0" hai="36,37,38,40,42,43,44,51,56,60,66,125,126,127" machi="37" ten="50,12000,1" yaku="18,1,34,3" doraHai="114" who="0" fromWho="1" sc="250,120,250,-120,250,0,250,0" />
</Scene>
<Scene>
<INIT seed="0,1,0,3,3,60" ten="370,130,250,250" oya="0" hai0="49,8,110,38,32,77,42,121,116,5,48,61,23" hai1="70,18,106,118,71,41,104,16,132,67,55,135,84" hai2="17,19,65,27,103,64,122,0,111,131,56,9,4" hai3="33,12,35,78,40,3,130,87,75,68,120,101,36"/><T31/><D32/><U115/><E118/><V98/><F122/><W114/><G87/><T66/><D77/><U107/><E41/><V57/><F111/><W10/><G12/><T25/><D121/><U127/><E127/><V11/><F131/><W76/><G76/><T58/><D116/><U93/><E115/><V96/><F27/><W90/><G90/><T85/><D110/><U92/><E55/><V30/><F30/><W81/><G120/><T89/><D42/><U20/><E84/><V102/><F0/><W126/><G114/><T24/><D24/><U113/><E113/><V94/><F94/><N who="1" m="36457" /><E20/><V44/><F44/><N who="3" m="23559" /><G130/><T1/><REACH who="0" step="1"/><D38/><REACH who="0" ten="360,130,250,250" step="2"/><U2/><E2/><V133/><F133/><N who="1" m="51273" /><E67/><V91/><F91/><W95/><G35/><T69/><D69/><AGARI ba="1,1" hai="16,18,69,70,71,104,106,107" m="51273,36457" machi="69" ten="40,8000,1" yaku="28,2,20,1,54,1" doraHai="60" who="1" fromWho="0" sc="360,-83,130,93,250,0,250,0" />
</Scene>
<Scene>
<INIT seed="1,0,0,2,2,21" ten="277,223,250,250" oya="1" hai0="14,31,92,91,23,16,12,129,18,51,110,81,80" hai1="82,26,11,5,44,99,33,132,34,55,43,74,45" hai2="62,88,10,59,128,109,112,65,30,78,66,58,96" hai3="64,89,119,85,100,25,41,60,106,72,105,97,6"/><U102/><E132/><V1/><F109/><W127/><G72/><T38/><D38/><U47/><E55/><V120/><F120/><W118/><G41/><T57/><D31/><U8/><E43/><V63/><F128/><W108/><G6/><T48/><D129/><U75/><E8/><V46/><F112/><W3/><G3/><T130/><D110/><U116/><E116/><V98/><F78/><W70/><G106/><T77/><D130/><U115/><E115/><V83/><F46/><W135/><G108/><T126/><D126/><U125/><E125/><V69/><F69/><W13/><G13/><T124/><D124/><U68/><E68/><V42/><F42/><W2/><G2/><T131/><D131/><U0/><E82/><N who="0" m="31849" /><D57/><U36/><E36/><V67/><F67/><W104/><G104/><T17/><D77/><U9/><E9/><V29/><F10/><W117/><G127/><T101/><D101/><U19/><E34/><V111/><F111/><W93/><G135/><T53/><D53/><U123/><E123/><V20/><F1/><W121/><G121/><T113/><D113/><U32/><E32/><V107/><F107/><W134/><G134/><T27/><D51/><U35/><E35/><V7/><F7/><W94/><G105/><T86/><D48/><U133/><E133/><V87/><F29/><W56/><G70/><T50/><D50/><U15/><E33/><V71/><F71/><W22/><G119/><T40/><D40/><U52/><E52/><V103/><F103/><W79/><G79/><T84/><D84/><U4/><E0/><RYUUKYOKU ba="0,0" sc="277,10,223,-30,250,10,250,10" hai0="12,14,16,17,18,23,27,86,91,92" hai2="20,30,58,59,62,63,65,66,83,87,88,96,98" hai3="22,25,56,60,64,85,89,93,94,97,100,117,118" />
</Scene>
<Scene>
<INIT seed="2,1,0,2,3,72" ten="287,193,260,260" oya="2" hai0="24,4,94,58,90,16,53,91,105,80,96,49,14" hai1="108,88,18,29,39,33,2,131,28,19,122,42,93" hai2="111,51,27,10,11,73,89,30,60,3,31,5,54" hai3="61,55,117,37,32,130,23,132,75,68,57,119,40"/><V110/><F73/><W34/><G34/><T85/><D105/><U98/><E122/><V71/><F11/><W115/><G32/><T9/><REACH who="0" step="1"/><D24/><REACH who="0" ten="277,193,260,260" step="2"/><U62/><E33/><V114/><F27/><W77/><G115/><T44/><D44/><U8/><E131/><V95/><F114/><W45/><G130/><T0/><D0/><U135/><E2/><V124/><F124/><W63/><G117/><T100/><D100/><U79/><E135/><V107/><F107/><W36/><G132/><T7/><AGARI ba="1,1" hai="4,7,9,14,16,49,53,58,80,85,90,91,94,96" machi="7" ten="30,7900,0" yaku="1,1,0,1,8,1,54,1,53,0" doraHai="72" doraHaiUra="59" who="0" fromWho="0" sc="277,92,193,-21,260,-40,260,-21" />
</Scene>
<Scene>
<INIT seed="3,0,0,1,0,17" ten="369,172,220,239" oya="3" hai0="98,71,128,83,0,50,101,65,25,130,41,135,45" hai1="86,58,47,69,89,23,57,110,39,13,32,94,106" hai2="121,40,31,120,7,64,123,129,56,125,88,126,29" hai3="46,73,96,92,48,118,79,90,2,131,78,127,93"/><W124/><G2/><T116/><D116/><U38/><E110/><V104/><F104/><W8/><G118/><T42/><D0/><U62/><E106/><V10/><F40/><W11/><G131/><T5/><D5/><U1/><E1/><N who="2" m="367" /><F64/><W34/><G34/><T14/><D14/><U20/><E32/><V109/><F56/><W119/><G119/><T43/><D83/><U28/><E69/><V114/><F114/><W82/><G79/><T80/><D80/><U6/><E58/><V49/><F49/><W61/><G61/><N who="0" m="40367" /><D25/><N who="1" m="16447" /><E38/><V105/><F105/><W75/><G75/><T111/><D111/><U132/><E39/><V76/><F76/><W134/><G134/><T85/><D85/><U21/><E47/><V84/><F129/><N who="0" m="49770" /><D135/><U9/><E132/><V15/><F15/><W55/><REACH who="3" step="1"/><G93/><AGARI ba="0,0" hai="41,42,43,45,50,93,98,101" m="49770,40367" machi="93" ten="30,1000,0" yaku="19,1" doraHai="17" who="0" fromWho="3" sc="369,10,172,0,220,0,239,-10" />
</Scene>
<Scene>
<INIT seed="4,0,0,2,3,21" ten="379,172,220,229" oya="0" hai0="65,127,116,19,2,109,128,27,126,3,134,45,133" hai1="119,6,118,115,99,35,59,107,14,63,80,79,77" hai2="25,9,81,101,105,33,8,49,114,130,30,92,120" hai3="12,89,121,60,73,71,40,57,97,50,90,39,47"/><T124/><D65/><U23/><E35/><V36/><F36/><W5/><G73/><T22/><D116/><U20/><E79/><V31/><F120/><W76/><G76/><T11/><D109/><U24/><E115/><V104/><F114/><W112/><G112/><T41/><D128/><U58/><E58/><V32/><F130/><W15/><G71/><T91/><D91/><U17/><E107/><V103/><F49/><W111/><G39/><N who="0" m="21695" /><D11/><U37/><E99/><V43/><F81/><W72/><G72/><T113/><D113/><U129/><E37/><V82/><F82/><W44/><G44/><T95/><D95/><U96/><E96/><V100/><F92/><W42/><G42/><T70/><D70/><U98/><E98/><V26/><F43/><W64/><G111/><T56/><D56/><U86/><E129/><V7/><F9/><W87/><G121/><T85/><D85/><U93/><E93/><V131/><F131/><W78/><G97/><T83/><D83/><U53/><REACH who="1" step="1"/><E6/><REACH who="1" ten="379,162,220,229" step="2"/><V52/><REACH who="2" step="1"/><F52/><REACH who="2" ten="379,162,210,229" step="2"/><W51/><G40/><T54/><D54/><U74/><E74/><V94/><F94/><W66/><G78/><T55/><D55/><U123/><E123/><V117/><F117/><W69/><G64/><T67/><D67/><U48/><E48/><V62/><F62/><W106/><G60/><T135/><AGARI ba="0,2" hai="2,3,19,22,27,124,126,127,133,134,135" m="21695" machi="135" ten="40,7800,0" yaku="18,1,20,1,52,1" doraHai="21" who="0" fromWho="0" sc="379,98,162,-26,210,-26,229,-26" />
</Scene>
<Scene>
<INIT seed="4,1,0,1,5,133" ten="477,136,184,203" oya="0" hai0="20,102,27,92,0,33,24,114,118,106,52,76,120" hai1="47,14,34,104,131,13,18,126,51,37,17,132,55" hai2="56,110,124,74,69,65,95,16,82,130,83,9,105" hai3="123,23,2,36,50,86,19,28,85,31,22,97,79"/><T26/><D106/><U119/><E119/><V96/><F110/><W135/><G36/><T81/><D33/><U121/><E121/><V1/><F69/><W71/><G71/><T117/><D0/><U15/><E104/><V42/><F105/><W75/><G2/><T45/><D120/><U134/><E34/><V39/><F74/><W25/><G123/><T48/><D114/><U80/><E37/><V7/><F130/><W61/><G75/><T101/><D118/><U60/><E131/><V108/><F108/><W125/><G61/><T98/><D117/><U103/><E103/><V68/><F68/><W70/><G70/><T100/><REACH who="0" step="1"/><D20/><REACH who="0" ten="467,136,184,203" step="2"/><U122/><E122/><V88/><F1/><W128/><G22/><T63/><D63/><U44/><E60/><V99/><F65/><W67/><G67/><T77/><D77/><U127/><E134/><V73/><F9/><W78/><G78/><T40/><D40/><U53/><E132/><V58/><F42/><W49/><G79/><T111/><D111/><U115/><E115/><V38/><F73/><AGARI ba="1,1" hai="24,26,27,45,48,52,73,76,81,92,98,100,101,102" machi="73" ten="40,3900,0" yaku="1,1,54,1,53,0" doraHai="133" doraHaiUra="84" who="0" fromWho="2" sc="467,52,136,0,184,-42,203,0" />
</Scene>
<Scene>
<INIT seed="4,2,0,4,1,90" ten="519,136,142,203" oya="0" hai0="118,2,103,13,54,89,7,78,130,61,109,94,66" hai1="105,124,93,82,45,56,51,0,20,74,58,29,75" hai2="63,88,72,80,59,8,39,91,15,135,25,77,114" hai3="23,134,71,4,67,65,111,44,53,26,107,10,126"/><T115/><D2/><U133/><E105/><V117/><F39/><W49/><G107/><T96/><D118/><U128/><E0/><V40/><F40/><W112/><G111/><T57/><D109/><U122/><E122/><V37/><F37/><W95/><G71/><T110/><D110/><U97/><E128/><V34/><F117/><W5/><G112/><T70/><D130/><U24/><E133/><V14/><F114/><W92/><G134/><T43/><D43/><U46/><E124/><V81/><F135/><W1/><G126/><T132/><D78/><U86/><E75/><V87/><F91/><W104/><G104/><T55/><D132/><U60/><E74/><V31/><REACH who="2" step="1"/><F8/><REACH who="2" ten="519,136,132,203" step="2"/><W28/><REACH who="3" step="1"/><G5/><REACH who="3" ten="519,136,132,193" step="2"/><T62/><D115/><U35/><E35/><V6/><F6/><W101/><G101/><T68/><D103/><N who="1" m="60847" /><E51/><V32/><F32/><W69/><G69/><T131/><D68/><U102/><E102/><V73/><F73/><W47/><G47/><N who="1" m="17930" /><E60/><V50/><F50/><W22/><G22/><T123/><D131/><U52/><E52/><AGARI ba="2,2" hai="14,15,25,31,34,52,59,63,72,77,80,81,87,88" machi="52" ten="30,7700,0" yaku="1,1,7,1,54,2,53,0" doraHai="90" doraHaiUra="100" who="2" fromWho="1" sc="519,0,136,-83,132,103,193,0" />
</Scene>
<Scene>
<INIT seed="5,0,0,5,3,112" ten="519,53,235,193" oya="1" hai0="12,45,122,66,106,76,81,61,134,128,22,54,10" hai1="6,24,110,9,51,64,48,0,135,132,92,125,8" hai2="53,74,25,109,62,32,60,55,116,119,4,11,23" hai3="114,126,94,111,104,124,102,33,107,96,18,13,75"/><U101/><E110/><V20/><F109/><W129/><G33/><T47/><D106/><U68/><E125/><V41/><F74/><W95/><G75/><T91/><D128/><U17/><E64/><V52/><F32/><W98/><G18/><T97/><D22/><U46/><E68/><V84/><F41/><W93/><G13/><T1/><D1/><U40/><E51/><V80/><F62/><W105/><G111/><T88/><D134/><N who="1" m="51243" /><E24/><V87/><F60/><W113/><G129/><T103/><D66/><U65/><E65/><V83/><F25/><W29/><G29/><T30/><D61/><U79/><E79/><V120/><F120/><W37/><G37/><T19/><D76/><U127/><E127/><N who="3" m="48682" /><G102/><T70/><D70/><U43/><E43/><V59/><F59/><W90/><G90/><T26/><D122/><U50/><E50/><V63/><F63/><W133/><G133/><T15/><D26/><U89/><E101/><V99/><F55/><W5/><G5/><T130/><D103/><U72/><E72/><V100/><F100/><W49/><G49/><T85/><D130/><U16/><E9/><V57/><F11/><W86/><G86/><AGARI ba="0,0" hai="0,6,8,16,17,40,46,48,86,89,92" m="51243" machi="86" ten="30,2900,0" yaku="20,1,54,1" doraHai="112" who="1" fromWho="3" sc="519,0,53,29,235,0,193,-29" />
</Scene>
<Scene>
<INIT seed="5,1,0,3,5,43" ten="519,82,235,164" oya="1" hai0="5,30,117,121,66,59,21,127,13,40,104,3,88" hai1="42,9,99,124,8,15,97,55,34,7,96,60,56" hai2="2,45,52,89,86,65,62,75,76,85,84,83,110" hai3="16,135,28,109,58,24,27,123,48,29,94,44,12"/><U106/><E34/><V31/><F110/><W19/><G109/><T51/><D104/><U1/><E124/><V63/><F2/><W14/><G123/><T82/><D3/><U79/><E79/><V130/><F130/><W103/><G135/><T61/><D127/><U107/><REACH who="1" step="1"/><E42/><REACH who="1" ten="519,72,235,164" step="2"/><V116/><F76/><W54/><G29/><T77/><D40/><U26/><E26/><V72/><F31/><W73/><G28/><T71/><D77/><U39/><E39/><V114/><F116/><W47/><G27/><T23/><D117/><U119/><E119/><V18/><F72/><W112/><G24/><T11/><D30/><U41/><E41/><V20/><F75/><W46/><G73/><T113/><D121/><U4/><AGARI ba="1,1" hai="1,4,7,8,9,15,55,56,60,96,97,99,106,107" machi="4" ten="30,11700,0" yaku="1,1,0,1,53,2" doraHai="43" doraHaiUra="102" who="1" fromWho="1" sc="519,-40,72,130,235,-40,164,-40" />
</Scene>
<Scene>
<INIT seed="5,2,0,4,4,10" ten="479,202,195,124" oya="1" hai0="1,127,102,47,16,101,42,82,32,128,40,79,72" hai1="54,97,23,108,53,74,44,36,14,39,80,132,0" hai2="81,60,118,119,26,130,69,7,111,9,57,18,114" hai3="45,64,33,50,38,85,19,29,67,77,88,125,134"/><U115/><E0/><V58/><F111/><W21/><G38/><T84/><D32/><U100/><E108/><V121/><F121/><W17/><G134/><T4/><D127/><U131/><E131/><V49/><F130/><W96/><G125/><T122/><D128/><U113/><E132/><V124/><F124/><W105/><G33/><T61/><D122/><U126/><E126/><V90/><F69/><W68/><G29/><T37/><D42/><U5/><E80/><V133/><F133/><W55/><G68/><T83/><D61/><U52/><E74/><V92/><F81/><W87/><G19/><T66/><D66/><U56/><E56/><V22/><F49/><W34/><G34/><T30/><D30/><U116/><E116/><V48/><F48/><W6/><G6/><T3/><D3/><U12/><E5/><V27/><F27/><W2/><G2/><T93/><D93/><N who="1" m="58415" /><E23/><V109/><F109/><W20/><G20/><T117/><D117/><U123/><E123/><V70/><F70/><W35/><G35/><T135/><D135/><U129/><E129/><V71/><F71/><W43/><G105/><T94/><D94/><U112/><E44/><V59/><F60/><W25/><G77/><T91/><D16/><U24/><E24/><V110/><F110/><W75/><G75/><T76/><D76/><U73/><E73/><V63/><F63/><W51/><G25/><T15/><D1/><U8/><E8/><V46/><F7/><W98/><G17/><T95/><D83/><U106/><E106/><V107/><F107/><W103/><G45/><RYUUKYOKU ba="2,0" sc="479,15,202,15,195,-15,124,-15" hai0="4,15,37,40,47,72,79,82,84,91,95,101,102" hai1="12,14,36,39,52,53,54,112,113,115" />
</Scene>
<Scene>
<INIT seed="5,3,0,5,5,130" ten="494,217,180,109" oya="1" hai0="91,129,133,122,19,63,128,42,107,20,38,62,127" hai1="2,131,114,113,110,65,77,1,116,132,41,88,23" hai2="70,81,54,33,78,48,96,25,94,117,90,12,57" hai3="69,55,125,74,73,106,18,51,24,68,14,118,124"/><U13/><E116/><V15/><F117/><W56/><G106/><T111/><D107/><U49/><E131/><N who="0" m="50249" /><D111/><U40/><E77/><V105/><F70/><W16/><G118/><T36/><D122/><U64/><E110/><V121/><F121/><W87/><G24/><T100/><D100/><U7/><E88/><V108/><F108/><W21/><G69/><T5/><D5/><U59/><E41/><V99/><F99/><W79/><G68/><T6/><D6/><U0/><E132/><V112/><F105/><W95/><G18/><T34/><D34/><U93/><E93/><V53/><F112/><N who="1" m="43113" /><E7/><V39/><F39/><W135/><G135/><T134/><D38/><U31/><E31/><V44/><F81/><W47/><G47/><N who="0" m="24007" /><D91/><U71/><E71/><V97/><F78/><W8/><G8/><T82/><D82/><U84/><E40/><V102/><F102/><W58/><G58/><T32/><D32/><U98/><E2/><V37/><F37/><W45/><G45/><T120/><D120/><U67/><E1/><V103/><F103/><W76/><G76/><T92/><D92/><U10/><E0/><V17/><F33/><W86/><G79/><T83/><D83/><U46/><E10/><V60/><F97/><W72/><REACH who="3" step="1"/><G95/><REACH who="3" ten="494,217,180,99" step="2"/><T89/><D133/><U9/><E9/><V11/><F11/><W43/><G43/><T52/><D134/><U22/><E46/><V4/><F4/><W50/><G50/><T85/><D19/><U26/><E49/><V27/><F17/><W101/><G101/><T115/><D115/><U109/><E109/><RYUUKYOKU ba="3,1" sc="494,-15,217,-15,180,15,99,15" hai2="12,15,25,27,44,48,53,54,57,60,90,94,96" hai3="14,16,21,51,55,56,72,73,74,86,87,124,125" />
</Scene>
<Scene>
<INIT seed="6,4,1,4,4,133" ten="479,202,195,114" oya="2" hai0="36,49,128,124,91,81,21,82,88,102,99,114,68" hai1="127,6,90,97,120,125,15,63,20,132,96,106,105" hai2="2,33,98,115,131,103,50,85,86,56,1,116,112" hai3="70,25,78,4,107,43,52,126,19,111,69,101,57"/><V64/><F116/><W72/><G111/><T58/><D36/><U14/><E132/><V41/><F33/><W8/><G43/><T29/><D68/><U55/><E120/><V44/><F131/><W89/><G78/><T73/><D128/><U60/><E6/><V12/><F12/><N who="1" m="4649" /><E20/><V84/><F56/><W121/><G72/><T135/><D91/><U100/><E90/><V74/><F64/><W38/><G38/><T77/><D49/><U32/><E32/><V71/><F71/><W28/><G19/><T17/><D58/><U123/><E55/><V23/><F23/><W45/><G45/><T62/><D62/><N who="1" m="23595" /><E123/><V42/><F42/><W24/><G121/><T104/><D21/><U5/><E5/><V87/><N who="2" m="21504" /><DORA hai="22" /><V30/><F30/><W27/><G28/><T53/><D29/><U109/><E109/><V95/><REACH who="2" step="1"/><F74/><REACH who="2" ten="479,202,185,114" step="2"/><W110/><G110/><T83/><D73/><U54/><E54/><V10/><F10/><W31/><G31/><T79/><D53/><U35/><E35/><V48/><F48/><W3/><G70/><T59/><D59/><U66/><E66/><V51/><F51/><W129/><G69/><T93/><D135/><U80/><E97/><V122/><F122/><W47/><G129/><T34/><D99/><U119/><E96/><V0/><AGARI ba="4,2" hai="0,1,2,41,44,50,95,98,103,112,115" m="21504" machi="0" ten="50,4800,0" yaku="1,1,0,1,53,0" doraHai="133,22" doraHaiUra="75,16" who="2" fromWho="2" sc="479,-20,202,-20,185,80,114,-20" />
</Scene>
<Scene>
<INIT seed="6,5,0,2,3,14" ten="459,182,265,94" oya="2" hai0="97,104,62,67,75,0,15,105,44,85,119,57,94" hai1="20,71,42,16,6,13,29,91,24,132,51,89,40" hai2="78,59,128,22,12,58,23,39,107,95,126,109,111" hai3="101,106,9,17,10,76,77,115,118,81,90,34,68"/><V98/><F39/><W113/><G34/><T131/><D0/><U84/><E71/><V130/><F107/><W28/><G28/><T129/><D75/><U122/><E122/><V45/><F45/><W55/><G68/><T49/><D85/><U11/><E132/><V60/><F78/><W121/><G121/><T110/><D119/><U25/><E51/><V3/><F3/><W100/><G118/><T120/><D110/><N who="2" m="41994" /><F126/><W8/><G90/><N who="0" m="55511" /><D15/><U133/><E133/><V127/><F127/><W124/><G124/><T27/><D27/><U38/><E38/><V65/><F59/><W134/><G134/><T108/><D120/><U69/><E69/><V7/><F7/><W87/><G77/><T1/><D1/><U117/><E117/><V31/><F31/><W50/><G17/><T5/><D5/><U43/><REACH who="1" step="1"/><E84/><REACH who="1" ten="459,172,265,94" step="2"/><V102/><F128/><W125/><G125/><T54/><D108/><U63/><E63/><V46/><F130/><AGARI ba="5,1" hai="44,49,54,57,62,67,104,105,129,130,131" m="55511" machi="130" ten="30,1000,0" yaku="19,1" doraHai="14" who="0" fromWho="2" sc="459,35,172,0,265,-25,94,0" />
</Scene>
<Scene>
<INIT seed="7,0,0,2,0,122" ten="494,172,240,94" oya="3" hai0="86,97,91,112,57,29,43,58,54,55,0,17,92" hai1="56,20,99,1,114,44,61,13,4,47,64,82,110" hai2="21,116,38,102,124,81,67,11,30,87,107,75,80" hai3="115,113,12,79,126,125,103,59,31,96,26,74,18"/><W130/><G79/><T16/><D0/><U6/><E110/><V35/><F116/><W8/><G74/><T24/><D43/><U50/><E114/><N who="3" m="43530" /><G96/><T51/><D112/><U118/><E118/><V70/><F87/><W84/><G84/><T7/><D7/><U49/><E1/><V42/><F102/><W19/><G103/><T131/><D131/><U60/><E99/><V25/><F107/><W98/><G98/><T41/><D41/><U133/><E133/><V37/><F80/><W83/><G83/><T3/><D3/><U45/><E82/><V90/><F90/><W109/><G59/><T89/><D89/><U63/><E6/><V100/><F100/><W135/><G135/><T78/><D78/><U77/><E77/><V33/><F81/><W52/><G52/><T85/><D85/><U106/><E106/><V2/><F75/><W108/><G19/><T88/><D91/><U62/><E4/><V132/><F132/><W22/><G130/><T15/><D97/><U93/><E93/><V94/><F94/><W39/><G39/><T71/><D17/><AGARI ba="0,0" hai="13,17,20,44,45,47,49,50,56,60,61,62,63,64" machi="17" ten="40,1300,0" yaku="8,1" doraHai="122" who="1" fromWho="0" sc="494,-13,172,13,240,0,94,0" owari="481,58.0,185,-21.0,240,4.0,94,-41.0" />
</Scene>
</mjloggm>