<mjloggm ver="2.3"><GO type="169" lobby="0"/><UN n0="%41%53%41%50%49%4E" n1="%E5%8D%9A%E5%BE%92" n2="%E4%B8%83%E3%83%84%E7%9B%AE%E7%8E%89" n3="%E3%83%97%E3%83%AD%E3%82%B8%E3%83%A3%E3%83%B3%E6%B0%8F" dan="19,16,17,16" rate="2242.06,2042.35,2155.07,2125.50" sx="M,M,M,M"/><TAIKYOKU oya="0"/>

<Scene>
<INIT seed="0,0,0,4,4,21" ten="250,250,250,250" oya="0" hai0="4,90,83,67,117,126,59,32,95,94,96,110,78" hai1="93,28,12,102,106,89,70,122,31,134,114,25,103" hai2="61,91,15,82,113,56,109,132,68,76,38,29,7" hai3="128,64,118,98,41,11,22,131,35,55,107,81,48"/><T127/><D117/><U19/><E122/><V104/><F113/><W36/><G118/><T129/><D32/><U108/><E114/><V54/><F38/><W69/><G35/><T40/><D40/><U92/><E70/><V46/><F104/><W73/><G41/><T133/><D4/><U37/><E37/><V62/><F29/><W33/><G33/><T80/><D67/><U87/><E106/><V3/><F3/><W123/><G36/><T84/><D59/><U65/><E65/><V60/><F46/><W42/><G42/><T43/><D43/><U99/><E134/><V45/><F45/><W30/><G123/><T135/><D129/><U101/><E108/><V125/><F109/><W16/><G64/><T52/><D52/><U124/><E31/><V24/><F68/><W111/><G30/><T79/><D110/><U119/><E119/><V47/><F47/><W88/><G11/><T0/><D95/><U23/><REACH who="1" step="1"/><E124/><REACH who="1" ten="250,240,250,250" step="2"/><N who="0" m="47657" /><D0/><U17/><E17/><V27/><F125/><W66/><G66/><T5/><D5/><U26/><E26/><N who="2" m="9771" /><F132/><W112/><G69/><T6/><D6/><U44/><E44/><V63/><F7/><W130/><G111/><T72/><AGARI ba="0,1" hai="72,78,79,80,83,84,90,94,96,133,135" m="47657" machi="72" ten="30,6000,0" yaku="18,1,34,2" doraHai="21" who="0" fromWho="0" sc="250,70,240,-20,250,-20,250,-20" />
</Scene>
<Scene>
<INIT seed="0,1,0,1,2,5" ten="320,220,230,230" oya="0" hai0="129,28,50,73,22,41,82,55,11,14,36,128,115" hai1="19,118,64,39,38,4,89,131,104,83,132,78,6" hai2="113,68,67,18,10,69,23,76,114,62,119,65,45" hai3="63,71,120,24,97,116,40,8,86,70,27,134,81"/><T30/><D115/><U35/><E118/><V44/><F119/><W9/><G116/><T57/><D22/><U52/><E35/><V117/><F117/><W95/><G134/><T94/><D94/><U96/><E64/><V25/><F76/><N who="3" m="46375" /><G71/><T105/><D105/><U126/><E132/><V12/><F113/><W1/><G1/><T29/><D41/><U17/><E126/><V0/><F0/><W61/><G70/><T122/><D36/><U125/><E125/><V98/><F114/><W74/><G74/><T90/><D122/><U66/><E66/><V26/><F98/><W77/><G77/><T107/><D107/><U106/><E131/><N who="0" m="50249" /><D90/><U53/><E78/><V110/><F110/><W56/><G40/><T100/><D82/><U99/><E83/><V34/><F34/><W20/><G120/><T135/><D135/><U127/><E127/><V102/><F102/><N who="3" m="60735" /><G27/><T91/><D91/><AGARI ba="1,0" hai="4,6,17,19,38,39,52,53,89,91,96,99,104,106" machi="91" ten="25,3200,0" yaku="22,2,54,1" doraHai="5" who="1" fromWho="0" sc="320,-35,220,35,230,0,230,0" />
</Scene>
<Scene>
<INIT seed="1,0,0,5,2,107" ten="285,255,230,230" oya="1" hai0="131,24,127,15,49,130,79,32,76,129,8,59,0" hai1="36,28,6,78,55,61,42,37,10,26,9,73,85" hai2="90,34,56,64,65,57,60,100,118,120,11,88,112" hai3="86,35,93,27,19,96,50,40,104,84,20,3,132"/><U38/><E85/><V122/><F34/><W134/><G3/><T95/><D0/><U53/><E42/><V87/><F118/><W72/><G104/><T69/><D69/><U113/><E113/><V51/><F112/><W121/><G121/><T14/><D127/><U109/><E109/><V23/><F100/><W67/><G67/><T18/><D95/><U116/><E116/><V41/><F11/><W128/><G128/><T16/><D24/><U94/><E94/><V30/><F30/><W33/><G72/><T123/><D32/><U98/><E98/><V97/><F97/><W135/><G35/><T21/><D123/><U92/><E92/><V13/><F122/><W114/><G33/><T46/><REACH who="0" step="1"/><D59/><REACH who="0" ten="275,255,230,230" step="2"/><U29/><E26/><V68/><F120/><W108/><G114/><T75/><D75/><U77/><E73/><V105/><F68/><W52/><G108/><T111/><D111/><U102/><E102/><V25/><F105/><W101/><REACH who="3" step="1"/><G40/><AGARI ba="0,1" hai="8,14,15,16,18,21,40,46,49,76,79,129,130,131" machi="40" ten="40,5200,0" yaku="1,1,19,1,54,1,53,0" doraHai="107" doraHaiUra="82" who="0" fromWho="3" sc="275,62,255,0,230,0,230,-52" />
</Scene>
<Scene>
<INIT seed="2,0,0,5,4,76" ten="337,255,230,178" oya="2" hai0="64,116,113,128,105,88,107,27,12,15,65,100,115" hai1="43,68,21,35,122,3,45,5,77,99,129,62,74" hai2="55,38,67,112,72,26,14,66,11,61,109,73,102" hai3="54,46,94,44,40,4,69,1,2,0,119,78,108"/><V22/><F112/><W111/><G119/><T39/><D39/><U87/><E35/><V131/><F38/><W106/><G106/><T84/><D116/><U117/><E117/><V33/><F33/><W110/><G69/><T127/><D128/><U121/><E129/><V135/><F131/><W130/><G130/><T28/><D127/><U70/><E99/><V29/><F135/><W133/><G133/><T63/><D65/><U93/><E21/><V36/><F36/><W17/><G40/><T124/><D124/><U49/><E74/><V59/><F109/><W123/><G123/><N who="1" m="47114" /><E62/><V32/><F32/><W71/><G71/><T18/><D28/><U95/><E95/><V79/><F102/><W47/><G78/><T90/><D63/><U31/><E31/><V92/><F92/><W53/><G94/><T48/><D100/><U9/><E93/><V85/><F73/><W98/><G98/><T52/><D84/><U89/><E89/><V41/><F41/><W34/><G34/><T120/><D120/><U56/><E56/><V114/><F114/><W50/><G50/><T132/><D132/><U81/><AGARI ba="0,0" hai="3,5,9,43,45,49,68,70,77,81,87" m="47114" machi="81" ten="30,2000,0" yaku="13,1,52,1" doraHai="76" who="1" fromWho="1" sc="337,-5,255,20,230,-10,178,-5" />
</Scene>
<Scene>
<INIT seed="3,0,0,1,1,54" ten="332,275,220,173" oya="3" hai0="26,9,94,72,23,75,115,110,66,27,83,68,59" hai1="40,87,1,28,15,109,125,78,47,67,105,127,25" hai2="102,122,64,46,35,5,112,33,124,22,88,69,11" hai3="131,74,17,65,114,4,2,106,118,97,95,132,81"/><W123/><G106/><T53/><D110/><U107/><E1/><V19/><F112/><W82/><G114/><T12/><D115/><U79/><E109/><V99/><F124/><N who="1" m="47689" /><E67/><V126/><F126/><W21/><G118/><T3/><D3/><U135/><E15/><V121/><F46/><W70/><G123/><N who="2" m="47113" /><F64/><W29/><G29/><T63/><D94/><U90/><E135/><V98/><F69/><W80/><G131/><T7/><D83/><N who="1" m="49535" /><E78/><V36/><F36/><W48/><G132/><T113/><D113/><U76/><E76/><V100/><F11/><W71/><G74/><T84/><D84/><U55/><E55/><V91/><F5/><W49/><G4/><T128/><D128/><U119/><E79/><V58/><F98/><W116/><G2/><T86/><D86/><U134/><E134/><V104/><F100/><W43/><G116/><T41/><D41/><U20/><E119/><V56/><F35/><W51/><G43/><T50/><REACH who="0" step="1"/><D27/><REACH who="0" ten="322,275,220,173" step="2"/><U133/><E133/><V16/><F104/><W85/><G85/><T18/><AGARI ba="0,1" hai="7,9,12,18,23,26,50,53,59,63,66,68,72,75" machi="18" ten="20,12000,2" yaku="1,1,2,1,0,1,7,1,52,1,53,1" doraHai="54" doraHaiUra="60" who="0" fromWho="0" sc="322,130,275,-30,220,-30,173,-60" />
</Scene>
<Scene>
<INIT seed="4,0,0,4,5,25" ten="452,245,190,113" oya="0" hai0="59,122,19,66,62,18,6,84,127,74,7,22,132" hai1="87,13,56,105,131,4,121,58,12,32,69,81,92" hai2="78,106,90,2,113,128,125,45,102,129,40,115,95" hai3="48,14,112,21,76,42,91,28,100,72,0,111,24"/><T36/><D74/><U88/><E105/><V64/><F2/><W39/><G39/><T37/><D122/><U133/><E121/><V3/><F3/><W77/><G0/><T126/><D132/><U99/><E69/><V46/><F64/><W80/><G111/><T35/><D35/><U43/><E133/><V33/><F33/><W51/><G112/><N who="2" m="43081" /><F45/><W47/><G100/><T117/><D117/><U103/><E131/><N who="2" m="50251" /><F46/><W29/><G51/><T116/><D116/><U30/><E43/><V54/><F54/><W135/><G135/><T38/><D84/><U82/><E58/><V97/><F40/><W34/><G76/><T57/><D57/><U10/><E56/><V71/><F71/><W85/><G14/><T31/><D19/><U67/><E67/><V120/><F120/><W73/><REACH who="3" step="1"/><G77/><REACH who="3" ten="452,245,190,103" step="2"/><T89/><D36/><U110/><E13/><V16/><F78/><W9/><G9/><T124/><D37/><U41/><E12/><V118/><F118/><W20/><G20/><T86/><D38/><U60/><E10/><V11/><F11/><W104/><G104/><T109/><D22/><U101/><E32/><V114/><F114/><W83/><G83/><T63/><D126/><U26/><E82/><V79/><F79/><W61/><G61/><T44/><D127/><U52/><E81/><V17/><F125/><W5/><G5/><T119/><D124/><U65/><E60/><V1/><F1/><W55/><G55/><T134/><D62/><U130/><E52/><V50/><F50/><W93/><G93/><T123/><D63/><U108/><E4/><RYUUKYOKU ba="0,1" sc="452,-15,245,-15,190,15,103,15" hai2="16,17,90,95,97,102,106" hai3="21,24,28,29,34,42,47,48,72,73,80,85,91" />
</Scene>
<Scene>
<INIT seed="5,1,1,2,1,9" ten="437,230,205,118" oya="1" hai0="59,79,92,125,14,50,36,108,16,52,103,17,117" hai1="22,68,105,65,93,32,87,119,112,76,109,56,124" hai2="5,88,43,97,61,95,98,100,66,132,121,37,120" hai3="31,49,26,27,73,128,39,33,133,54,127,94,24"/><U19/><E105/><V130/><F130/><W106/><G106/><T42/><D108/><U111/><E32/><V38/><F132/><W53/><G73/><T45/><D117/><U110/><E119/><V99/><F5/><W70/><G70/><T81/><D125/><U104/><E104/><V90/><F100/><W21/><G39/><T126/><D126/><U10/><E124/><V11/><F11/><W80/><G128/><T6/><D92/><U12/><E68/><V30/><F30/><W25/><G133/><T89/><D89/><N who="1" m="53439" /><E76/><V57/><F90/><W134/><G134/><T1/><D103/><U122/><E122/><V2/><F2/><W4/><G4/><T13/><D1/><U7/><E112/><V67/><F67/><W116/><G116/><T113/><D113/><U18/><E22/><V115/><F115/><W55/><G127/><T86/><D6/><U123/><E123/><V15/><F38/><W62/><G62/><AGARI ba="1,1" hai="7,10,12,18,19,56,62,65,109,110,111" m="53439" machi="62" ten="30,2900,0" yaku="10,1,52,1" doraHai="9" who="1" fromWho="3" sc="437,0,230,42,205,0,118,-32" />
</Scene>
<Scene>
<INIT seed="5,2,0,4,5,105" ten="437,272,205,86" oya="1" hai0="11,119,68,4,73,17,104,29,10,133,85,9,70" hai1="114,52,109,123,38,94,102,21,99,124,3,112,48" hai2="61,13,43,30,135,46,130,132,113,89,7,66,56" hai3="1,47,95,110,69,122,117,82,71,5,92,34,37"/><U126/><E38/><V8/><F130/><W33/><G110/><T60/><D119/><U57/><E123/><V67/><F30/><W86/><G122/><T118/><D118/><U88/><E3/><V62/><F89/><W75/><G117/><T107/><D73/><U98/><E21/><V108/><F108/><W25/><G92/><T15/><D133/><N who="2" m="51274" /><F113/><N who="1" m="43625" /><E109/><V59/><F46/><W81/><G95/><AGARI ba="2,0" hai="48,52,57,88,94,95,98,99,102,124,126" m="43625" machi="95" ten="30,5800,0" yaku="15,1,54,2" doraHai="105" who="1" fromWho="3" sc="437,0,272,64,205,0,86,-64" />
</Scene>
<Scene>
<INIT seed="5,3,0,5,3,15" ten="437,336,205,22" oya="1" hai0="17,96,92,90,135,103,26,7,63,126,107,101,49" hai1="54,99,3,119,118,2,129,128,79,51,41,58,13" hai2="40,23,44,8,112,56,57,60,32,39,43,22,87" hai3="4,62,11,109,115,123,0,131,55,76,75,30,88"/><U25/><E25/><V38/><F32/><W86/><G123/><T68/><D135/><U100/><E79/><V89/><F112/><W29/><G109/><T61/><D126/><U35/><E35/><V122/><F122/><W98/><G131/><N who="1" m="50250" /><E41/><V127/><F127/><W47/><G115/><T121/><D121/><U19/><E99/><V20/><F8/><W125/><G125/><T97/><D68/><U132/><E100/><V130/><F130/><W33/><G33/><T72/><D72/><U45/><E45/><V81/><F43/><W93/><G75/><T42/><D103/><U73/><E73/><V111/><F111/><W27/><G27/><T113/><D113/><U91/><E91/><V117/><F117/><N who="1" m="44553" /><E132/><V34/><F34/><W28/><G76/><T83/><D83/><U16/><E13/><V36/><REACH who="2" step="1"/><F57/><REACH who="2" ten="437,336,195,22" step="2"/><W95/><G62/><T52/><D63/><U66/><E66/><AGARI ba="3,1" hai="20,22,23,36,38,39,40,44,56,60,66,81,87,89" machi="66" ten="40,2600,0" yaku="1,1,2,1,53,0" doraHai="15" doraHaiUra="74" who="2" fromWho="1" sc="437,0,336,-35,195,45,22,0" />
</Scene>
<Scene>
<INIT seed="6,0,0,5,5,46" ten="437,301,240,22" oya="2" hai0="4,91,76,92,47,111,116,121,128,54,35,60,135" hai1="53,100,21,65,90,98,120,40,23,63,36,85,112" hai2="41,57,49,126,56,95,93,58,22,9,37,61,20" hai3="83,15,69,25,3,43,64,80,130,18,24,72,5"/><V132/><F132/><W77/><G80/><T50/><D35/><U67/><E112/><V7/><F37/><W88/><G130/><T96/><D121/><U87/><E120/><V113/><F113/><W16/><G43/><T13/><D111/><U14/><E36/><V48/><F41/><W71/><G3/><T17/><D128/><U2/><E40/><V73/><F73/><W81/><G5/><T34/><D34/><U133/><E2/><V12/><F126/><W62/><G71/><T29/><D135/><U19/><E133/><V8/><F61/><W117/><G117/><T66/><D116/><U59/><E23/><N who="2" m="8747" /><F9/><W103/><G103/><T42/><D29/><U127/><E127/><V68/><F68/><W44/><G44/><T84/><D4/><U74/><E74/><V38/><F38/><W106/><G106/><T104/><D104/><U51/><E90/><V1/><F1/><W28/><G28/><T31/><D31/><U119/><E119/><V78/><F78/><W79/><G79/><T102/><D76/><U108/><E108/><V105/><F105/><W99/><G18/><T94/><D42/><U131/><E131/><V122/><F122/><W0/><G0/><T45/><D60/><U27/><E27/><V32/><F32/><W109/><G109/><T55/><D66/><N who="1" m="25099" /><E63/><V114/><F114/><W33/><G33/><T124/><D124/><U118/><E118/><V101/><F101/><W30/><G30/><T97/><D102/><U10/><E10/><V82/><F82/><W86/><G99/><T26/><D96/><U89/><E100/><RYUUKYOKU ba="0,0" sc="437,-30,301,10,240,10,22,10" hai1="14,19,21,51,53,59,85,87,89,98" hai2="7,8,12,48,49,56,57,58,93,95" hai3="15,16,24,25,62,64,69,72,77,81,83,86,88" />
</Scene>
<Scene>
<INIT seed="6,1,0,3,3,0" ten="407,311,250,32" oya="2" hai0="130,53,97,79,1,60,81,75,19,13,129,42,43" hai1="87,93,21,3,48,98,41,114,9,135,90,28,51" hai2="7,94,64,131,83,95,40,108,120,22,112,59,96" hai3="121,15,61,6,99,12,55,20,68,8,123,127,36"/><V70/><F120/><W92/><G127/><T31/><D1/><U119/><E119/><V104/><F70/><W91/><G36/><T29/><D97/><U122/><E114/><V33/><F33/><W71/><G71/><T106/><D106/><U27/><E122/><V30/><F104/><W78/><G78/><T46/><D53/><U111/><E111/><V14/><F112/><W65/><REACH who="3" step="1"/><G55/><REACH who="3" ten="407,311,250,22" step="2"/><T58/><D79/><U105/><E41/><V2/><F40/><W56/><G56/><T10/><D58/><U35/><E135/><V17/><F59/><W80/><G80/><T107/><D81/><U23/><E51/><V52/><F52/><W69/><G69/><T101/><D43/><U103/><E48/><V132/><F132/><W133/><G133/><T86/><D42/><U124/><E124/><V72/><F83/><W39/><G39/><T76/><D76/><U49/><E49/><V44/><F108/><W125/><G125/><T88/><D46/><U5/><AGARI ba="1,1" hai="3,5,9,21,23,27,28,35,87,90,93,98,103,105" machi="5" ten="30,2000,0" yaku="0,1,52,1" doraHai="0" who="1" fromWho="1" sc="407,-6,311,33,250,-11,22,-6" />
</Scene>
<Scene>
<INIT seed="7,0,0,4,4,111" ten="401,344,239,16" oya="3" hai0="56,130,65,112,94,16,103,72,18,85,36,64,132" hai1="110,91,22,50,89,87,8,44,34,29,121,93,4" hai2="71,86,125,20,79,48,53,14,98,43,131,32,57" hai3="33,69,39,133,100,74,119,102,115,7,123,62,128"/><W117/><G7/><T120/><D120/><U15/><E110/><V129/><F32/><W113/><G62/><T108/><D108/><U21/><E121/><V77/><F71/><W24/><G24/><T30/><D72/><U2/><E2/><V67/><F67/><W90/><G90/><T106/><D36/><U96/><E34/><V35/><F35/><W26/><G26/><T41/><D41/><U38/><E38/><V124/><F43/><W12/><G12/><T52/><D30/><U107/><E29/><V60/><F48/><W42/><G42/><T66/><D106/><U9/><E9/><V3/><F3/><W83/><G83/><T88/><D103/><U1/><E1/><V23/><F98/><W61/><G61/><T10/><D10/><U55/><REACH who="1" step="1"/><E107/><REACH who="1" ten="401,334,239,16" step="2"/><V118/><F118/><W99/><G99/><T54/><D18/><U5/><E5/><V134/><F134/><W84/><G84/><T80/><D132/><U11/><E11/><V109/><F109/><W19/><G19/><T73/><D16/><U116/><E116/><V45/><F60/><W76/><G76/><T40/><D65/><U70/><E70/><V126/><F86/><W59/><G59/><T75/><D66/><U58/><E58/><V6/><F57/><W82/><G82/><AGARI ba="0,1" hai="4,8,15,21,22,44,50,55,82,87,89,91,93,96" machi="82" ten="30,3900,0" yaku="1,1,7,1,8,1,53,0" doraHai="111" doraHaiUra="31" who="1" fromWho="3" sc="401,0,334,49,239,0,16,-39" owari="401,50.0,383,18.0,239,-16.0,-23,-52.0" />
</Scene>
</mjloggm>