<mjloggm ver="2.3"><GO type="169" lobby="0"/><UN n0="%E7%8B%AC%E6%AD%A9" n1="%E3%82%A2%E3%82%B9%E3%82%BF%E3%83%8A" n2="%41%53%41%50%49%4E" n3="%E3%83%80%E3%83%9E%E3%83%86%E3%83%B3" dan="18,16,19,16" rate="2209.92,2121.70,2260.07,2067.74" sx="M,M,M,M"/><TAIKYOKU oya="0"/>

<Scene>
<INIT seed="0,0,0,4,3,96" ten="250,250,250,250" oya="0" hai0="52,50,132,60,124,36,117,110,32,100,130,39,6" hai1="134,74,18,129,31,75,57,80,104,121,94,92,10" hai2="102,54,61,51,78,49,53,95,41,62,84,109,108" hai3="3,44,27,48,82,55,13,118,98,111,34,1,4"/><T26/><D117/><U42/><E104/><V125/><F78/><W23/><G118/><T2/><D130/><U25/><E42/><V73/><F73/><W7/><G34/><T123/><D123/><U107/><E107/><V89/><F41/><W19/><G111/><N who="2" m="42569" /><F125/><W66/><G66/><T38/><D110/><U17/><E129/><V93/><F51/><W59/><G1/><T131/><D131/><U88/><E57/><V14/><F14/><W105/><G3/><T126/><D132/><U22/><E134/><V43/><F43/><N who="3" m="24607" /><G105/><T15/><D2/><U67/><E75/><V16/><F16/><N who="3" m="12775" /><G98/><T9/><D60/><U35/><E74/><V64/><F49/><N who="3" m="31215" /><G82/><T37/><D37/><U101/><E80/><V120/><F120/><W115/><G115/><T56/><D32/><U46/><E35/><V112/><F112/><W113/><G113/><T5/><D26/><U12/><E25/><V103/><F93/><W0/><G0/><T47/><D47/><U72/><E94/><V127/><F127/><N who="0" m="48682" /><D5/><U122/><E46/><V24/><F24/><W86/><G86/><T119/><D119/><U133/><E72/><V65/><F65/><W99/><G99/><T76/><D76/><U91/><E67/><V128/><F128/><W81/><G81/><T20/><D20/><AGARI ba="0,0" hai="4,7,13,19,20" m="31215,12775,24607" machi="20" ten="30,2000,0" yaku="8,1,54,1" doraHai="96" who="3" fromWho="0" sc="250,-20,250,0,250,0,250,20" />
</Scene>
<Scene>
<INIT seed="1,0,0,3,0,40" ten="230,250,250,270" oya="1" hai0="15,6,100,104,103,98,38,17,27,119,46,22,14" hai1="5,25,7,99,11,31,134,28,29,135,1,132,131" hai2="110,94,92,13,133,107,47,106,59,120,121,71,85" hai3="63,53,33,57,127,96,88,105,41,95,12,42,21"/><U81/><E81/><V87/><F71/><W113/><G113/><T101/><D119/><U80/><E80/><V65/><F13/><W112/><G112/><T93/><D104/><U126/><E99/><V115/><F115/><W122/><G122/><T8/><REACH who="0" step="1"/><D14/><REACH who="0" ten="220,250,250,270" step="2"/><U66/><E126/><V111/><F107/><W24/><G127/><T32/><D32/><U34/><E66/><V67/><F106/><W89/><G105/><T56/><D56/><U76/><E76/><V37/><F59/><W77/><G33/><T43/><AGARI ba="0,1" hai="6,8,15,17,22,27,38,43,46,93,98,100,101,103" machi="43" ten="30,4000,0" yaku="1,1,0,1,52,1,53,0" doraHai="40" doraHaiUra="116" who="0" fromWho="0" sc="220,50,250,-20,250,-10,270,-10" />
</Scene>
<Scene>
<INIT seed="2,0,0,0,5,125" ten="270,230,240,260" oya="2" hai0="93,117,38,105,92,74,80,70,83,35,62,135,98" hai1="31,60,132,97,127,56,22,76,106,122,115,81,67" hai2="33,13,3,24,21,112,49,78,0,124,61,7,77" hai3="131,2,48,46,39,88,17,8,103,116,28,130,68"/><V41/><F112/><W113/><G116/><T121/><D35/><U128/><E115/><V45/><F124/><W58/><G68/><T43/><D38/><U114/><E114/><V9/><F61/><W73/><G113/><T95/><D43/><U66/><E127/><V36/><F36/><W71/><G71/><T55/><D55/><U19/><E122/><V75/><F75/><W26/><G103/><T87/><D62/><U6/><E6/><V107/><F107/><W40/><G73/><T82/><D70/><U118/><E118/><V123/><F123/><W111/><G111/><T32/><D32/><U42/><E42/><V96/><F96/><W1/><G88/><N who="0" m="51327" /><D135/><U12/><E132/><V120/><F120/><W18/><G1/><T47/><D47/><U108/><E108/><V65/><F65/><W104/><G104/><T27/><D27/><U119/><E119/><V10/><F33/><N who="3" m="20631" /><G2/><T14/><D121/><U100/><E31/><V44/><F44/><N who="3" m="23583" /><G58/><T126/><D14/><U34/><E34/><V23/><F0/><W89/><G89/><T134/><D134/><U5/><E5/><V37/><F37/><W16/><G46/><T29/><D126/><U50/><E66/><V91/><F91/><W4/><G48/><T110/><D117/><U52/><E67/><V69/><F69/><W72/><G72/><T79/><D110/><U59/><E59/><V133/><F133/><W85/><G85/><T54/><D105/><U101/><E60/><V57/><F57/><W51/><G51/><T99/><D74/><U90/><E106/><V11/><F41/><RYUUKYOKU ba="0,0" sc="270,-10,230,-10,240,-10,260,30" hai3="4,8,16,17,18,130,131" />
</Scene>
<Scene>
<INIT seed="3,1,0,3,4,15" ten="260,220,230,290" oya="3" hai0="49,66,112,121,13,17,88,127,100,33,126,120,101" hai1="69,92,107,41,123,57,67,16,65,52,97,76,45" hai2="110,119,131,7,51,74,71,102,34,6,39,96,130" hai3="11,118,108,106,128,64,122,61,85,115,78,26,0"/><W46/><G122/><T116/><D33/><U14/><E123/><N who="0" m="47177" /><D116/><U90/><E69/><V83/><F119/><W31/><G118/><T10/><D66/><U40/><E107/><V132/><F39/><W30/><G115/><T81/><D49/><N who="1" m="30863" /><E76/><N who="2" m="44439" /><F34/><W44/><G106/><T91/><D112/><U113/><E113/><V54/><F132/><W134/><G134/><T36/><D36/><U18/><E45/><N who="2" m="28015" /><F110/><W9/><G108/><T19/><D100/><U89/><E90/><N who="0" m="34345" /><D81/><U117/><E117/><V109/><F71/><W135/><G135/><T105/><D101/><U24/><E24/><V86/><F86/><W4/><G11/><T42/><D42/><N who="1" m="16491" /><E14/><V35/><F35/><W25/><G25/><T2/><D2/><U104/><E104/><N who="2" m="63559" /><F109/><W3/><G3/><T129/><D105/><U21/><E21/><V56/><F56/><W48/><G0/><T103/><D103/><U12/><E12/><V38/><F38/><W93/><G26/><T111/><D111/><U50/><E50/><V8/><F8/><W59/><G48/><T22/><D22/><U5/><E5/><V87/><F7/><W80/><G4/><N who="0" m="3271" /><D129/><U95/><E92/><V84/><F6/><W73/><G128/><T1/><D1/><U75/><E75/><V47/><F47/><N who="3" m="17963" /><G9/><T28/><D28/><N who="3" m="10793" /><G73/><T20/><D20/><U62/><E62/><V23/><F23/><W53/><G93/><T60/><D60/><U77/><E77/><V29/><F29/><W43/><G43/><T124/><AGARI ba="1,0" hai="17,19,124,126,127" m="3271,34345,47177" machi="124" ten="40,8000,1" yaku="18,1,52,2,54,1" doraHai="15" who="0" fromWho="0" sc="260,83,220,-21,230,-21,290,-41" />
</Scene>
<Scene>
<INIT seed="4,0,0,0,5,121" ten="343,199,209,249" oya="0" hai0="102,32,3,98,56,94,132,12,47,28,113,58,18" hai1="122,40,37,129,8,93,125,105,87,75,30,97,6" hai2="45,48,20,109,101,42,114,120,103,63,9,127,64" hai3="60,81,59,91,119,36,135,88,46,123,44,53,26"/><T86/><D3/><U57/><E122/><V35/><F120/><W89/><G123/><T78/><D113/><U110/><E75/><V133/><F35/><W19/><G119/><T118/><D118/><U95/><E30/><V17/><F114/><W128/><G128/><T79/><D132/><U2/><E105/><V112/><F112/><W24/><G135/><T99/><D28/><U11/><E129/><V22/><F133/><W39/><G39/><T15/><D15/><U74/><E125/><V14/><F109/><W34/><G34/><T55/><D98/><U65/><E74/><V69/><F127/><W29/><G36/><T62/><D32/><U25/><E25/><N who="3" m="9834" /><G29/><T33/><D33/><U21/><E21/><V85/><F22/><W27/><G81/><T80/><D58/><U115/><E57/><V70/><F70/><W73/><G73/><T84/><D47/><U77/><E37/><V106/><F106/><W67/><G67/><T50/><D84/><U38/><E87/><V83/><REACH who="2" step="1"/><F20/><AGARI ba="0,0" hai="19,20,27,44,46,53,59,60,88,89,91" m="9834" machi="20" ten="30,2000,0" yaku="8,1,54,1" doraHai="121" who="3" fromWho="2" sc="343,0,199,0,209,-20,249,20" />
</Scene>
<Scene>
<INIT seed="5,0,0,2,3,97" ten="343,199,189,269" oya="1" hai0="125,57,84,18,102,68,114,44,63,24,111,21,121" hai1="69,115,73,12,122,2,95,112,71,50,10,40,123" hai2="0,110,105,104,51,124,53,35,30,17,59,67,20" hai3="82,9,75,41,3,55,134,74,91,29,99,43,126"/><U46/><E73/><V135/><F110/><W116/><G116/><T26/><D68/><U86/><E2/><V42/><F0/><W5/><G134/><T27/><D111/><U28/><E28/><V7/><F7/><W96/><G126/><T49/><D125/><U81/><E95/><V90/><F124/><W37/><G29/><T119/><D119/><U133/><E133/><V76/><F135/><W113/><G113/><N who="1" m="43594" /><E69/><V127/><F127/><W52/><G74/><T11/><D121/><U33/><E33/><V16/><F76/><N who="3" m="44319" /><G41/><N who="0" m="24719" /><D114/><U4/><E71/><V117/><F117/><W85/><G99/><T31/><D84/><U103/><E103/><V39/><F35/><W8/><G96/><T60/><D102/><U107/><E107/><V36/><F105/><W22/><G22/><T87/><D87/><U131/><E131/><V72/><F104/><W13/><G91/><AGARI ba="0,0" hai="4,10,12,40,46,50,81,86,91,122,123" m="43594" machi="91" ten="30,1500,0" yaku="15,1" doraHai="97" who="1" fromWho="3" sc="343,0,199,15,189,0,269,-15" />
</Scene>
<Scene>
<INIT seed="5,1,0,1,1,12" ten="343,214,189,254" oya="1" hai0="43,80,47,85,120,131,116,27,123,84,73,95,59" hai1="90,19,8,69,101,40,20,92,64,17,112,94,102" hai2="53,44,35,113,86,4,83,133,39,30,45,49,37" hai3="74,68,2,54,11,87,66,110,126,127,13,51,22"/><U121/><E121/><V33/><F133/><W134/><G74/><T93/><D116/><U106/><E106/><V28/><F4/><W63/><G110/><T29/><D59/><U46/><E69/><V118/><F118/><W98/><G134/><T70/><D70/><U89/><E64/><V129/><F129/><W135/><G135/><T115/><D115/><U117/><E117/><V67/><F67/><W38/><G38/><T99/><D73/><U125/><E112/><V31/><F113/><W15/><G98/><T56/><D56/><U65/><E65/><V108/><F108/><W124/><G87/><T111/><D111/><U88/><E125/><V16/><F16/><N who="1" m="6217" /><E8/><V23/><F23/><W72/><G22/><T81/><D131/><U41/><E20/><V21/><F21/><W24/><G24/><T42/><D27/><U75/><E75/><V91/><REACH who="2" step="1"/><F44/><REACH who="2" ten="343,214,179,254" step="2"/><N who="3" m="28007" /><G72/><T76/><D47/><U6/><E6/><AGARI ba="1,1" hai="2,6,11,13,15,63,66,68,124,126,127" m="28007" machi="6" ten="30,1000,0" yaku="18,1" doraHai="12" who="3" fromWho="1" sc="343,0,214,-13,179,0,254,23" />
</Scene>
<Scene>
<INIT seed="6,0,0,1,3,78" ten="343,201,179,277" oya="2" hai0="12,39,66,77,65,109,96,105,28,14,42,8,58" hai1="71,51,63,64,56,44,81,131,11,21,55,20,48" hai2="75,68,97,32,111,76,116,25,114,45,107,129,2" hai3="94,91,0,100,102,37,53,90,46,59,69,72,84"/><V117/><RYUUKYOKU type="yao9" ba="0,0" sc="343,0,201,0,179,0,277,0" hai2="2,25,32,45,68,75,76,97,107,111,114,116,117,129" />
</Scene>
<Scene>
<INIT seed="6,1,0,0,0,66" ten="343,201,179,277" oya="2" hai0="131,48,116,90,95,40,80,102,78,64,60,43,76" hai1="16,111,72,6,83,75,63,97,92,93,14,7,84" hai2="8,11,85,100,126,53,134,129,133,109,132,42,120" hai3="57,21,34,125,114,115,65,99,86,9,91,110,49"/><V71/><F120/><W94/><G110/><T20/><D131/><U135/><E111/><V128/><F109/><W26/><G125/><T24/><D102/><U31/><E135/><V22/><F126/><W101/><G34/><T27/><D27/><U122/><E122/><V73/><F73/><W103/><G9/><N who="2" m="3657" /><F42/><W44/><G57/><T4/><D4/><U51/><E72/><V38/><F38/><W88/><G65/><T12/><D12/><U89/><E75/><V19/><F100/><W52/><G114/><T119/><D48/><U87/><E31/><V107/><F107/><W2/><G2/><T108/><D108/><U1/><E1/><V121/><F121/><W124/><G115/><T67/><D40/><U104/><E104/><V0/><F0/><W56/><G44/><T25/><D43/><U29/><E29/><V33/><F33/><W62/><G49/><T41/><D41/><U30/><E30/><V46/><F85/><W79/><G79/><T61/><D20/><N who="1" m="11287" /><E51/><N who="2" m="28919" /><F71/><W55/><G55/><T5/><D119/><U74/><E74/><V18/><F18/><N who="3" m="12599" /><G124/><T130/><D116/><U36/><E36/><V47/><F47/><W123/><G123/><T112/><D112/><U3/><E3/><V50/><F50/><W105/><G105/><T15/><D60/><U113/><E63/><V118/><F118/><W96/><G96/><T45/><D61/><U17/><E113/><V23/><F23/><W69/><G69/><T98/><D45/><U58/><E58/><V106/><F106/><W117/><G117/><T54/><D67/><U37/><E37/><RYUUKYOKU ba="1,0" sc="343,-15,201,-15,179,15,277,15" hai2="19,22,128,129,132,133,134" hai3="52,56,62,86,88,91,94,99,101,103" />
</Scene>
<Scene>
<INIT seed="6,2,0,3,5,25" ten="328,186,194,292" oya="2" hai0="82,127,129,120,68,3,56,114,45,14,30,130,117" hai1="71,28,131,98,102,128,132,73,118,115,38,76,64" hai2="90,81,57,89,34,75,97,1,39,29,95,80,16" hai3="112,7,11,51,124,18,106,50,65,108,92,5,121"/><V105/><F39/><W55/><G108/><T9/><D120/><U23/><E118/><V66/><F1/><W15/><G121/><T61/><D117/><U74/><E38/><V116/><F116/><W6/><G106/><T54/><D3/><U79/><E71/><V10/><F75/><N who="1" m="28681" /><E64/><V85/><F105/><W26/><G124/><T44/><D114/><U67/><E67/><V59/><F66/><W8/><G112/><T13/><D13/><U12/><E115/><V21/><F81/><W17/><G65/><T87/><D68/><U77/><E132/><V86/><F97/><W72/><G72/><T36/><D30/><U134/><E134/><V110/><F110/><W103/><G55/><T122/><D122/><U104/><E12/><N who="2" m="7191" /><F34/><W2/><G2/><T133/><D127/><U60/><E60/><V20/><F20/><N who="3" m="13591" /><G8/><T63/><D63/><U111/><E111/><V109/><F109/><W78/><G78/><T96/><D96/><AGARI ba="2,0" hai="5,6,7,11,15,17,50,51,92,96,103" m="13591" machi="96" ten="30,1000,0" yaku="8,1" doraHai="25" who="3" fromWho="0" sc="328,-16,186,0,194,0,292,16" />
</Scene>
<Scene>
<INIT seed="7,0,0,1,5,135" ten="312,186,194,308" oya="3" hai0="68,54,20,21,8,55,122,4,36,86,57,133,46" hai1="94,63,41,42,120,77,7,91,39,115,5,89,3" hai2="130,47,129,109,131,59,103,96,35,22,31,26,79" hai3="11,44,64,14,118,104,73,6,62,15,48,84,134"/><W81/><G118/><T90/><D68/><U108/><E108/><V32/><F109/><W128/><G134/><T124/><D124/><U83/><E120/><V58/><F79/><W72/><G104/><T16/><D133/><U19/><E3/><V34/><F47/><W126/><G15/><N who="0" m="7271" /><D4/><N who="1" m="1611" /><E39/><V45/><F45/><W61/><G128/><T49/><D122/><U69/><E69/><V76/><F76/><W29/><G126/><T71/><D71/><U98/><E115/><V28/><F28/><W106/><G29/><T117/><D117/><U110/><E110/><V65/><F65/><W80/><G106/><AGARI ba="0,0" hai="22,26,31,32,34,35,58,59,96,103,106,129,130,131" machi="106" ten="50,1600,0" yaku="19,1" doraHai="135" who="2" fromWho="3" sc="312,0,186,0,194,16,308,-16" owari="312,41.0,186,-31.0,210,-19.0,292,9.0" />
</Scene>
</mjloggm>