<mjloggm ver="2.3"><GO type="169" lobby="0"/><UN n0="%41%53%41%50%49%4E" n1="%E5%8D%9A%E5%BE%92" n2="%61%6D%65%64%69%6F" n3="%E3%82%B3%E3%83%AD%E3%83%A9%E3%83%89" dan="19,16,16,17" rate="2247.56,2045.33,2095.70,2195.01" sx="M,M,M,M"/><TAIKYOKU oya="0"/>

<Scene>
<INIT seed="0,0,0,4,4,62" ten="250,250,250,250" oya="0" hai0="17,5,107,1,45,33,131,9,81,54,8,64,118" hai1="18,103,115,114,133,105,66,126,79,10,91,124,113" hai2="108,119,31,2,65,16,123,46,76,67,40,35,120" hai3="96,127,63,92,61,19,57,82,12,27,39,83,99"/><T73/><D118/><U95/><E10/><V86/><F2/><W70/><G39/><T129/><D107/><U4/><E4/><V51/><F119/><W13/><G127/><N who="1" m="48682" /><E18/><V116/><F116/><W77/><G99/><T78/><D33/><U93/><E133/><V32/><F32/><W117/><G117/><T53/><D64/><U43/><E43/><V130/><F35/><W122/><G122/><T30/><D30/><U36/><E36/><V55/><F31/><W52/><G70/><T106/><D106/><U20/><E20/><V48/><F120/><W125/><G63/><T101/><D101/><U22/><E66/><N who="2" m="25099" /><F130/><N who="0" m="49674" /><D45/><U60/><E60/><V80/><F108/><W74/><G125/><T135/><D135/><U112/><E22/><V56/><F123/><W87/><G19/><AGARI ba="0,0" hai="16,19,40,46,48,51,55,56,76,80,86" m="25099" machi="19" ten="30,8000,1" yaku="8,1,52,3,54,1" doraHai="62" who="2" fromWho="3" sc="250,0,250,0,250,80,250,-80" />
</Scene>
<Scene>
<INIT seed="1,0,0,4,3,86" ten="250,250,330,170" oya="1" hai0="122,62,116,125,53,91,15,45,79,19,29,55,104" hai1="72,24,7,44,127,50,65,64,13,135,132,126,14" hai2="40,41,58,129,98,22,66,59,52,27,56,16,80" hai3="28,46,133,76,102,93,36,35,120,78,89,3,73"/><U70/><E72/><V26/><F129/><W92/><G120/><T130/><D116/><U71/><E24/><V114/><F114/><W85/><G3/><T128/><D104/><U83/><E83/><V99/><F27/><W118/><G73/><T2/><D2/><U49/><E44/><V11/><F11/><W4/><G4/><AGARI ba="0,0" hai="4,7,13,14,49,50,64,65,70,71,126,127,132,135" machi="4" ten="25,2400,0" yaku="22,2" doraHai="86" who="1" fromWho="3" sc="250,0,250,24,330,0,170,-24" />
</Scene>
<Scene>
<INIT seed="1,1,0,2,4,73" ten="250,274,330,146" oya="1" hai0="3,87,110,65,19,28,39,115,40,22,107,128,100" hai1="59,120,56,67,96,57,50,83,97,23,15,112,10" hai2="25,113,124,17,129,90,71,35,26,29,46,116,42" hai3="91,37,114,98,127,36,108,121,94,64,66,33,53"/><U11/><E112/><V89/><F113/><W16/><G114/><T88/><D115/><RYUUKYOKU type="kaze4" ba="1,0" sc="250,0,274,0,330,0,146,0" />
</Scene>
<Scene>
<INIT seed="1,2,0,0,5,98" ten="250,274,330,146" oya="1" hai0="2,33,61,114,104,57,111,78,108,102,91,106,72" hai1="50,122,95,39,121,71,115,15,13,75,88,38,81" hai2="19,1,89,87,3,112,0,30,127,54,113,101,107" hai3="69,5,123,94,119,60,97,23,83,62,93,53,118"/><U45/><E115/><N who="2" m="44107" /><F30/><W126/><G123/><T9/><D114/><U42/><E71/><V76/><F76/><W96/><G126/><T124/><D33/><U34/><E34/><V103/><F107/><W116/><G5/><N who="0" m="1207" /><D124/><U10/><E121/><V51/><F19/><W16/><G83/><N who="0" m="45511" /><D91/><U12/><E122/><V49/><F127/><W26/><G69/><T59/><D102/><N who="2" m="38922" /><F54/><W52/><G116/><T6/><D6/><U48/><E10/><V128/><F128/><W27/><G16/><T36/><D104/><U55/><E75/><V130/><F130/><W40/><G40/><T28/><D106/><U100/><E81/><AGARI ba="2,0" hai="0,1,3,49,51,81,87,89" m="38922,44107" machi="81" ten="40,8000,1" yaku="11,1,52,3" doraHai="98" who="2" fromWho="1" sc="250,0,274,-86,330,86,146,0" />
</Scene>
<Scene>
<INIT seed="2,0,0,0,0,33" ten="250,188,416,146" oya="2" hai0="10,92,96,11,9,50,116,27,6,1,53,86,62" hai1="120,17,112,12,32,5,99,46,35,57,49,38,36" hai2="80,34,65,108,78,51,134,66,42,109,125,18,103" hai3="52,101,14,95,15,59,126,7,106,130,122,25,102"/><V110/><F34/><W56/><G122/><T132/><D132/><U128/><E112/><V77/><F134/><W70/><G70/><T81/><D116/><U123/><E5/><V13/><F103/><W29/><G106/><T121/><D121/><N who="1" m="46667" /><E128/><V30/><F30/><W21/><G130/><T91/><D27/><U129/><E129/><V8/><F125/><W24/><G126/><T83/><D62/><U54/><E99/><V23/><F23/><N who="3" m="15519" /><G59/><T111/><D83/><U73/><E73/><V87/><F78/><W119/><G119/><T98/><D111/><U127/><E127/><V85/><F85/><W22/><G22/><T43/><D43/><N who="1" m="22887" /><E38/><V61/><F61/><N who="3" m="35975" /><G7/><T74/><D74/><U113/><E113/><V97/><F97/><N who="3" m="59583" /><G102/><T94/><D98/><U2/><E2/><V4/><REACH who="2" step="1"/><F18/><AGARI ba="0,0" hai="14,15,18,21,25" m="59583,35975,15519" machi="18" ten="30,2000,0" yaku="8,1,54,1" doraHai="33" who="3" fromWho="2" sc="250,0,188,0,416,-20,146,20" />
</Scene>
<Scene>
<INIT seed="3,0,0,5,2,57" ten="250,188,396,166" oya="3" hai0="126,106,101,41,121,95,9,17,38,97,31,90,114" hai1="102,75,37,28,99,133,0,60,47,105,111,2,118" hai2="131,134,84,88,113,91,25,123,115,124,116,4,58" hai3="86,23,3,14,72,35,63,135,12,18,29,98,59"/><W96/><G72/><T50/><D121/><U128/><E111/><V22/><F116/><W77/><G3/><T108/><D38/><U104/><E118/><V49/><F123/><W5/><G135/><T109/><D126/><U132/><E105/><V130/><F124/><W119/><G119/><T85/><D114/><U10/><E75/><V61/><F49/><W26/><G77/><T112/><D112/><U19/><E28/><V117/><F91/><W82/><G86/><T92/><D31/><U20/><E128/><N who="2" m="49195" /><F4/><W74/><G82/><T54/><D41/><U53/><E37/><V30/><F134/><N who="1" m="51817" /><E10/><V78/><F78/><W21/><G74/><T68/><D68/><U45/><E45/><V15/><F15/><W8/><REACH who="3" step="1"/><G35/><REACH who="3" ten="250,188,396,156" step="2"/><T107/><D108/><U129/><E129/><V24/><F117/><W32/><G32/><T94/><D109/><U70/><E0/><V89/><F115/><W65/><AGARI ba="0,1" hai="5,8,12,14,18,21,23,26,29,59,63,65,96,98" machi="65" ten="20,12000,1" yaku="1,1,0,1,7,1,8,1,52,1,53,0" doraHai="57" doraHaiUra="125" who="3" fromWho="3" sc="250,-40,188,-40,396,-40,156,130" />
</Scene>
<Scene>
<INIT seed="3,1,0,2,5,17" ten="210,148,356,286" oya="3" hai0="8,121,15,27,133,11,4,6,53,86,112,105,5" hai1="82,36,47,99,25,26,111,77,1,103,13,120,129" hai2="75,87,92,102,109,49,122,79,12,43,131,58,21" hai3="101,19,23,40,117,32,2,57,73,66,31,61,85"/><W37/><G73/><T30/><D105/><U63/><E1/><V42/><F75/><W76/><G117/><T74/><D74/><U41/><E120/><V98/><F122/><W115/><G115/><T62/><D121/><U114/><E111/><V56/><F109/><W107/><G2/><T118/><D118/><U104/><E129/><V135/><F131/><W68/><G37/><T10/><D112/><U128/><E128/><V100/><F100/><W70/><G40/><T67/><D133/><U119/><E119/><V52/><F58/><W7/><G7/><T125/><D125/><U95/><E104/><V127/><F135/><W34/><G101/><T110/><D110/><U50/><E36/><V90/><F79/><W20/><G107/><T22/><D86/><U51/><E114/><V124/><F127/><W35/><G31/><T83/><D83/><U93/><E93/><N who="2" m="58703" /><F124/><W94/><G23/><T9/><REACH who="0" step="1"/><D53/><REACH who="0" ten="200,148,356,286" step="2"/><U106/><E106/><V123/><F123/><W46/><G94/><T132/><D132/><U45/><E82/><V130/><F130/><W78/><G85/><T38/><D38/><U18/><E77/><V54/><F54/><W44/><G78/><T28/><D28/><U80/><E80/><V14/><F14/><W3/><G76/><T126/><D126/><U48/><E41/><V88/><F90/><W24/><REACH who="3" step="1"/><G3/><REACH who="3" ten="200,148,356,276" step="2"/><T69/><AGARI ba="1,2" hai="4,5,6,8,9,10,11,15,22,27,30,62,67,69" machi="69" ten="30,4000,0" yaku="1,1,0,1,52,1,53,0" doraHai="17" doraHaiUra="33" who="0" fromWho="0" sc="200,63,148,-11,356,-11,276,-21" />
</Scene>
<Scene>
<INIT seed="4,0,0,1,2,118" ten="263,137,345,255" oya="0" hai0="117,35,39,116,119,13,130,84,45,133,12,102,115" hai1="44,23,126,11,113,134,10,27,14,21,77,41,51" hai2="6,91,97,103,17,49,65,36,104,112,85,120,0" hai3="74,70,80,52,7,54,121,92,72,131,78,28,105"/><T64/><D35/><U25/><E126/><V8/><F36/><W18/><G105/><T34/><D34/><U32/><E134/><V76/><F65/><W16/><G70/><T86/><D133/><U69/><E69/><V98/><F98/><W30/><G7/><T122/><D122/><U60/><E113/><V127/><F127/><W46/><G131/><T24/><D115/><U31/><E60/><V29/><F29/><W81/><G92/><T2/><D2/><U68/><E68/><V71/><F71/><W89/><G89/><T88/><D130/><U33/><E77/><V87/><F120/><W96/><G96/><T62/><D24/><U47/><E44/><V125/><F125/><W59/><G46/><T90/><D102/><U4/><REACH who="1" step="1"/><E10/><REACH who="1" ten="263,127,345,255" step="2"/><V94/><F112/><W26/><G78/><T100/><D62/><U82/><E82/><V38/><F76/><W67/><G81/><T99/><D45/><U107/><E107/><V53/><F104/><W114/><G80/><T129/><D129/><U83/><E83/><V3/><F8/><W22/><G114/><T61/><D61/><U132/><E132/><V101/><F94/><W108/><G74/><T66/><D117/><U93/><E93/><V50/><F38/><W63/><G72/><T42/><D39/><U111/><E111/><V43/><F49/><W95/><G95/><T106/><D106/><U135/><E135/><V128/><F50/><W19/><G108/><T9/><D9/><U55/><E55/><N who="3" m="21034" /><G121/><T5/><D116/><U48/><E48/><V37/><F37/><W75/><G75/><RYUUKYOKU ba="0,1" sc="263,-15,127,15,345,-15,255,15" hai1="4,11,14,21,23,25,27,31,32,33,41,47,51" hai3="16,18,19,22,26,28,30,59,63,67" />
</Scene>
<Scene>
<INIT seed="5,1,1,3,4,44" ten="248,142,330,270" oya="1" hai0="106,103,70,93,96,111,114,21,105,45,62,84,73" hai1="115,134,109,95,30,23,32,64,58,7,33,60,116" hai2="25,46,113,14,81,68,74,6,1,63,35,12,92" hai3="135,126,29,123,83,54,19,26,102,117,127,39,40"/><U48/><E116/><V57/><F68/><W72/><G123/><T61/><D111/><U85/><E115/><V50/><F1/><W8/><G117/><T87/><D73/><U22/><E134/><V5/><F92/><W94/><G135/><T16/><D114/><U121/><E121/><V31/><F14/><N who="3" m="7623" /><G54/><T28/><D28/><U75/><E75/><V51/><F113/><W78/><G40/><T118/><D118/><U132/><E132/><V130/><F130/><W122/><G39/><T101/><D70/><U2/><E109/><V13/><F13/><W36/><G36/><T112/><D112/><U9/><E33/><V104/><F104/><W24/><G29/><T133/><D133/><U59/><E32/><V56/><F56/><W90/><G102/><T89/><D45/><U120/><E120/><V108/><F108/><W37/><G37/><T99/><REACH who="0" step="1"/><D87/><REACH who="0" ten="238,142,330,270" step="2"/><U10/><E30/><V119/><F46/><W69/><G69/><T128/><D128/><U71/><E10/><V76/><F119/><W67/><G122/><T131/><D131/><U88/><REACH who="1" step="1"/><E71/><REACH who="1" ten="238,132,330,270" step="2"/><V98/><F74/><W34/><G72/><T100/><D100/><U4/><E4/><V18/><F6/><W86/><G34/><T124/><D124/><U49/><E49/><V43/><F5/><W110/><G110/><T11/><D11/><U66/><E66/><V15/><F50/><W17/><G67/><T77/><D77/><U0/><E0/><V80/><F76/><W42/><G126/><T65/><D65/><U125/><E125/><V41/><F31/><W91/><G127/><RYUUKYOKU ba="1,3" sc="238,15,132,15,330,-15,270,-15" hai0="16,21,61,62,84,89,93,96,99,101,103,105,106" hai1="2,7,9,22,23,48,58,59,60,64,85,88,95" />
</Scene>
<Scene>
<INIT seed="5,2,3,2,0,72" ten="253,147,315,255" oya="1" hai0="99,60,13,116,76,75,4,6,68,106,63,110,102" hai1="32,33,38,89,130,74,37,27,65,64,14,3,69" hai2="109,101,11,43,100,87,118,93,59,28,71,107,117" hai3="78,44,135,84,119,17,79,51,129,80,81,21,18"/><U108/><E3/><V31/><F71/><W85/><G135/><T104/><D110/><U16/><E108/><V56/><F109/><W92/><G129/><T131/><D116/><U97/><E130/><V132/><F132/><W73/><G119/><T114/><D131/><U40/><E74/><V52/><F43/><N who="3" m="24991" /><G73/><T45/><D106/><U39/><E40/><V12/><F107/><W95/><G18/><T54/><D114/><U53/><E53/><V91/><F59/><W7/><G7/><T70/><D70/><U46/><E46/><V50/><F118/><W5/><G5/><T49/><D68/><U35/><E27/><AGARI ba="2,3" hai="17,21,27,78,79,80,81,84,85,92,95" m="24991" machi="27" ten="30,3900,0" yaku="8,1,52,2" doraHai="72" who="3" fromWho="1" sc="253,0,147,-45,315,0,255,75" />
</Scene>
<Scene>
<INIT seed="6,0,0,2,2,25" ten="253,102,315,330" oya="2" hai0="43,98,101,108,31,67,89,93,37,0,99,51,50" hai1="24,116,56,30,134,97,33,26,1,70,125,9,47" hai2="62,111,27,77,5,57,49,41,19,90,129,100,71" hai3="74,86,38,94,34,75,68,20,7,130,61,119,121"/><V84/><F71/><W85/><G34/><T81/><D108/><U88/><E70/><V39/><F39/><W11/><G119/><T96/><D0/><U29/><E116/><V133/><F111/><W123/><G38/><T14/><D67/><U87/><E125/><V17/><F133/><W52/><G20/><T18/><D37/><U44/><E134/><V112/><F129/><W109/><G109/><T6/><D6/><U91/><E56/><V135/><F5/><W58/><G130/><T3/><D3/><U76/><E76/><V66/><F135/><W53/><G68/><T13/><D13/><U126/><E126/><V40/><F100/><W82/><G53/><T16/><D18/><N who="2" m="6666" /><F77/><W79/><G75/><T132/><D132/><U54/><E54/><V118/><F112/><W22/><G22/><T92/><D43/><N who="2" m="16458" /><F49/><W78/><G74/><T2/><D2/><U69/><E69/><V46/><F46/><W95/><G123/><T12/><D12/><U107/><E9/><V8/><F8/><W104/><G104/><T45/><D45/><U117/><E1/><V124/><F124/><W72/><G121/><T48/><D101/><U60/><E60/><V113/><F113/><W42/><G72/><T15/><D15/><U115/><E115/><V59/><F118/><W106/><G106/><T10/><D14/><U122/><E122/><V110/><F110/><W80/><G42/><T55/><D10/><U105/><E117/><V127/><F127/><W103/><G103/><T65/><D55/><U120/><E120/><V102/><F66/><W28/><G11/><RYUUKYOKU ba="0,0" sc="253,0,102,0,315,0,330,0" />
</Scene>
<Scene>
<INIT seed="7,1,0,1,0,20" ten="253,102,315,330" oya="3" hai0="22,44,129,83,100,63,58,126,11,43,24,10,51" hai1="89,3,104,62,111,26,6,12,98,116,9,86,114" hai2="48,109,53,59,79,30,57,90,70,81,101,96,112" hai3="122,88,16,52,99,115,18,97,66,71,36,95,45"/><W4/><G122/><T39/><D129/><U33/><E111/><V60/><F70/><W5/><G115/><T17/><D126/><U55/><E114/><V87/><F109/><W56/><G71/><T61/><D39/><U93/><E116/><V25/><F112/><W0/><G0/><T46/><D46/><U50/><E62/><V117/><F117/><W72/><G72/><T23/><D61/><U102/><E3/><V28/><F79/><W75/><G75/><T130/><D130/><U65/><E65/><V91/><F90/><W120/><G120/><T94/><D83/><U133/><E133/><V32/><F30/><W105/><G66/><T73/><D73/><U82/><E104/><V37/><F37/><W29/><G29/><T7/><D7/><N who="3" m="2633" /><G36/><T80/><D80/><U113/><E113/><V21/><F32/><W67/><G105/><T103/><D94/><U54/><REACH who="1" step="1"/><E50/><REACH who="1" ten="253,92,315,330" step="2"/><V77/><F60/><N who="3" m="38279" /><G99/><T128/><D128/><U38/><E38/><V35/><F35/><W76/><G76/><T123/><D123/><U78/><E78/><V110/><F110/><W125/><G125/><T84/><D63/><U69/><E69/><V41/><F77/><W92/><G97/><T64/><D51/><U42/><E42/><V132/><F41/><W15/><G52/><T31/><D43/><U27/><E27/><V85/><F132/><W119/><G119/><T1/><D64/><U68/><E68/><V19/><F87/><W135/><G135/><T13/><D84/><U14/><E14/><V108/><F108/><W124/><G15/><T47/><D13/><RYUUKYOKU ba="1,1" sc="253,-10,92,30,315,-10,330,-10" hai1="6,9,12,26,33,54,55,82,86,89,93,98,102" owari="243,-16.0,122,-38.0,305,11.0,330,43.0" />
</Scene>
</mjloggm>