<mjloggm ver="2.3"><GO type="169" lobby="0"/><UN n0="%E6%AF%94%E5%98%89%E7%A7%80%E4%BB%81" n1="%74%6F%6D%6E%70" n2="%41%53%41%50%49%4E" n3="%61%6D%61%6A%69%73%68%69" dan="18,16,19,16" rate="2229.20,2055.80,2258.29,2112.46" sx="M,M,M,M"/><TAIKYOKU oya="0"/>

<Scene>
<INIT seed="0,0,0,3,3,31" ten="250,250,250,250" oya="0" hai0="107,20,91,127,82,112,61,134,56,100,50,52,58" hai1="80,14,113,85,22,15,116,38,17,28,94,25,51" hai2="90,74,39,13,117,3,47,19,83,131,78,2,76" hai3="114,109,30,79,93,57,55,98,95,73,0,60,103"/><T16/><D112/><U48/><E116/><V10/><F117/><W23/><G114/><T126/><D134/><U44/><E113/><V66/><F131/><W45/><G0/><T49/><D107/><U41/><E94/><V12/><F66/><W99/><G109/><T124/><D100/><U115/><E115/><V86/><F78/><W101/><G73/><T129/><D129/><U102/><E102/><V104/><F104/><W130/><G130/><T68/><D68/><U33/><REACH who="1" step="1"/><E14/><REACH who="1" ten="250,240,250,250" step="2"/><V132/><F13/><W105/><G105/><T89/><D82/><U59/><E59/><V110/><F12/><W120/><G45/><T84/><D58/><U71/><E71/><V96/><F47/><W135/><G135/><T46/><D46/><U29/><E29/><V4/><F132/><W111/><G120/><T70/><D70/><U128/><E128/><V37/><F3/><W62/><G111/><T36/><D36/><U27/><E27/><V92/><F110/><W69/><G69/><T119/><D119/><U40/><E40/><V34/><F2/><W43/><G43/><T118/><D118/><U75/><E75/><V24/><F74/><W77/><G62/><T81/><D91/><AGARI ba="0,1" hai="15,17,22,25,28,33,38,41,44,48,51,80,85,91" machi="91" ten="30,3900,0" yaku="1,1,7,1,52,1,53,0" doraHai="31" doraHaiUra="121" who="1" fromWho="0" sc="250,-39,240,49,250,0,250,0" />
</Scene>
<Scene>
<INIT seed="1,0,0,5,2,10" ten="211,289,250,250" oya="1" hai0="111,8,35,60,90,5,33,102,57,71,79,34,4" hai1="31,67,12,99,44,16,101,47,58,109,128,104,64" hai2="24,107,39,62,15,13,106,74,11,95,19,87,20" hai3="112,73,115,40,69,68,65,105,55,42,17,49,23"/><U59/><E128/><V80/><F39/><W117/><G105/><T126/><D111/><U100/><E109/><V77/><F62/><W26/><G73/><T1/><D71/><U122/><E122/><V28/><F74/><W6/><G117/><T94/><D79/><U2/><E2/><V53/><F95/><W127/><G127/><T135/><D126/><U54/><E31/><V83/><F83/><W25/><G6/><T45/><D5/><U41/><E101/><V63/><F53/><W56/><G69/><T103/><D45/><U29/><E29/><V78/><F78/><W61/><REACH who="3" step="1"/><G26/><REACH who="3" ten="211,289,250,240" step="2"/><T132/><D132/><U38/><E104/><V120/><F120/><W124/><G124/><T70/><D70/><U14/><E38/><V37/><F37/><W97/><G97/><T119/><D135/><U3/><E99/><V50/><F106/><W123/><G123/><T66/><REACH who="0" step="1"/><D119/><REACH who="0" ten="201,289,250,240" step="2"/><U32/><E41/><AGARI ba="0,2" hai="17,23,25,40,41,42,49,55,56,61,65,68,112,115" machi="41" ten="40,1300,0" yaku="1,1,53,0" doraHai="10" doraHaiUra="84" who="3" fromWho="1" sc="201,0,289,-13,250,0,240,33" />
</Scene>
<Scene>
<INIT seed="2,0,0,3,1,117" ten="201,276,250,273" oya="2" hai0="91,27,53,115,81,9,104,45,30,83,77,66,7" hai1="10,4,46,60,64,88,85,109,31,93,40,76,111" hai2="135,50,23,131,100,1,24,37,13,116,101,79,55" hai3="103,82,119,118,73,22,56,65,134,94,132,19,17"/><V63/><F116/><W2/><G2/><T122/><D104/><U105/><E105/><V43/><F1/><W95/><G73/><T127/><D115/><U16/><E76/><V0/><F0/><W106/><G82/><T126/><D66/><U69/><E31/><V62/><F131/><W57/><G106/><T15/><D91/><U42/><E4/><V14/><F135/><W96/><G65/><T97/><D97/><U8/><E42/><V5/><F43/><W18/><G22/><T21/><D122/><U20/><E111/><V87/><F37/><W12/><G12/><N who="2" m="4713" /><F5/><W38/><G38/><T32/><D32/><U11/><E109/><V34/><F34/><W41/><G41/><T99/><D99/><U107/><E107/><V48/><F48/><W130/><G130/><T120/><D120/><U29/><E29/><N who="2" m="17567" /><F87/><W129/><G129/><T49/><REACH who="0" step="1"/><D77/><REACH who="0" ten="191,276,250,273" step="2"/><U35/><E35/><V39/><F79/><W75/><G118/><T121/><D121/><U125/><E8/><V133/><F133/><N who="3" m="51307" /><G119/><T110/><D110/><U113/><E113/><V90/><F90/><W61/><G96/><T47/><D47/><U67/><E46/><N who="2" m="28119" /><F39/><W44/><G44/><T124/><AGARI ba="0,1" hai="7,9,15,21,27,30,45,49,53,81,83,124,126,127" machi="124" ten="30,4000,0" yaku="1,1,0,1,18,1,53,0" doraHai="117" doraHaiUra="72" who="0" fromWho="0" sc="191,50,276,-10,250,-20,273,-10" />
</Scene>
<Scene>
<INIT seed="3,0,0,0,5,18" ten="241,266,230,263" oya="3" hai0="11,19,51,97,93,80,67,28,111,123,54,0,133" hai1="87,72,20,31,25,79,107,47,23,10,100,14,32" hai2="89,109,81,95,3,128,46,42,119,116,105,106,125" hai3="68,33,134,113,16,53,73,41,90,65,35,132,56"/><W78/><G113/><T36/><D123/><U29/><E72/><V57/><F3/><W118/><G41/><T110/><D36/><U8/><E107/><V131/><F57/><W75/><G118/><T120/><D120/><U117/><E117/><N who="2" m="45131" /><F46/><W127/><G68/><T43/><D43/><U45/><E100/><V58/><F58/><W70/><G70/><T108/><D133/><N who="3" m="51305" /><G65/><T71/><D28/><N who="1" m="17471" /><E32/><N who="3" m="12362" /><G90/><T27/><D67/><U40/><E40/><V124/><F81/><W135/><G78/><T2/><D71/><U86/><E79/><V21/><F42/><W112/><G112/><T34/><D80/><U37/><E37/><V104/><F109/><W50/><G127/><N who="2" m="48713" /><F21/><W121/><G121/><T62/><D34/><U4/><E8/><V114/><F114/><W39/><G39/><T6/><D111/><U85/><E20/><V61/><F61/><W9/><N who="3" m="51313" /><W122/><DORA hai="38" /><G122/><T88/><D62/><U59/><E59/><V98/><AGARI ba="0,0" hai="89,95,98,104,105,106,128,131" m="48713,45131" machi="98" ten="40,5200,0" yaku="18,1,34,2" doraHai="18,38" who="2" fromWho="2" sc="241,-13,266,-13,230,52,263,-26" />
</Scene>
<Scene>
<INIT seed="4,0,0,0,1,52" ten="228,253,282,237" oya="0" hai0="69,48,23,77,91,43,81,123,58,106,51,130,111" hai1="8,22,100,33,15,82,126,49,14,36,80,10,110" hai2="102,19,125,83,38,89,71,41,35,97,0,124,25" hai3="44,95,17,76,74,92,115,4,116,94,67,50,87"/><T7/><D123/><U6/><E36/><V62/><F0/><W96/><G116/><T101/><D69/><U54/><E110/><V122/><F122/><W65/><G74/><T53/><D111/><U129/><E33/><V107/><F41/><W30/><G4/><T133/><D133/><U34/><E34/><V39/><F89/><W103/><G30/><T90/><D130/><U113/><E113/><V1/><F83/><N who="3" m="47591" /><G17/><T18/><D7/><U120/><E120/><V88/><F1/><W47/><G47/><N who="0" m="25727" /><D101/><U68/><E68/><V37/><F88/><N who="0" m="33834" /><D106/><U105/><E129/><V28/><F19/><W11/><G11/><T117/><D117/><U109/><E109/><V128/><F128/><W119/><G119/><T85/><D18/><N who="1" m="8519" /><E105/><V118/><F118/><W99/><G115/><T24/><D23/><U57/><E100/><V46/><F46/><W55/><G103/><T27/><AGARI ba="0,0" hai="24,27,51,53,58,77,81,85" m="33834,25727" machi="27" ten="30,6000,0" yaku="8,1,52,1,54,1" doraHai="52" who="0" fromWho="0" sc="228,60,253,-20,282,-20,237,-20" />
</Scene>
<Scene>
<INIT seed="4,1,0,5,4,25" ten="288,233,262,217" oya="0" hai0="130,61,120,87,20,117,104,110,92,83,5,100,4" hai1="90,119,60,0,108,126,133,115,74,86,113,50,105" hai2="18,78,32,75,96,34,134,19,89,29,114,59,72" hai3="109,13,28,9,16,121,51,57,30,107,116,2,24"/><T6/><D120/><U124/><E0/><V42/><F114/><N who="1" m="43529" /><E108/><V21/><F134/><W62/><G107/><T33/><D33/><U125/><E133/><V103/><F89/><W79/><G109/><T1/><D117/><U76/><E60/><V47/><F59/><W123/><G116/><T118/><D118/><U77/><E119/><V70/><F70/><W49/><G79/><T17/><D104/><U106/><E50/><N who="3" m="18954" /><G2/><T54/><D1/><U52/><E52/><V71/><F71/><W95/><G95/><T127/><D110/><U88/><E76/><V68/><F68/><W27/><G121/><T135/><D135/><U45/><E45/><V102/><F78/><W66/><G123/><T82/><D130/><U58/><E58/><V12/><F47/><W129/><G129/><T43/><D127/><U55/><E55/><V26/><F42/><W56/><G57/><N who="0" m="34999" /><D43/><U15/><E15/><V40/><F40/><W35/><G35/><T8/><D8/><U65/><E65/><V80/><F34/><W98/><G98/><N who="0" m="59463" /><D87/><U31/><E74/><V94/><F72/><W111/><G111/><T23/><D23/><U11/><E11/><V132/><F132/><W128/><G128/><T63/><D63/><U101/><E106/><V84/><F75/><W10/><G10/><T64/><D64/><U69/><E69/><V41/><F41/><W37/><G37/><T67/><D67/><U73/><E73/><V3/><F3/><W39/><G39/><T91/><D20/><U85/><E77/><N who="2" m="46095" /><F103/><W81/><G81/><N who="0" m="30731" /><D91/><N who="1" m="34859" /><E101/><V131/><F131/><W7/><G7/><RYUUKYOKU ba="1,0" sc="288,10,233,-30,262,10,217,10" hai0="4,5,6,17" hai2="12,18,19,21,26,29,32,94,96,102" hai3="9,13,16,24,27,28,30,56,62,66" />
</Scene>
<Scene>
<INIT seed="4,2,0,2,5,28" ten="298,203,272,227" oya="0" hai0="73,20,128,63,12,57,31,52,122,105,79,114,120" hai1="77,66,129,86,106,5,15,78,37,24,135,47,108" hai2="7,16,46,99,126,17,42,25,85,3,84,58,1" hai3="76,80,60,27,100,34,113,11,94,13,92,130,38"/><T4/><D105/><U121/><E108/><V18/><F126/><W54/><G38/><T107/><D107/><U51/><E121/><V40/><F99/><W32/><G113/><T49/><D114/><U56/><E37/><V71/><F71/><W61/><G27/><T93/><D128/><U65/><E106/><V19/><F58/><W90/><G130/><T53/><D73/><U88/><E129/><V132/><F132/><W97/><G54/><T131/><D79/><N who="1" m="30219" /><E135/><V0/><F7/><W127/><G127/><T101/><D131/><U89/><E24/><V45/><F19/><W29/><G29/><T81/><D122/><U33/><E33/><V10/><F10/><W109/><G109/><T64/><D120/><U6/><E15/><V119/><F119/><W2/><G2/><T22/><D81/><N who="1" m="49231" /><E89/><V41/><REACH who="2" step="1"/><F25/><REACH who="2" ten="298,203,262,227" step="2"/><W95/><G11/><N who="0" m="4199" /><D31/><U30/><E30/><V103/><F103/><W36/><G36/><T69/><D69/><U62/><E66/><V23/><F23/><W35/><G13/><T70/><D70/><U91/><E91/><V117/><F117/><W133/><G90/><T39/><D64/><U102/><E102/><V112/><F112/><W50/><G133/><T55/><D22/><U9/><E9/><V116/><F116/><W21/><G21/><T59/><D20/><U26/><E26/><V96/><F96/><W74/><REACH who="3" step="1"/><G50/><REACH who="3" ten="298,203,262,217" step="2"/><T83/><D49/><U75/><E75/><V110/><F110/><W118/><G118/><T115/><D39/><U48/><E51/><V43/><F43/><AGARI ba="2,2" hai="5,6,43,47,48,56,62,65" m="49231,30219" machi="43" ten="30,2000,0" yaku="8,1,54,1" doraHai="28" who="1" fromWho="2" sc="298,0,203,46,262,-26,217,0" />
</Scene>
<Scene>
<INIT seed="5,0,0,2,3,129" ten="298,249,236,217" oya="1" hai0="60,17,56,123,73,52,96,85,16,23,49,31,79" hai1="9,59,81,106,47,67,24,97,58,110,74,8,43" hai2="131,15,0,122,77,65,54,51,64,105,36,99,90" hai3="61,18,83,26,86,50,115,111,44,91,21,72,1"/><U101/><E110/><V48/><F122/><W104/><G111/><T102/><D73/><U33/><E58/><V76/><F36/><W39/><G104/><T82/><D123/><U121/><E121/><V19/><F0/><W89/><G1/><T127/><D127/><U128/><E128/><V7/><F7/><W88/><G115/><T62/><D31/><U5/><E5/><V40/><F131/><W42/><G61/><T84/><D84/><U135/><E135/><V116/><F116/><W80/><REACH who="3" step="1"/><G39/><REACH who="3" ten="298,249,236,207" step="2"/><T94/><D17/><U133/><E133/><V132/><F105/><W22/><G22/><T118/><D118/><U66/><E33/><V63/><F132/><W107/><G107/><T113/><D113/><U70/><E106/><V14/><F19/><W34/><G34/><T10/><D10/><U120/><E8/><V32/><F32/><W92/><G92/><T55/><D62/><U68/><E9/><V41/><F63/><W3/><G3/><T134/><D134/><U114/><E120/><V93/><F93/><W6/><G6/><T30/><D30/><U28/><E28/><V95/><F95/><W98/><G98/><T12/><D49/><U71/><E97/><V109/><F99/><W126/><G126/><T112/><D112/><U130/><E114/><V75/><F109/><W69/><G69/><T117/><D117/><U37/><E68/><V13/><F51/><W45/><G45/><T27/><D27/><U46/><E70/><V100/><F48/><W125/><G125/><T25/><D25/><U87/><E71/><V20/><F20/><RYUUKYOKU ba="0,1" sc="298,15,249,-15,236,-15,207,15" hai0="12,16,23,52,55,56,60,79,82,85,94,96,102" hai3="18,21,26,42,44,50,72,80,83,86,88,89,91" />
</Scene>
<Scene>
<INIT seed="6,1,1,2,4,75" ten="313,234,221,222" oya="2" hai0="28,26,100,17,29,123,69,25,0,12,16,130,55" hai1="71,127,52,57,110,54,63,88,114,37,36,30,80" hai2="95,91,5,85,3,21,45,4,133,64,31,126,44" hai3="6,34,53,43,81,61,89,60,66,59,98,84,20"/><V128/><F128/><W104/><G34/><N who="0" m="20751" /><D69/><U48/><E110/><V99/><F133/><W125/><G125/><T50/><D100/><U10/><E127/><V121/><F126/><W13/><G43/><T102/><D102/><U79/><E30/><V65/><F121/><W111/><G111/><T76/><D76/><U49/><E114/><V82/><F3/><W107/><G98/><T119/><D55/><U92/><E10/><V117/><F117/><W40/><G40/><T51/><D51/><U14/><E14/><V105/><F105/><W116/><G116/><T122/><D50/><U101/><E101/><N who="2" m="60671" /><F21/><W68/><REACH who="3" step="1"/><G20/><REACH who="3" ten="313,234,221,212" step="2"/><N who="0" m="15559" /><D119/><U47/><E36/><V106/><F106/><W39/><G39/><T38/><D38/><U24/><E37/><V1/><F1/><W90/><G90/><T2/><D130/><U58/><E88/><V103/><F103/><W62/><G62/><T78/><D123/><U129/><E63/><V70/><F70/><W18/><G18/><T94/><D17/><U32/><E129/><V86/><F31/><W67/><G67/><N who="2" m="25673" /><F5/><W19/><G19/><T35/><D122/><U87/><E71/><V56/><F4/><W96/><G96/><T41/><D0/><U27/><E32/><V23/><F23/><W22/><G22/><T112/><D2/><U135/><E135/><V134/><F134/><W46/><G46/><N who="2" m="18025" /><F56/><W7/><G7/><T97/><D35/><U113/><E47/><V120/><F120/><W8/><AGARI ba="1,2" hai="6,8,13,53,59,60,61,66,68,81,84,89,104,107" machi="8" ten="30,2000,0" yaku="1,1,0,1,53,0" doraHai="75" doraHaiUra="131" who="3" fromWho="3" sc="313,-6,234,-6,221,-11,212,43" />
</Scene>
<Scene>
<INIT seed="7,0,0,5,0,9" ten="307,228,210,255" oya="3" hai0="35,25,38,76,55,66,57,103,108,101,88,94,62" hai1="61,77,0,50,79,73,60,16,33,87,68,59,63" hai2="130,5,42,80,132,43,120,133,121,47,32,105,129" hai3="97,4,15,36,135,106,114,26,29,23,96,65,91"/><W89/><G135/><N who="2" m="51785" /><F105/><W72/><G36/><T64/><D38/><U75/><E68/><V10/><F32/><W125/><G72/><T46/><D108/><U100/><E33/><V122/><F80/><W70/><G125/><T117/><D117/><U22/><E0/><N who="2" m="295" /><F47/><W112/><G70/><T54/><D76/><N who="1" m="29259" /><E73/><V116/><F116/><W85/><G65/><N who="0" m="25195" /><D25/><N who="1" m="14535" /><E75/><V107/><F107/><W131/><G106/><T93/><D35/><U2/><E2/><V6/><F6/><W30/><G131/><AGARI ba="0,0" hai="42,43,120,121,122,129,130,131" m="295,51785" machi="131" ten="40,5200,0" yaku="13,1,19,1,20,1" doraHai="9" who="2" fromWho="3" sc="307,0,228,0,210,52,255,-52" owari="307,41.0,228,-17.0,262,6.0,203,-30.0" />
</Scene>
</mjloggm>