<mjloggm ver="2.3"><GO type="169" lobby="0"/><UN n0="%78%72%63%35%32%34%32%38" n1="%54%65%61%54%79%70%65" n2="%6D%61%63%6A%72" n3="%41%53%41%50%49%4E" dan="16,16,16,19" rate="2128.88,2054.76,2153.57,2266.29" sx="F,M,F,M"/><TAIKYOKU oya="0"/>

<Scene>
<INIT seed="0,0,0,2,1,31" ten="250,250,250,250" oya="0" hai0="64,68,51,117,134,4,102,129,32,53,35,22,111" hai1="61,39,66,73,57,30,33,9,52,87,123,88,6" hai2="38,97,130,69,72,43,92,24,78,11,105,17,42" hai3="37,112,101,118,47,124,80,25,99,128,86,50,67"/><T15/><D117/><U8/><E123/><V122/><F122/><W19/><G118/><T29/><D129/><U41/><E73/><V55/><F130/><W116/><G128/><T58/><D134/><U121/><E121/><V75/><F105/><W108/><G116/><T44/><D111/><U103/><E103/><V20/><F69/><W131/><G131/><T46/><D102/><U74/><E74/><V115/><F115/><W120/><G120/><T76/><D76/><U27/><E39/><V104/><F104/><W114/><G37/><T95/><D95/><U40/><E66/><V36/><F36/><W85/><G108/><T135/><D135/><U109/><E109/><V98/><F98/><W26/><G67/><T16/><D29/><U7/><E9/><V81/><F72/><W62/><G62/><T0/><D68/><U54/><E54/><V21/><F11/><W84/><G80/><T56/><D0/><U48/><E61/><V100/><F38/><W113/><G19/><T126/><D4/><U3/><E7/><V133/><F133/><W65/><G65/><T82/><D82/><AGARI ba="0,0" hai="3,6,8,27,30,33,40,41,48,52,57,82,87,88" machi="82" ten="30,7700,0" yaku="7,1,52,1,54,2" doraHai="31" who="1" fromWho="0" sc="250,-77,250,77,250,0,250,0" />
</Scene>
<Scene>
<INIT seed="1,0,0,1,2,112" ten="173,327,250,250" oya="1" hai0="71,17,132,114,37,8,21,95,69,118,75,135,104" hai1="3,63,62,1,92,134,32,45,2,103,41,70,64" hai2="133,88,126,91,5,87,58,124,99,15,47,52,94" hai3="128,22,119,19,90,117,120,110,34,54,53,123,61"/><U43/><E32/><V127/><F133/><N who="0" m="51274" /><D114/><U111/><E134/><V10/><F47/><W50/><G34/><T86/><D104/><U33/><E33/><V85/><REACH who="2" step="1"/><F91/><REACH who="2" ten="173,327,240,250" step="2"/><W106/><G90/><N who="0" m="53719" /><D118/><U80/><E45/><V11/><F11/><W116/><G119/><T31/><D37/><U14/><E111/><V39/><F39/><W55/><G110/><T24/><D75/><U35/><E103/><V12/><F12/><AGARI ba="0,1" hai="8,12,17,21,24,31,69,71" m="53719,51274" machi="12" ten="30,1000,0" yaku="20,1" doraHai="112" who="0" fromWho="2" sc="173,20,327,0,240,-10,250,0" />
</Scene>
<Scene>
<INIT seed="2,0,0,5,0,56" ten="193,327,230,250" oya="2" hai0="28,10,111,119,26,3,66,59,121,76,116,46,51" hai1="122,117,34,33,1,6,109,36,113,61,41,25,32" hai2="19,39,85,98,84,101,57,112,30,131,99,17,43" hai3="77,104,23,72,16,110,58,14,125,13,129,38,22"/><V20/><F112/><W74/><G38/><T2/><D121/><U130/><E41/><V65/><F131/><W29/><G104/><T91/><D76/><U15/><E61/><N who="2" m="38063" /><F39/><W42/><G110/><T88/><D111/><U4/><E15/><V24/><F43/><W55/><G125/><T27/><D10/><U96/><E96/><N who="2" m="36907" /><F101/><W94/><G129/><T115/><D115/><U21/><E36/><V120/><F120/><W107/><G107/><T108/><D108/><U31/><E109/><V123/><F123/><W83/><G42/><T114/><D114/><U93/><E122/><V60/><F60/><W100/><G100/><T82/><D66/><U80/><E117/><V71/><F71/><W118/><G118/><T105/><D105/><U102/><E113/><V7/><F7/><N who="1" m="2601" /><E102/><V69/><F69/><W44/><G74/><T95/><D2/><U47/><E130/><V11/><F11/><W73/><G72/><T97/><D3/><U92/><E47/><V75/><F75/><W18/><G44/><T37/><D37/><U45/><E45/><V53/><F53/><W126/><G126/><T128/><D128/><U40/><E40/><V0/><F0/><W134/><G73/><T68/><D68/><U81/><E1/><V132/><F132/><W124/><G134/><T48/><D46/><U79/><E34/><V78/><F78/><W86/><G124/><T12/><D119/><U70/><E70/><V49/><F49/><N who="3" m="31087" /><G94/><T103/><D95/><N who="1" m="36427" /><E79/><V89/><F89/><W8/><G8/><T90/><D90/><U87/><E33/><V63/><F63/><RYUUKYOKU ba="0,0" sc="193,-15,327,-15,230,15,250,15" hai2="17,19,20,24,30,84,85" hai3="13,14,16,18,22,23,29,77,83,86" />
</Scene>
<Scene>
<INIT seed="2,1,0,1,5,15" ten="178,312,245,265" oya="2" hai0="121,68,100,16,7,65,53,113,95,111,2,27,127" hai1="114,85,42,32,118,38,112,107,131,75,98,67,63" hai2="133,62,35,44,25,6,12,50,59,125,106,21,19" hai3="11,110,55,24,74,58,72,41,33,57,10,8,76"/><V31/><F133/><W43/><G110/><T56/><D121/><U49/><E118/><V46/><F106/><W99/><G99/><T13/><D113/><U129/><E85/><V54/><F125/><W117/><G117/><T101/><D111/><U134/><E32/><V37/><F37/><W39/><G76/><T51/><D127/><U89/><E89/><V88/><F6/><W48/><G57/><T109/><D109/><U73/><E49/><V47/><REACH who="2" step="1"/><F88/><REACH who="2" ten="178,312,235,265" step="2"/><W14/><G39/><T126/><D126/><U23/><E107/><V87/><F87/><W124/><G124/><T103/><D7/><U64/><E134/><V83/><F83/><W97/><G72/><T34/><D101/><U70/><E75/><V135/><F135/><W96/><G74/><T61/><D103/><U80/><E73/><V86/><F86/><W17/><G97/><T77/><D100/><U128/><E98/><V116/><F116/><W120/><G96/><T22/><D95/><U108/><E80/><V9/><F9/><W66/><G8/><T4/><D4/><U78/><E108/><V69/><F69/><W0/><G10/><T28/><D77/><U119/><E119/><V5/><F5/><W18/><G11/><T30/><D2/><U26/><E78/><V91/><F91/><W36/><G0/><T84/><D84/><U71/><E38/><V82/><F82/><W132/><G36/><T90/><D90/><U102/><E102/><V60/><AGARI ba="1,1" hai="12,19,21,25,31,35,44,46,47,50,54,59,60,62" machi="60" ten="30,6000,0" yaku="1,1,0,1,52,1,53,0" doraHai="15" doraHaiUra="93" who="2" fromWho="2" sc="178,-21,312,-21,235,73,265,-21" />
</Scene>
<Scene>
<INIT seed="2,2,0,0,4,85" ten="157,291,308,244" oya="2" hai0="63,6,42,100,123,20,116,54,105,47,40,51,18" hai1="56,98,53,30,132,45,131,118,28,24,9,69,60" hai2="88,122,7,103,76,78,11,94,111,0,23,126,68" hai3="43,80,106,119,120,26,14,70,65,133,129,38,64"/><V99/><F122/><W96/><G119/><T107/><D123/><U50/><E118/><V32/><F32/><W108/><G120/><T21/><D116/><U84/><E131/><V130/><F130/><W92/><G129/><T57/><D6/><U75/><E75/><V73/><F68/><W115/><G106/><T33/><D33/><U37/><E132/><V114/><F114/><W77/><G133/><T12/><D100/><U52/><E69/><V110/><F126/><W79/><G108/><N who="2" m="41513" /><F73/><W49/><G38/><T1/><D1/><U97/><E37/><V101/><F23/><W59/><G70/><T44/><REACH who="0" step="1"/><D20/><REACH who="0" ten="147,291,308,244" step="2"/><N who="1" m="15367" /><E9/><V36/><F36/><AGARI ba="2,1" hai="12,18,21,36,40,42,44,47,51,54,57,63,105,107" machi="36" ten="30,2000,0" yaku="1,1,7,1,53,0" doraHai="85" doraHaiUra="22" who="0" fromWho="2" sc="147,36,291,0,308,-26,244,0" />
</Scene>
<Scene>
<INIT seed="3,0,0,5,2,103" ten="183,291,282,244" oya="3" hai0="87,49,38,80,92,108,46,132,88,95,70,14,128" hai1="35,127,121,33,104,48,57,30,60,67,125,124,27" hai2="53,41,65,64,10,47,117,4,126,42,131,130,37" hai3="78,96,72,63,51,119,31,16,110,71,22,62,113"/><W2/><G113/><T21/><D70/><U111/><E121/><V81/><F117/><W134/><G119/><T40/><D108/><U7/><E111/><V15/><F126/><W109/><G2/><T68/><D68/><U100/><E7/><V116/><F116/><W23/><G134/><T99/><D132/><U74/><E74/><V83/><F42/><W6/><G6/><T97/><D128/><N who="2" m="49194" /><F53/><W102/><G63/><T8/><D21/><N who="1" m="15727" /><E48/><V29/><F29/><W122/><G122/><T34/><D34/><U11/><E11/><V76/><F81/><W98/><G31/><T77/><D38/><U85/><E85/><AGARI ba="0,0" hai="4,10,15,37,41,47,64,65,76,83,85" m="49194" machi="85" ten="30,1000,0" yaku="19,1" doraHai="103" who="2" fromWho="1" sc="183,0,291,-10,282,10,244,0" />
</Scene>
<Scene>
<INIT seed="4,0,0,2,3,109" ten="183,281,292,244" oya="0" hai0="59,73,44,26,2,89,37,52,31,108,28,61,46" hai1="99,126,6,125,91,92,42,13,41,12,79,18,113" hai2="114,72,25,88,20,116,43,11,128,124,107,29,135" hai3="105,15,80,75,34,58,96,60,122,81,7,54,23"/><T40/><D73/><U76/><E113/><V22/><F114/><W69/><G34/><T95/><D2/><U119/><E119/><V38/><F116/><W16/><G75/><T87/><D108/><U131/><E131/><V33/><F128/><W102/><G122/><T97/><D44/><U21/><E6/><V64/><F107/><W83/><G69/><T32/><REACH who="0" step="1"/><D28/><REACH who="0" ten="173,281,292,244" step="2"/><U84/><E125/><V85/><F72/><W8/><REACH who="3" step="1"/><G83/><REACH who="3" ten="173,281,292,234" step="2"/><T14/><D14/><AGARI ba="0,2" hai="7,8,14,15,16,23,54,58,60,80,81,96,102,105" machi="14" ten="30,7700,0" yaku="1,1,2,1,7,1,54,1,53,0" doraHai="109" doraHaiUra="127" who="3" fromWho="0" sc="173,-77,281,0,292,0,234,97" />
</Scene>
<Scene>
<INIT seed="5,0,0,0,4,127" ten="96,281,292,331" oya="1" hai0="45,126,78,120,103,133,62,72,31,71,101,129,114" hai1="83,117,12,88,131,75,14,79,107,40,37,121,108" hai2="67,3,8,60,111,106,36,35,95,30,57,94,97" hai3="59,25,102,66,124,132,22,125,99,118,16,55,86"/><U54/><E117/><V41/><F111/><W134/><G118/><T84/><D45/><U69/><E121/><V116/><F116/><W13/><G86/><T43/><D43/><U29/><E69/><V80/><F80/><W51/><G66/><T56/><D31/><U135/><E107/><V4/><F41/><W27/><G27/><T42/><D42/><U38/><E108/><V28/><F36/><W48/><G48/><T77/><D56/><U49/><E135/><N who="3" m="51754" /><G25/><T21/><D21/><U26/><E131/><V33/><F28/><W19/><G19/><T100/><D62/><U128/><E128/><V105/><F94/><AGARI ba="0,0" hai="13,16,22,51,55,59,94,99,102,124,125" m="51754" machi="94" ten="30,2000,0" yaku="20,1,54,1" doraHai="127" who="3" fromWho="2" sc="96,0,281,0,292,-20,331,20" />
</Scene>
<Scene>
<INIT seed="6,0,0,4,1,97" ten="96,281,272,351" oya="2" hai0="120,61,64,130,48,49,26,89,113,37,57,94,0" hai1="80,108,74,45,131,17,102,69,87,90,14,62,12" hai2="95,9,22,32,55,126,19,47,110,103,1,40,31" hai3="107,58,129,135,13,56,15,63,16,36,101,123,35"/><V92/><F126/><W128/><G123/><T10/><D120/><U86/><E108/><V133/><F110/><W6/><G36/><T83/><D37/><U93/><E74/><V73/><F133/><W116/><G116/><T82/><D130/><N who="3" m="50281" /><G35/><T124/><D124/><U38/><E131/><V125/><F125/><W11/><G135/><T24/><D113/><U99/><E69/><V109/><F109/><W134/><G134/><T23/><D10/><U42/><E62/><V18/><F73/><W28/><G28/><T114/><D0/><U51/><E38/><V81/><F81/><W67/><G58/><T65/><D65/><U20/><E87/><V30/><F55/><W60/><G60/><T25/><D114/><U41/><E14/><N who="2" m="7503" /><F1/><W88/><G88/><T79/><D23/><U50/><E50/><N who="0" m="19561" /><D79/><U8/><REACH who="1" step="1"/><E20/><REACH who="1" ten="96,271,272,351" step="2"/><V59/><F32/><W53/><G13/><T46/><D46/><U105/><E105/><V132/><F132/><W77/><G107/><T21/><D21/><U66/><E66/><V84/><F84/><AGARI ba="0,1" hai="24,25,26,57,61,64,82,83,84,89,94" m="19561" machi="84" ten="30,1000,0" yaku="8,1" doraHai="97" who="0" fromWho="2" sc="96,20,271,0,272,-10,351,0" />
</Scene>
<Scene>
<INIT seed="7,0,0,2,5,73" ten="116,271,262,351" oya="3" hai0="24,97,90,96,118,62,15,126,14,37,100,29,86" hai1="42,76,93,131,122,108,133,57,82,11,53,109,88" hai2="72,63,106,34,48,87,64,119,112,134,101,67,43" hai3="68,44,92,49,20,70,113,40,54,103,77,129,26"/><W125/><G113/><T50/><D37/><U84/><E122/><V91/><F119/><W94/><G129/><T105/><D126/><U25/><E131/><V1/><F72/><W6/><G125/><T121/><D121/><U58/><E133/><V18/><F1/><W5/><G70/><T3/><D3/><U59/><E42/><V8/><F34/><W33/><G68/><T120/><D118/><U130/><E130/><V135/><F112/><W17/><G33/><T2/><D2/><U123/><E123/><V80/><F101/><W89/><G77/><T98/><D120/><U38/><E38/><V46/><F106/><W102/><G40/><T116/><D116/><U61/><E11/><V19/><F64/><W22/><G22/><T60/><D50/><U45/><E25/><V39/><F39/><W74/><G74/><T78/><D90/><U7/><E7/><N who="3" m="2570" /><G94/><T4/><D4/><U52/><E45/><V47/><F47/><W85/><AGARI ba="0,0" hai="17,20,26,44,49,54,85,89,92,102,103" m="2570" machi="85" ten="30,1500,0" yaku="8,1" doraHai="73" who="3" fromWho="3" sc="116,-5,271,-5,262,-5,351,15" owari="111,-39.0,266,7.0,257,-14.0,366,46.0" />
</Scene>
</mjloggm>