<mjloggm ver="2.3"><GO type="169" lobby="0"/><UN n0="%41%53%41%50%49%4E" n1="%47%33%E9%BE%8D%E9%96%80" n2="%E6%AF%94%E5%98%89%E7%A7%80%E4%BB%81" n3="%E3%83%88%E3%83%90%E3%82%BE" dan="19,16,17,18" rate="2243.56,2064.39,2111.72,2149.06" sx="M,M,M,M"/><TAIKYOKU oya="0"/>

<Scene>
<INIT seed="0,0,0,5,5,94" ten="250,250,250,250" oya="0" hai0="131,98,123,112,71,38,18,12,56,44,85,19,83" hai1="118,69,5,31,70,10,78,54,116,133,26,24,57" hai2="64,129,53,134,130,115,28,47,46,55,132,90,3" hai3="128,108,52,126,82,120,29,39,110,43,125,17,34"/><T101/><D112/><U127/><E127/><N who="3" m="48650" /><G128/><N who="2" m="49257" /><F3/><W9/><G120/><T73/><D131/><U2/><E133/><N who="2" m="51307" /><F28/><W33/><G82/><T81/><D71/><U30/><E69/><V68/><F90/><W6/><G43/><T107/><D123/><U7/><E70/><V113/><F64/><W40/><G40/><T114/><D114/><N who="2" m="43530" /><F68/><W25/><G34/><T21/><D83/><U135/><E135/><V91/><F91/><W95/><G29/><T50/><D81/><U51/><E31/><V67/><F67/><W109/><G33/><T36/><D101/><U100/><E100/><V79/><F79/><W121/><G121/><T4/><D19/><U76/><E30/><V23/><F23/><W89/><G89/><T93/><D21/><U42/><E2/><V106/><F106/><W16/><G16/><T1/><D107/><U14/><E76/><V22/><F22/><W15/><G17/><T103/><D18/><U92/><E78/><V27/><F27/><W119/><G25/><T58/><D1/><U13/><E24/><V8/><F8/><W88/><G9/><T45/><D12/><U49/><E26/><V74/><F74/><W102/><G15/><T87/><D73/><U66/><E13/><V96/><F96/><W62/><G102/><T37/><D103/><U63/><E14/><V84/><F84/><W104/><G88/><T60/><D85/><U32/><E10/><V11/><F11/><W122/><G122/><T105/><D87/><U72/><E72/><V20/><F20/><W41/><G104/><T61/><D105/><U65/><E66/><RYUUKYOKU ba="0,0" sc="250,-10,250,-10,250,30,250,-10" hai2="46,47,53,55" />
</Scene>
<Scene>
<INIT seed="1,1,0,0,4,14" ten="240,240,280,240" oya="1" hai0="58,120,85,67,19,4,34,119,101,35,16,24,27" hai1="20,65,109,93,122,106,96,90,105,55,43,46,36" hai2="134,18,69,126,51,91,131,73,54,87,123,115,41" hai3="81,99,22,108,94,111,117,13,5,33,86,75,25"/><U28/><E122/><V32/><F32/><W1/><G33/><T49/><D119/><U53/><E109/><N who="3" m="42058" /><G117/><T56/><D4/><U31/><E65/><V26/><F123/><W88/><G1/><T104/><D120/><U52/><REACH who="1" step="1"/><E20/><REACH who="1" ten="240,230,280,240" step="2"/><V12/><F115/><W77/><G22/><T135/><D67/><U98/><E98/><V107/><F69/><W0/><G99/><T112/><D35/><U125/><E125/><V11/><F126/><W8/><G0/><T37/><D112/><U82/><E82/><V113/><F113/><W83/><G83/><T3/><D3/><U30/><AGARI ba="1,1" hai="28,30,31,36,43,46,52,53,55,90,93,96,105,106" machi="30" ten="30,6000,0" yaku="1,1,0,1,54,1,53,0" doraHai="14" doraHaiUra="110" who="1" fromWho="1" sc="240,-21,230,73,280,-21,240,-21" />
</Scene>
<Scene>
<INIT seed="1,2,0,3,2,91" ten="219,303,259,219" oya="1" hai0="84,77,1,118,104,113,73,29,59,65,128,89,130" hai1="110,47,22,105,64,45,32,41,10,8,18,134,4" hai2="69,108,67,112,63,51,50,25,61,115,102,92,17" hai3="43,125,72,40,35,82,31,2,12,21,44,30,42"/><U129/><E32/><V60/><F108/><W111/><G2/><T26/><D113/><N who="2" m="43594" /><F25/><W78/><G111/><T11/><D118/><U124/><E110/><V85/><F17/><W103/><G35/><T57/><D104/><U90/><E124/><V56/><F102/><W87/><G125/><T7/><D77/><U119/><E119/><V23/><F23/><W15/><G72/><T75/><D75/><U49/><E129/><N who="0" m="49769" /><D65/><U46/><E134/><V39/><F39/><W95/><G44/><N who="1" m="17002" /><E105/><V28/><F28/><N who="3" m="10795" /><G21/><N who="0" m="15567" /><D73/><U107/><E107/><V135/><F135/><W9/><G9/><T100/><D100/><U37/><E8/><V96/><F69/><W48/><G48/><T68/><D68/><U120/><E49/><V6/><F51/><W76/><G76/><T16/><D16/><U97/><E18/><V70/><F50/><W66/><G66/><T132/><D132/><U127/><E64/><V126/><F126/><W133/><G133/><T123/><D123/><U101/><E127/><V36/><F36/><W93/><G103/><T27/><D27/><U34/><E120/><V0/><F63/><W19/><G19/><T131/><N who="0" m="49777" /><T121/><DORA hai="117" /><D121/><U109/><E101/><N who="2" m="60551" /><F61/><W5/><G5/><T14/><D1/><U98/><E109/><V116/><F116/><W24/><G24/><T83/><AGARI ba="2,0" hai="7,11,14,57,59,83,84,89" m="15567,49777" machi="83" ten="40,1500,0" yaku="19,1" doraHai="91,117" who="0" fromWho="0" sc="219,21,303,-9,259,-6,219,-6" />
</Scene>
<Scene>
<INIT seed="2,0,0,2,3,135" ten="240,294,253,213" oya="2" hai0="118,66,86,56,36,107,42,41,13,16,69,55,92" hai1="131,104,111,81,113,79,45,77,15,124,98,105,54" hai2="10,116,65,76,38,40,119,133,59,4,128,52,35" hai3="114,126,82,101,94,120,33,110,132,53,61,27,39"/><V88/><F35/><W22/><G120/><T68/><D107/><U1/><E111/><V99/><F65/><W11/><G33/><T127/><D118/><U108/><E108/><V9/><F76/><W83/><G39/><T87/><D127/><U20/><E113/><V57/><F57/><W29/><G110/><T44/><D42/><U84/><E124/><V50/><F10/><W102/><G126/><T31/><D31/><U43/><E1/><V103/><F133/><W48/><G61/><T100/><D100/><N who="3" m="38505" /><G114/><T91/><D87/><U19/><E131/><V85/><F40/><W30/><G30/><T78/><D78/><U130/><E130/><V62/><F38/><W90/><G11/><T51/><D66/><U122/><E122/><V47/><F128/><W25/><G25/><T7/><D7/><U63/><E77/><V89/><F89/><W117/><G117/><T37/><D37/><U64/><E54/><V70/><F70/><W24/><G24/><T34/><D34/><U125/><E98/><V121/><F121/><W123/><G132/><T23/><AGARI ba="0,0" hai="13,16,23,36,41,44,51,55,56,68,69,86,91,92" machi="23" ten="20,8000,1" yaku="0,1,7,1,25,2,54,1" doraHai="135" who="0" fromWho="0" sc="240,80,294,-20,253,-40,213,-20" />
</Scene>
<Scene>
<INIT seed="3,0,0,4,1,14" ten="320,274,213,193" oya="3" hai0="111,88,4,82,60,47,54,91,58,27,128,116,24" hai1="118,51,102,67,103,78,66,114,113,100,68,64,11" hai2="53,123,119,133,42,9,40,126,63,2,21,73,107" hai3="72,41,77,45,97,93,81,48,6,83,131,0,59"/><W29/><G131/><T96/><D116/><U79/><E118/><V84/><F119/><W132/><G132/><T125/><D128/><U109/><E109/><V127/><F133/><W99/><G29/><T7/><D111/><U65/><E51/><V37/><F107/><W90/><G83/><T33/><D125/><U101/><N who="1" m="25600" /><DORA hai="13" /><U15/><N who="1" m="16384" /><DORA hai="85" /><U52/><E52/><V121/><F73/><W35/><G35/><T135/><D33/><U57/><E57/><V31/><F63/><W1/><G6/><N who="0" m="2091" /><D47/><U5/><REACH who="1" step="1"/><E68/><REACH who="1" ten="320,264,213,193" step="2"/><V30/><F53/><W87/><REACH who="3" step="1"/><G59/><REACH who="3" ten="320,264,213,183" step="2"/><T94/><D135/><U86/><E86/><AGARI ba="0,2" hai="24,27,54,58,60,82,86,88,91,94,96" m="2091" machi="86" ten="30,7700,0" yaku="8,1,52,2,54,1" doraHai="14,13,85" who="0" fromWho="1" sc="320,97,264,-77,213,0,183,0" />
</Scene>
<Scene>
<INIT seed="4,0,0,4,1,57" ten="417,187,213,183" oya="0" hai0="72,127,108,76,71,45,33,111,5,11,67,49,59" hai1="104,52,53,29,1,118,86,17,60,82,28,3,47" hai2="39,18,73,132,31,96,27,8,119,95,66,102,42" hai3="61,23,80,56,75,103,58,79,65,38,134,64,34"/><T113/><D71/><U116/><E104/><V125/><F73/><W107/><G34/><T115/><D33/><U90/><E17/><V110/><F110/><N who="0" m="42026" /><D127/><U62/><E47/><V122/><F125/><W15/><G38/><T98/><D98/><U10/><E10/><V4/><F122/><W123/><G123/><T36/><D36/><U83/><E90/><V84/><F132/><W2/><G2/><T120/><D120/><U101/><E86/><V105/><F18/><W54/><G134/><T89/><D89/><U6/><E101/><V48/><F39/><W112/><G112/><N who="0" m="43083" /><D76/><U30/><E30/><V94/><F105/><W24/><G103/><T63/><D72/><U93/><E93/><V126/><F126/><W35/><G107/><T78/><D78/><U129/><REACH who="1" step="1"/><E6/><REACH who="1" ten="417,177,213,183" step="2"/><V128/><F4/><W7/><G7/><T68/><D5/><U100/><E100/><V131/><F102/><W44/><G79/><T74/><D11/><U32/><E32/><V25/><F8/><W26/><G35/><T69/><D74/><U43/><E43/><AGARI ba="0,1" hai="43,45,49,59,63,67,68,69" m="43083,42026" machi="43" ten="30,12000,1" yaku="10,1,15,1,34,2,52,1" doraHai="57" who="0" fromWho="1" sc="417,130,177,-120,213,0,183,0" />
</Scene>
<Scene>
<INIT seed="4,1,0,3,3,121" ten="547,57,213,183" oya="0" hai0="107,80,71,135,114,3,59,1,132,73,9,13,4" hai1="131,50,11,21,6,56,42,76,66,117,72,110,62" hai2="86,79,14,93,61,46,47,83,32,52,53,89,108" hai3="74,111,95,94,115,57,44,88,20,116,23,60,113"/><T96/><D71/><U97/><E117/><V25/><F108/><W26/><G74/><T7/><D114/><N who="3" m="43529" /><G116/><T126/><D126/><U70/><E110/><V133/><F133/><N who="0" m="51274" /><D7/><U27/><E131/><V38/><F14/><W105/><G105/><T39/><D39/><U92/><E76/><V65/><F32/><W37/><G95/><T40/><D40/><U82/><E82/><V129/><F25/><W5/><G111/><T134/><D134/><U103/><E72/><V48/><F129/><W18/><G5/><T81/><D81/><U22/><E70/><V28/><F28/><N who="3" m="17479" /><G44/><T16/><D4/><U77/><E77/><V90/><F38/><W67/><G37/><T124/><D124/><U106/><E106/><V54/><F47/><W36/><G36/><T49/><D80/><U10/><E6/><V102/><F102/><W51/><G51/><T125/><D73/><U12/><E12/><V118/><F118/><W34/><G34/><T75/><D75/><U98/><E50/><V2/><F2/><W127/><G127/><T30/><D125/><U109/><E109/><V130/><F130/><W104/><G104/><T33/><D33/><U19/><E42/><V15/><F15/><N who="3" m="9695" /><G94/><T100/><D30/><U99/><E92/><V29/><F29/><W91/><AGARI ba="1,0" hai="57,60,67,88,91" m="9695,17479,43529" machi="91" ten="30,2000,0" yaku="15,1,54,1" doraHai="121" who="3" fromWho="3" sc="547,-11,57,-6,213,-6,183,23" />
</Scene>
<Scene>
<INIT seed="5,0,0,5,3,100" ten="536,51,207,206" oya="1" hai0="102,43,117,5,58,116,26,31,56,126,24,57,2" hai1="78,86,92,8,80,109,73,101,125,97,4,13,62" hai2="87,76,55,41,81,12,11,48,127,103,96,112,99" hai3="72,122,25,14,59,17,28,106,124,129,34,30,95"/><U135/><E135/><V131/><F131/><W21/><G122/><T29/><D126/><U107/><E125/><V128/><F128/><W7/><G72/><T27/><D43/><U65/><E109/><V104/><F127/><W32/><G124/><T77/><D77/><U16/><E4/><V45/><F112/><W85/><G129/><T6/><D102/><U63/><E65/><V50/><F99/><W47/><G7/><N who="0" m="2571" /><D2/><U75/><E75/><V123/><F123/><W108/><G108/><T89/><D89/><AGARI ba="0,0" hai="8,13,16,62,63,73,78,80,86,89,92,97,101,107" machi="89" ten="40,12000,1" yaku="24,2,52,1,54,1" doraHai="100" who="1" fromWho="0" sc="536,-120,51,120,207,0,206,0" />
</Scene>
<Scene>
<INIT seed="5,1,0,4,3,101" ten="416,171,207,206" oya="1" hai0="43,96,19,133,78,9,124,100,82,107,79,0,70" hai1="89,80,28,8,77,90,25,14,12,104,72,38,76" hai2="18,99,117,98,30,73,56,106,85,83,16,115,112" hai3="34,92,69,66,121,132,31,21,27,91,32,84,97"/><U123/><E123/><V20/><F73/><W13/><G121/><T5/><D133/><U129/><E129/><V50/><F117/><W110/><G110/><T35/><D35/><U61/><E38/><V1/><F1/><W95/><G132/><T93/><D124/><U47/><E47/><V111/><F111/><W120/><G120/><T52/><D70/><U22/><E76/><N who="2" m="46311" /><F30/><W74/><G74/><T116/><D116/><U108/><E108/><V122/><F122/><W41/><G41/><T63/><D43/><U135/><E135/><V68/><F68/><W113/><G113/><N who="2" m="43593" /><F106/><W6/><G69/><T7/><D107/><U64/><E104/><V62/><F50/><W94/><G34/><T46/><D0/><U4/><REACH who="1" step="1"/><E12/><REACH who="1" ten="416,161,207,206" step="2"/><N who="2" m="9223" /><F18/><W3/><G13/><T37/><D19/><U55/><E55/><AGARI ba="1,1" hai="55,56,62,98,99" m="9223,43593,46311" machi="55" ten="30,3900,0" yaku="15,1,11,1,54,1" doraHai="101" who="2" fromWho="1" sc="416,0,161,-42,207,52,206,0" />
</Scene>
<Scene>
<INIT seed="6,0,0,3,5,21" ten="416,119,259,206" oya="2" hai0="108,62,29,128,53,5,118,30,41,51,133,55,26" hai1="31,70,115,101,49,56,125,79,66,54,67,114,2" hai2="25,75,34,32,100,22,132,28,6,81,65,116,103" hai3="61,15,131,36,76,16,89,43,77,91,52,102,71"/><V69/><F116/><W48/><G131/><T10/><D108/><U59/><E2/><V82/><F6/><W64/><G102/><T104/><D104/><U9/><E101/><V37/><F37/><W12/><G12/><N who="0" m="5199" /><D128/><U72/><E9/><V86/><F75/><W35/><G35/><T0/><D0/><U94/><E31/><N who="0" m="11785" /><D26/><U39/><E94/><V127/><F127/><W47/><G77/><T88/><D133/><U83/><E125/><V129/><F132/><W106/><G76/><T24/><D24/><U113/><E39/><V11/><F129/><W123/><G106/><T20/><D20/><U93/><E70/><V14/><F34/><W111/><G123/><T38/><D38/><U97/><REACH who="1" step="1"/><E59/><REACH who="1" ten="416,109,259,206" step="2"/><V19/><F103/><W112/><G111/><T42/><D118/><U107/><E107/><V99/><F69/><W78/><G71/><T96/><D41/><U110/><E110/><V23/><F11/><W87/><G36/><T1/><D42/><U63/><E63/><V50/><F32/><W58/><G43/><T85/><D62/><U17/><E17/><V13/><F19/><W73/><G16/><T68/><D1/><U126/><E126/><V4/><F28/><W18/><G18/><T122/><D68/><U44/><E44/><V3/><F3/><W74/><G47/><T40/><D40/><U90/><AGARI ba="0,1" hai="49,54,56,66,67,72,79,83,90,93,97,113,114,115" machi="90" ten="30,8000,1" yaku="1,1,0,1,15,1,53,2" doraHai="21" doraHaiUra="60" who="1" fromWho="1" sc="416,-20,109,90,259,-40,206,-20" />
</Scene>
<Scene>
<INIT seed="7,0,0,1,1,82" ten="396,199,219,186" oya="3" hai0="108,96,106,125,47,71,17,48,2,118,88,41,98" hai1="11,55,30,22,129,123,72,33,69,121,90,34,65" hai2="84,76,116,35,63,75,83,32,80,53,126,61,50" hai3="16,134,66,101,19,92,42,95,89,46,131,54,78"/><W28/><G134/><T100/><D108/><U1/><E72/><V104/><F104/><W52/><G131/><T77/><D118/><U62/><E129/><V20/><F116/><W85/><G78/><T57/><D71/><U132/><E132/><V117/><F117/><W109/><G66/><T59/><D2/><U67/><E67/><V8/><F8/><W94/><G28/><T128/><D128/><U122/><E55/><N who="3" m="21034" /><G109/><T7/><D7/><U5/><REACH who="1" step="1"/><E90/><REACH who="1" ten="396,189,219,186" step="2"/><V3/><F75/><W40/><G101/><T39/><D100/><U110/><E110/><V25/><F53/><W124/><G124/><T135/><D39/><U64/><E64/><V86/><F126/><W44/><G44/><T107/><D77/><U27/><AGARI ba="0,1" hai="1,5,11,22,27,30,33,34,62,65,69,121,122,123" machi="27" ten="40,2700,0" yaku="1,1,0,1,53,0" doraHai="82" doraHaiUra="127" who="1" fromWho="1" sc="396,-7,189,37,219,-7,186,-13" owari="389,49.0,226,3.0,212,-19.0,173,-33.0" />
</Scene>
</mjloggm>