<mjloggm ver="2.3"><GO type="169" lobby="0"/><UN n0="%41%53%41%50%49%4E" n1="%E3%83%97%E3%83%AD%E3%82%B8%E3%83%A3%E3%83%B3%E6%B0%8F" n2="%E3%82%B9%E3%83%86%E3%83%AB%E3%82%B9%6B%69%6E%6F" n3="%E3%82%AA%E3%83%BC%E3%83%A9%E3%82%B9%E3%81%AE%E5%90%91%E3%81%86%E5%81%B4" dan="19,16,16,16" rate="2258.44,2095.19,2122.28,2052.89" sx="M,M,F,M"/><TAIKYOKU oya="0"/>

<Scene>
<INIT seed="0,0,0,1,1,94" ten="250,250,250,250" oya="0" hai0="115,122,75,41,16,131,106,118,45,99,70,88,97" hai1="18,28,124,15,0,5,109,134,24,74,128,49,86" hai2="98,68,117,82,121,101,105,3,132,78,133,116,37" hai3="103,79,64,54,76,71,8,61,60,84,26,85,2"/><T100/><D115/><U33/><E74/><N who="2" m="43351" /><F68/><W46/><G26/><T89/><D118/><N who="2" m="45674" /><F37/><W66/><G46/><T27/><D122/><U87/><E109/><V53/><F3/><W11/><G54/><T125/><D70/><U83/><E124/><V72/><F53/><W20/><G20/><T1/><D1/><U31/><E134/><N who="2" m="51819" /><F72/><W58/><G2/><T63/><D75/><U69/><E0/><V10/><F10/><W22/><G22/><T55/><D55/><U57/><E69/><V35/><F35/><W56/><G71/><T36/><D63/><U34/><E33/><V51/><F51/><W44/><G44/><T25/><D45/><U59/><E49/><V119/><N who="2" m="45682" /><V32/><DORA hai="7" /><F32/><W17/><G17/><T114/><D36/><U130/><E18/><V19/><F19/><W123/><G123/><AGARI ba="0,0" hai="98,101,105,121,123" m="51819,45682,43351" machi="123" ten="50,12000,2" yaku="12,1,20,1,23,1,34,2,52,1" doraHai="94,7" who="2" fromWho="3" sc="250,0,250,0,250,120,250,-120" />
</Scene>
<Scene>
<INIT seed="1,0,0,5,1,8" ten="250,250,370,130" oya="1" hai0="5,119,60,117,98,14,23,107,80,69,87,30,93" hai1="6,32,132,77,47,38,18,126,21,37,85,84,110" hai2="101,78,125,4,51,68,122,129,120,64,83,11,114" hai3="72,94,54,34,36,15,43,10,112,63,79,7,49"/><U124/><E110/><V74/><F129/><W13/><G112/><T71/><D107/><U17/><E132/><V12/><F125/><N who="1" m="48233" /><E32/><V106/><F114/><W109/><G109/><T134/><D134/><U116/><E116/><V1/><F51/><W65/><G34/><T113/><D113/><U135/><E135/><V73/><F73/><W123/><G123/><T33/><D33/><U59/><E6/><V52/><F52/><W3/><G43/><T41/><D41/><U16/><E59/><V26/><F26/><W67/><G36/><N who="1" m="13930" /><E47/><V19/><F68/><W56/><G67/><T86/><D69/><U92/><E77/><V44/><F44/><W91/><G79/><T130/><D71/><U97/><E21/><V104/><F64/><W121/><G121/><T99/><D23/><U25/><E25/><V0/><F0/><W89/><G72/><T95/><D119/><U46/><E46/><V81/><F120/><W28/><G28/><T90/><D30/><U100/><AGARI ba="0,0" hai="16,17,18,84,85,92,97,100" m="13930,48233" machi="100" ten="40,3900,0" yaku="18,1,54,1" doraHai="8" who="1" fromWho="1" sc="250,-13,250,39,370,-13,130,-13" />
</Scene>
<Scene>
<INIT seed="1,1,0,4,3,63" ten="237,289,357,117" oya="1" hai0="73,133,69,40,18,45,83,78,10,50,94,110,9" hai1="36,48,24,86,21,72,95,25,3,82,49,41,55" hai2="128,39,117,4,64,29,44,97,75,77,6,92,43" hai3="81,91,33,74,23,70,66,15,35,122,46,12,42"/><U51/><E72/><V37/><F117/><W20/><G122/><T88/><D110/><U53/><E3/><V120/><F120/><W76/><G91/><T52/><D133/><U109/><E109/><V104/><F104/><W47/><G33/><T135/><D135/><U90/><E36/><V71/><F39/><W8/><G35/><T80/><D80/><U130/><E130/><V85/><F75/><W114/><G114/><T34/><D34/><U113/><E41/><V124/><F29/><W108/><G108/><T22/><D69/><U65/><E65/><V11/><F128/><W16/><G23/><T118/><D40/><U31/><E113/><V5/><F124/><W2/><G2/><T129/><D118/><U123/><E123/><V102/><F85/><W57/><G70/><T56/><D45/><U96/><REACH who="1" step="1"/><E24/><REACH who="1" ten="237,279,357,117" step="2"/><V19/><F64/><W62/><REACH who="3" step="1"/><G42/><REACH who="3" ten="237,279,357,107" step="2"/><T14/><REACH who="0" step="1"/><D129/><REACH who="0" ten="227,279,357,107" step="2"/><U7/><E7/><AGARI ba="1,3" hai="7,8,12,15,16,20,46,47,57,62,66,74,76,81" machi="7" ten="30,8000,1" yaku="1,1,2,1,7,1,52,1,54,1,53,0" doraHai="63" doraHaiUra="125" who="3" fromWho="1" sc="227,0,279,-83,357,0,107,113" />
</Scene>
<Scene>
<INIT seed="2,0,0,2,2,85" ten="227,196,357,220" oya="2" hai0="41,113,58,18,99,50,7,72,111,127,8,24,119" hai1="100,126,124,32,108,68,129,30,34,74,64,9,88" hai2="122,54,66,4,2,59,23,43,120,94,16,133,12" hai3="78,19,63,102,15,114,101,10,11,97,0,80,71"/><V5/><F133/><W44/><G114/><T86/><D72/><U67/><E74/><V116/><F116/><W112/><G112/><T38/><D113/><U131/><E108/><V57/><F43/><W31/><G31/><T132/><D132/><U51/><E100/><V45/><F120/><W84/><G44/><T1/><D119/><U21/><E64/><V115/><F115/><W105/><G102/><T107/><D111/><U61/><E51/><N who="2" m="29039" /><F2/><W81/><G63/><T121/><D127/><N who="1" m="48683" /><E9/><V29/><F29/><W123/><G123/><T125/><D121/><U118/><E21/><V52/><F122/><W106/><G71/><T46/><D125/><U36/><E36/><V39/><F39/><W14/><G0/><T75/><D75/><U76/><E76/><V20/><F20/><W96/><G96/><T104/><D99/><U69/><E69/><V91/><F66/><W60/><G60/><T134/><D134/><U65/><E65/><V25/><F25/><W87/><G106/><T3/><D3/><U89/><E118/><V117/><F117/><W33/><G33/><N who="1" m="12906" /><E30/><V17/><F17/><W27/><G27/><T48/><D18/><U55/><E55/><V103/><F103/><W90/><G15/><T22/><D38/><U49/><E49/><N who="2" m="30863" /><F59/><W56/><G56/><T42/><D58/><U77/><E77/><V28/><F28/><W135/><G135/><T109/><D42/><U62/><E62/><V37/><F37/><W83/><G83/><T40/><D41/><U79/><E79/><V128/><F128/><AGARI ba="0,0" hai="61,67,68,88,89,128,129,131" m="12906,48683" machi="128" ten="40,8000,1" yaku="19,1,18,1,52,2,54,1" doraHai="85" who="1" fromWho="2" sc="227,0,196,80,357,-80,220,0" />
</Scene>
<Scene>
<INIT seed="3,0,0,3,5,100" ten="227,276,277,220" oya="3" hai0="49,0,23,96,83,33,57,121,55,120,50,94,122" hai1="88,119,114,125,90,79,104,68,60,18,99,71,132" hai2="14,12,131,123,9,124,29,38,26,13,112,118,53" hai3="93,127,82,52,92,31,70,73,47,109,24,61,134"/><W72/><G134/><T21/><D33/><U63/><E114/><V15/><F38/><W30/><G127/><T7/><D83/><U84/><E132/><V128/><F53/><W111/><G70/><T67/><D67/><U97/><E79/><V87/><F87/><W101/><G101/><T102/><REACH who="0" step="1"/><D50/><REACH who="0" ten="217,276,277,220" step="2"/><U108/><E119/><V11/><F118/><W37/><G82/><T69/><D69/><U54/><E71/><V34/><F112/><W56/><G61/><T86/><D86/><U75/><E68/><V89/><F124/><W107/><G37/><T77/><D77/><U19/><E84/><V106/><F123/><W59/><G72/><T115/><D115/><U35/><E35/><V113/><F113/><W41/><G73/><T48/><D48/><U36/><E36/><V74/><F74/><W27/><G41/><T39/><D39/><U32/><E32/><V20/><F11/><AGARI ba="0,1" hai="0,7,11,21,23,49,55,57,94,96,102,120,121,122" machi="11" ten="40,2600,0" yaku="1,1,53,1" doraHai="100" doraHaiUra="5" who="0" fromWho="2" sc="217,36,276,0,277,-26,220,0" />
</Scene>
<Scene>
<INIT seed="4,0,0,5,5,108" ten="253,276,251,220" oya="0" hai0="134,26,111,63,77,129,18,113,37,5,114,122,45" hai1="6,22,84,119,123,61,21,121,70,125,97,12,33" hai2="58,31,93,42,103,112,83,88,80,53,24,110,64" hai3="67,74,20,94,57,29,46,55,116,47,102,14,98"/><T66/><D122/><U35/><E70/><V72/><F110/><W7/><G116/><T75/><D111/><U49/><E49/><V11/><F42/><W39/><G74/><T9/><D129/><U71/><E61/><V8/><F64/><W127/><G127/><T28/><D18/><U118/><E84/><V73/><F103/><W85/><G39/><T89/><D89/><U128/><E97/><V3/><F73/><W100/><G100/><T25/><D134/><U16/><E71/><V133/><F133/><W131/><G131/><T32/><D26/><U68/><E68/><V0/><F0/><W79/><G67/><T2/><D63/><U87/><E87/><V90/><F90/><W105/><G29/><T50/><D66/><U130/><E6/><V36/><F36/><W59/><G59/><T43/><D50/><U41/><E41/><V4/><F11/><N who="3" m="4479" /><G20/><T92/><D92/><U56/><E56/><V115/><F72/><W23/><G23/><T17/><D17/><U15/><E16/><V135/><F135/><W27/><G27/><T132/><D132/><U34/><E34/><V51/><F83/><AGARI ba="0,0" hai="2,5,9,25,28,32,37,43,45,75,77,83,113,114" machi="83" ten="40,18000,2" yaku="25,2,23,2,52,2" doraHai="108" who="0" fromWho="2" sc="253,180,276,0,251,-180,220,0" />
</Scene>
<Scene>
<INIT seed="4,1,0,3,2,81" ten="433,276,71,220" oya="0" hai0="118,11,128,33,104,45,90,109,106,119,16,52,89" hai1="114,35,134,7,117,126,2,65,62,39,29,67,27" hai2="56,94,122,30,8,68,53,123,74,80,116,66,75" hai3="58,91,93,72,9,76,71,61,132,92,115,40,44"/><T107/><D33/><U108/><E117/><V46/><F116/><W97/><G71/><T17/><D119/><U3/><E108/><V130/><F130/><W101/><G132/><T32/><D118/><U84/><E39/><V113/><F113/><W50/><G115/><T83/><D32/><U120/><E120/><V73/><F30/><W105/><G9/><T21/><D128/><U98/><E114/><V12/><F94/><W131/><G131/><T14/><D109/><U31/><E31/><V129/><F129/><W20/><G20/><T64/><D64/><U51/><E126/><V95/><F95/><W1/><G1/><T55/><D45/><U69/><E67/><V102/><F102/><W63/><G93/><T4/><D17/><U34/><E34/><V135/><F135/><W70/><G70/><T121/><D121/><U22/><E134/><V133/><F133/><W15/><G15/><T125/><D125/><U59/><E7/><V86/><F46/><W28/><G28/><T57/><D83/><U5/><E5/><V36/><F36/><W127/><G127/><T10/><D10/><U42/><E22/><V41/><F41/><W99/><G58/><T79/><D79/><U19/><E59/><V60/><F68/><W0/><G0/><N who="0" m="391" /><D57/><U110/><E110/><V18/><REACH who="2" step="1"/><F66/><REACH who="2" ten="433,276,61,220" step="2"/><W25/><G44/><T6/><D106/><U112/><E112/><V48/><F48/><W87/><G50/><T96/><D107/><U26/><E51/><V43/><F43/><W111/><G40/><T103/><D104/><U23/><E42/><V85/><F85/><RYUUKYOKU ba="1,1" sc="433,-10,276,-10,61,30,220,-10" hai2="8,12,18,53,56,60,73,74,75,80,86,122,123" />
</Scene>
<Scene>
<INIT seed="5,2,1,0,3,57" ten="423,266,91,210" oya="1" hai0="11,40,31,9,90,92,131,83,59,41,7,127,39" hai1="111,18,82,35,133,100,45,129,76,110,84,79,66" hai2="106,46,124,132,75,94,115,24,74,123,48,17,33" hai3="98,117,55,112,27,56,73,121,44,134,1,52,101"/><U104/><E35/><V109/><F123/><W105/><G121/><T61/><D131/><U71/><E129/><V30/><F109/><N who="1" m="41481" /><E133/><V119/><F119/><W14/><G117/><T89/><D127/><U91/><E45/><V23/><F106/><W130/><G130/><T62/><D39/><U103/><E18/><V2/><F124/><W118/><G118/><T120/><D120/><U114/><E114/><V8/><F132/><W107/><G134/><T10/><D7/><U81/><E66/><V102/><F115/><W77/><G112/><T20/><D59/><U70/><E104/><V126/><F126/><W51/><G1/><T26/><D83/><N who="1" m="47231" /><E71/><V69/><F69/><W86/><G107/><T29/><D29/><U25/><E25/><V53/><F102/><W122/><G122/><T116/><D116/><U88/><E70/><V37/><F37/><W42/><G27/><T50/><D89/><N who="1" m="34379" /><E81/><V58/><F46/><W99/><G55/><T36/><D36/><U67/><E67/><V13/><REACH who="2" step="1"/><F94/><REACH who="2" ten="423,266,81,210" step="2"/><W4/><G44/><N who="0" m="25863" /><D41/><U93/><E93/><V38/><F38/><W15/><G42/><T72/><D72/><AGARI ba="2,2" hai="72,76,82,100,103" m="34379,47231,41481" machi="72" ten="30,11600,0" yaku="10,1,34,2,54,1" doraHai="57" who="1" fromWho="0" sc="423,-122,266,142,81,0,210,0" />
</Scene>
<Scene>
<INIT seed="5,3,0,3,0,4" ten="301,408,81,210" oya="1" hai0="97,72,91,19,94,5,66,99,7,113,101,16,41" hai1="57,78,20,1,82,70,48,67,46,8,86,40,42" hai2="54,77,92,107,118,84,61,62,114,34,100,14,81" hai3="90,9,63,30,50,106,0,38,93,52,68,120,60"/><U49/><E70/><V37/><F118/><W95/><G120/><T31/><D72/><U35/><E35/><V132/><F34/><W135/><G106/><T79/><D79/><U74/><E74/><V22/><F37/><W80/><G38/><T110/><D110/><U15/><E1/><V104/><F132/><W69/><G135/><T3/><D113/><U11/><E20/><V76/><F114/><W12/><G0/><T56/><D31/><U24/><E24/><V58/><F76/><W17/><G30/><T109/><D109/><U55/><E67/><V29/><F62/><W129/><G129/><T39/><D56/><U53/><REACH who="1" step="1"/><E8/><REACH who="1" ten="301,398,81,210" step="2"/><V59/><F22/><W131/><G69/><T64/><D66/><U26/><E26/><V122/><F14/><W111/><G68/><T28/><D64/><U89/><E89/><V117/><F117/><W123/><G111/><T65/><D65/><U75/><E75/><V13/><F122/><W36/><G123/><T102/><D91/><U18/><AGARI ba="3,1" hai="11,15,18,40,42,46,48,49,53,55,57,78,82,86" machi="18" ten="20,12000,1" yaku="1,1,0,1,7,1,8,1,52,1,53,0" doraHai="4" doraHaiUra="23" who="1" fromWho="1" sc="301,-43,398,139,81,-43,210,-43" />
</Scene>
<Scene>
<INIT seed="5,4,0,2,1,101" ten="258,537,38,167" oya="1" hai0="53,105,65,37,6,61,51,46,0,26,123,120,57" hai1="72,102,126,47,55,30,12,118,33,107,29,10,134" hai2="132,71,87,75,8,124,23,130,39,70,5,9,27" hai3="76,69,104,43,74,60,86,122,11,110,103,88,98"/><U116/><E72/><V90/><F75/><W113/><G110/><T22/><D105/><U16/><E126/><V115/><F124/><W35/><G122/><N who="0" m="46635" /><D37/><U42/><E55/><V56/><F39/><W1/><G43/><T91/><D91/><U21/><E33/><V24/><F132/><W4/><G35/><T7/><D0/><U3/><E134/><V125/><F125/><W108/><G108/><T119/><D119/><U58/><E58/><V95/><F130/><W13/><G113/><T17/><AGARI ba="4,0" hai="6,7,17,22,26,46,51,53,57,61,65" m="46635" machi="17" ten="30,1100,0" yaku="13,1" doraHai="101" who="0" fromWho="0" sc="258,23,537,-9,38,-7,167,-7" />
</Scene>
<Scene>
<INIT seed="6,0,0,3,5,104" ten="281,528,31,160" oya="2" hai0="63,75,42,7,22,121,127,36,126,60,122,65,94" hai1="66,55,29,107,74,4,57,53,38,96,133,90,40" hai2="99,77,87,116,91,67,14,100,118,52,43,71,98" hai3="128,19,125,35,24,49,95,41,86,129,51,93,21"/><V68/><F43/><W31/><G125/><N who="0" m="47627" /><D75/><U97/><E133/><V134/><F134/><W44/><G51/><T82/><D82/><U112/><E112/><V110/><F77/><W34/><G34/><T1/><D63/><U73/><E40/><V69/><F67/><W15/><REACH who="3" step="1"/><G86/><REACH who="3" ten="281,528,31,150" step="2"/><T6/><D122/><U61/><E38/><V109/><F14/><W18/><G18/><T111/><D121/><U102/><E29/><V88/><F52/><W106/><G106/><T3/><D36/><U105/><E4/><V54/><F54/><W47/><G47/><T8/><D7/><U56/><E66/><V30/><F30/><W17/><G17/><T0/><D42/><U20/><E20/><V85/><REACH who="2" step="1"/><F71/><REACH who="2" ten="281,528,21,150" step="2"/><W62/><G62/><T23/><D60/><U119/><E61/><V103/><AGARI ba="0,2" hai="68,69,85,87,88,91,98,99,100,103,109,110,116,118" machi="103" ten="25,18000,2" yaku="1,1,2,1,0,1,22,2,54,1,53,0" doraHai="104" doraHaiUra="117" who="2" fromWho="2" sc="281,-60,528,-60,21,200,150,-60" />
</Scene>
<Scene>
<INIT seed="6,1,0,2,1,120" ten="221,468,221,90" oya="2" hai0="17,53,123,30,34,31,115,37,93,13,127,107,59" hai1="72,129,81,82,60,132,80,16,98,21,125,4,112" hai2="56,121,10,38,65,42,15,126,0,50,91,134,11" hai3="8,100,69,14,113,71,66,111,22,29,118,76,46"/><V78/><F121/><W63/><G118/><T74/><D123/><U133/><E72/><V1/><F78/><W108/><G71/><T102/><D74/><U99/><E112/><V85/><F134/><N who="1" m="51817" /><E125/><V68/><F126/><W3/><G113/><T105/><D37/><U47/><E129/><V95/><F38/><W104/><G76/><T28/><D34/><U24/><E4/><V130/><F130/><W40/><G3/><T117/><D117/><U96/><E60/><V18/><F68/><W89/><G89/><T12/><D115/><U48/><E82/><V52/><F11/><W27/><G100/><T88/><D102/><U23/><E23/><V51/><REACH who="2" step="1"/><F65/><REACH who="2" ten="221,468,211,90" step="2"/><W49/><REACH who="3" step="1"/><G104/><REACH who="3" ten="221,468,211,80" step="2"/><T5/><D107/><U35/><E35/><V2/><F2/><W103/><G103/><T43/><D105/><U84/><E84/><V94/><F94/><W36/><G36/><T45/><D127/><U114/><E114/><V90/><F90/><W33/><G33/><T54/><D88/><U7/><E7/><AGARI ba="1,2" hai="7,8,14,22,27,29,40,46,49,63,66,69,108,111" machi="7" ten="30,7700,0" yaku="1,1,7,1,52,2,53,0" doraHai="120" doraHaiUra="119" who="3" fromWho="1" sc="221,0,468,-80,211,0,80,100" />
</Scene>
<Scene>
<INIT seed="7,0,0,1,3,47" ten="221,388,211,180" oya="3" hai0="15,103,45,109,78,48,79,118,92,25,124,64,21" hai1="72,50,105,18,126,28,94,108,12,51,71,55,4" hai2="68,30,44,133,135,128,1,19,134,66,115,3,16" hai3="96,46,57,29,49,35,101,120,98,5,84,102,122"/><W54/><G5/><T40/><D109/><U37/><E105/><V97/><F115/><W131/><G131/><T77/><D118/><U87/><E72/><V114/><F114/><W73/><G73/><T27/><D124/><U116/><E71/><V53/><F128/><W39/><G84/><T58/><D15/><U6/><E37/><V76/><F76/><W104/><G29/><T9/><D9/><U34/><E126/><V93/><F30/><W99/><G35/><T111/><D111/><U83/><E108/><V2/><F66/><W80/><G80/><T26/><D64/><U14/><E14/><V85/><F85/><W125/><G125/><T11/><D58/><U75/><E75/><V132/><F68/><W63/><G39/><T100/><D11/><U121/><E121/><V89/><F135/><W88/><G88/><T22/><D92/><U91/><E28/><V67/><F67/><W7/><G7/><T52/><D40/><U17/><E34/><V43/><F53/><W38/><G38/><AGARI ba="0,0" hai="1,2,3,16,19,38,43,44,89,93,97,132,133,134" machi="38" ten="50,3200,0" yaku="20,1,54,1" doraHai="47" who="2" fromWho="3" sc="221,0,388,0,211,32,180,-32" owari="221,-18.0,388,49.0,243,4.0,148,-35.0" />
</Scene>
</mjloggm>