<mjloggm ver="2.3"><GO type="169" lobby="0"/><UN n0="%E3%81%8F%E3%81%AB%E3%81%B2%E3%81%93%E3%81%BE%E3%82%8B" n1="%53%48%45%45%50%32%30%30" n2="%74%6A%2D%6D%69%63%72%6F" n3="%41%53%41%50%49%4E" dan="16,17,16,19" rate="2093.42,2137.13,2106.68,2262.99" sx="M,M,M,M"/><TAIKYOKU oya="0"/>

<Scene>
<INIT seed="0,0,0,0,5,21" ten="250,250,250,250" oya="0" hai0="79,35,107,77,106,34,128,58,8,24,133,127,25" hai1="59,87,28,89,64,75,65,97,41,119,20,100,85" hai2="123,91,74,80,57,113,62,84,10,18,93,108,48" hai3="66,15,13,39,101,109,116,52,71,32,121,30,76"/><T83/><D83/><U23/><E75/><V70/><F123/><W19/><G116/><T26/><D58/><U96/><E119/><V73/><F113/><W9/><G39/><T43/><D8/><U125/><E125/><V94/><F108/><W117/><G109/><T114/><D127/><U22/><E41/><V5/><F70/><W11/><G117/><T61/><D61/><N who="1" m="37951" /><E65/><V134/><F134/><W111/><G111/><T98/><D43/><U47/><E47/><V36/><F36/><W50/><G121/><T88/><D114/><U112/><E100/><V40/><F18/><W45/><G66/><T86/><D86/><N who="1" m="32779" /><E112/><V63/><F74/><W49/><G71/><T103/><D133/><U33/><E33/><N who="0" m="12297" /><D88/><U69/><E69/><V29/><F63/><W72/><G101/><T37/><D37/><U124/><E124/><V90/><F62/><W132/><G132/><T99/><D128/><U130/><E130/><V51/><F40/><W53/><G72/><T17/><D17/><U104/><E104/><N who="0" m="39977" /><D103/><U31/><E89/><V105/><F91/><W56/><G19/><T42/><D42/><U95/><E95/><V81/><F90/><W6/><G56/><T131/><D131/><U4/><E4/><V126/><F57/><W102/><G6/><T7/><D7/><U27/><E22/><V12/><F5/><W82/><G102/><T3/><D3/><U54/><E20/><V135/><F73/><W115/><G115/><T78/><AGARI ba="0,0" hai="24,25,26,77,78,79,98,99" m="39977,12297" machi="78" ten="40,12000,1" yaku="28,2,52,3" doraHai="21" who="0" fromWho="0" sc="250,120,250,-40,250,-40,250,-40" />
</Scene>
<Scene>
<INIT seed="0,1,0,0,3,35" ten="370,210,210,210" oya="0" hai0="123,24,115,76,104,63,116,109,110,9,39,16,49" hai1="41,79,34,4,119,77,59,61,124,12,40,53,14" hai2="32,97,45,100,92,108,30,8,107,69,106,43,50" hai3="10,58,125,73,44,93,7,111,27,42,57,117,71"/><T29/><D39/><U94/><E119/><V78/><F108/><N who="0" m="41578" /><D116/><U121/><E121/><V132/><F132/><W128/><G111/><T90/><D123/><U65/><E34/><V33/><F78/><N who="1" m="29705" /><E124/><V75/><F75/><W118/><G73/><T95/><D104/><U31/><E31/><V131/><F131/><W62/><G128/><T70/><D76/><U47/><E94/><V26/><F69/><W74/><G93/><T122/><D122/><U88/><E88/><V112/><F33/><W81/><G71/><T67/><D49/><N who="1" m="28863" /><E4/><V86/><F112/><W135/><G7/><T130/><D130/><U1/><E1/><V82/><F82/><W46/><G81/><T66/><D115/><U54/><E54/><V91/><F86/><W22/><G118/><T0/><D67/><U60/><E60/><V52/><F43/><AGARI ba="1,0" hai="12,14,40,41,43,59,61,65" m="28863,29705" machi="43" ten="30,1000,0" yaku="8,1" doraHai="35" who="1" fromWho="2" sc="370,0,210,13,210,-13,210,0" />
</Scene>
<Scene>
<INIT seed="1,0,0,1,4,25" ten="370,223,197,210" oya="1" hai0="43,99,27,111,75,12,95,132,44,50,89,122,98" hai1="68,112,110,115,73,6,29,5,76,117,21,24,63" hai2="2,59,97,131,39,94,113,3,84,120,10,90,48" hai3="92,0,13,36,54,108,133,127,35,17,74,116,81"/><U40/><E117/><V104/><F39/><W30/><G36/><T46/><D75/><U45/><E76/><V124/><F120/><W19/><G0/><T18/><D122/><U78/><E78/><V69/><F69/><W79/><G108/><T77/><D77/><U55/><E73/><V53/><F131/><W100/><G133/><T123/><D123/><U32/><E110/><V60/><F124/><W1/><G1/><T105/><D111/><U33/><E33/><V130/><F130/><W16/><G127/><T72/><D72/><U9/><E32/><V126/><F126/><W34/><G116/><T93/><D132/><U20/><E20/><V65/><F113/><W101/><G34/><T4/><D105/><U70/><E6/><V42/><F42/><W8/><G54/><T14/><D4/><U102/><E102/><V125/><F125/><W7/><REACH who="3" step="1"/><G92/><REACH who="3" ten="370,223,197,200" step="2"/><T85/><D95/><U56/><E115/><V58/><F2/><W62/><G62/><T47/><D93/><U80/><E112/><V15/><F3/><W91/><G91/><T96/><D89/><U38/><REACH who="1" step="1"/><E80/><REACH who="1" ten="370,213,197,200" step="2"/><V128/><F128/><W23/><G23/><T87/><D43/><U22/><E22/><V129/><F129/><W83/><G83/><T71/><D18/><U26/><E26/><AGARI ba="0,2" hai="7,8,13,16,17,19,26,30,35,74,79,81,100,101" machi="26" ten="40,5200,0" yaku="1,1,52,1,54,1,53,0" doraHai="25" doraHaiUra="114" who="3" fromWho="1" sc="370,0,213,-52,197,0,200,72" />
</Scene>
<Scene>
<INIT seed="2,0,0,3,5,79" ten="370,161,197,272" oya="2" hai0="16,28,23,82,72,125,124,48,134,15,93,21,52" hai1="117,113,33,62,128,42,80,78,111,58,120,55,132" hai2="22,5,135,94,81,63,35,76,61,110,107,87,36" hai3="104,45,26,65,3,130,105,30,97,116,49,75,57"/><V0/><F36/><W66/><G3/><T50/><D134/><U99/><E117/><V6/><F35/><W84/><G75/><T68/><D68/><U70/><E113/><V41/><F107/><W43/><G116/><T69/><D69/><U109/><E128/><V118/><F118/><W10/><G130/><T12/><D93/><U18/><E132/><V122/><F122/><W4/><G104/><T119/><D119/><U85/><E33/><V88/><F41/><W25/><G57/><T71/><D71/><U7/><E70/><V53/><F135/><W59/><G59/><T54/><D72/><U44/><E7/><V32/><F32/><W8/><G97/><T74/><D74/><U102/><E18/><V101/><F101/><W89/><G105/><T91/><D28/><U106/><REACH who="1" step="1"/><E120/><REACH who="1" ten="370,151,197,272" step="2"/><V114/><F114/><W115/><G4/><T11/><D16/><U31/><E31/><V51/><F5/><W56/><G30/><T29/><D29/><U20/><E20/><V127/><F6/><W131/><G131/><T100/><D23/><U133/><E133/><V90/><F0/><W108/><G115/><T95/><D21/><U46/><E46/><N who="2" m="27895" /><F22/><W96/><G8/><T17/><D11/><U47/><E47/><V103/><F127/><W86/><G10/><T38/><D125/><U92/><E92/><V19/><F19/><W83/><G45/><T77/><D17/><U73/><E73/><V2/><F2/><W112/><G112/><T34/><D124/><U40/><E40/><V14/><F94/><W126/><G126/><T1/><D95/><RYUUKYOKU ba="0,1" sc="370,-10,151,30,197,-10,272,-10" hai1="42,44,55,58,62,78,80,85,99,102,106,109,111" />
</Scene>
<Scene>
<INIT seed="3,1,1,4,4,121" ten="360,181,187,262" oya="3" hai0="39,131,35,125,10,52,40,84,14,18,103,28,2" hai1="111,124,128,29,94,13,127,12,9,105,80,74,54" hai2="108,34,67,43,85,116,20,16,3,23,114,8,33" hai3="130,69,27,96,129,73,49,83,71,56,123,58,95"/><W31/><G123/><T57/><D39/><U62/><E105/><V89/><F114/><W77/><G71/><T101/><D40/><U5/><E128/><N who="3" m="49258" /><G49/><T45/><D45/><U117/><E54/><V110/><F43/><W112/><G69/><T99/><D131/><U15/><E62/><V92/><F116/><W63/><G63/><T55/><D2/><U30/><E117/><V44/><F44/><W107/><G107/><T109/><D55/><U132/><E94/><V134/><F134/><W126/><G126/><T50/><D125/><N who="1" m="48203" /><E80/><V87/><F67/><W22/><G112/><T119/><D119/><U53/><E53/><V59/><F59/><W37/><G37/><T65/><D65/><U21/><E74/><V75/><F75/><W118/><G118/><T51/><D51/><U135/><E21/><V133/><F23/><W26/><G26/><T88/><D99/><U82/><E82/><V98/><F98/><W90/><AGARI ba="1,1" hai="22,27,31,56,58,73,77,83,90,95,96" m="49258" machi="90" ten="30,1500,0" yaku="19,1" doraHai="121" who="3" fromWho="3" sc="360,-6,181,-6,187,-6,262,28" />
</Scene>
<Scene>
<INIT seed="3,2,0,2,0,52" ten="354,175,181,290" oya="3" hai0="85,97,9,110,102,61,88,105,125,20,69,109,127" hai1="36,74,41,103,106,84,33,18,71,121,72,13,119" hai2="114,31,120,5,48,25,77,21,70,29,95,64,104" hai3="111,2,53,123,65,91,79,100,40,115,68,81,24"/><W82/><G115/><T80/><D9/><U7/><E84/><V0/><F104/><W6/><G123/><T1/><D20/><U49/><E49/><V124/><F114/><W86/><G111/><N who="0" m="42507" /><D1/><U73/><E18/><V76/><F120/><W122/><G122/><T57/><D69/><U37/><E13/><V44/><F31/><W14/><G2/><T28/><D28/><U35/><E7/><V22/><F124/><W135/><G135/><T50/><D50/><U10/><E10/><V54/><F22/><W107/><G40/><T112/><D112/><U30/><E30/><V32/><F32/><W96/><G24/><T133/><D133/><U93/><E93/><V19/><F29/><W43/><G43/><T130/><D130/><U51/><E41/><V132/><F132/><W60/><G14/><T128/><D128/><U15/><E15/><V38/><F38/><W113/><G113/><T78/><D78/><U129/><E37/><V116/><F5/><W94/><G6/><T11/><D11/><U17/><E36/><V34/><F0/><W118/><G118/><T90/><D90/><U39/><E119/><V67/><F34/><W56/><REACH who="3" step="1"/><G79/><REACH who="3" ten="354,175,181,280" step="2"/><T66/><AGARI ba="2,1" hai="57,61,66,80,85,88,97,102,105,125,127" m="42507" machi="66" ten="30,4000,0" yaku="14,1,52,1,54,1" doraHai="52" who="0" fromWho="0" sc="354,56,175,-12,181,-12,280,-22" />
</Scene>
<Scene>
<INIT seed="4,0,0,4,2,24" ten="410,163,169,258" oya="0" hai0="49,106,67,35,56,133,47,89,85,96,132,90,87" hai1="17,131,6,68,93,84,26,126,4,62,14,22,11" hai2="19,74,48,31,5,91,2,99,41,115,0,81,18" hai3="20,42,113,119,86,23,69,25,44,124,114,121,130"/><T59/><D35/><U33/><E131/><V123/><F123/><W88/><G119/><T30/><D30/><U134/><E134/><V112/><F74/><W37/><G69/><T109/><D109/><U61/><E126/><V118/><F118/><W32/><G124/><T8/><D8/><U54/><E68/><V116/><F116/><W7/><G130/><T21/><D21/><U12/><E33/><V9/><F0/><W75/><G75/><T70/><D70/><U103/><E54/><V127/><F127/><W80/><G121/><T65/><D47/><U36/><E36/><V64/><F64/><W102/><G102/><T34/><D34/><U3/><E3/><V13/><F31/><N who="3" m="19567" /><G7/><T55/><D55/><U43/><E103/><V104/><F104/><W128/><G128/><T117/><D117/><U122/><E43/><V39/><F39/><W125/><G125/><T105/><D96/><U95/><E122/><V107/><F107/><W38/><G38/><T77/><D49/><U40/><E4/><V92/><F81/><W58/><G58/><T73/><D73/><U78/><E6/><V1/><F1/><W27/><G27/><T28/><D28/><U29/><E29/><V135/><F135/><W66/><G66/><T51/><D51/><U50/><E50/><V101/><F101/><W97/><G97/><T83/><D83/><U46/><E46/><N who="2" m="25679" /><F2/><W15/><G15/><T100/><D100/><U111/><E14/><V120/><F120/><W71/><G71/><T129/><D129/><U76/><E12/><V53/><F53/><W63/><G63/><RYUUKYOKU ba="0,0" sc="410,10,163,-30,169,10,258,10" hai0="56,59,65,67,77,85,87,89,90,105,106,132,133" hai2="5,9,13,18,19,91,92,99,112,115" hai3="20,23,37,42,44,80,86,88,113,114" />
</Scene>
<Scene>
<INIT seed="4,1,0,2,2,110" ten="420,133,179,268" oya="0" hai0="66,113,76,41,16,12,115,2,5,82,57,24,34" hai1="91,63,122,111,133,30,125,99,80,95,37,132,123" hai2="50,102,119,7,79,29,43,55,70,46,35,85,71" hai3="106,96,15,129,108,20,75,54,52,87,107,33,56"/><T112/><D41/><U42/><E42/><V21/><F35/><W13/><G108/><T31/><D66/><U64/><E111/><V23/><F102/><W89/><G75/><N who="0" m="43295" /><D57/><U120/><E37/><V11/><F119/><W17/><G129/><T116/><D116/><U81/><E30/><V67/><F71/><W51/><G33/><T69/><D69/><U83/><E63/><V60/><F29/><W3/><G3/><T10/><D16/><U28/><E28/><V101/><F101/><W40/><G40/><T58/><D58/><U22/><E22/><V124/><F124/><W68/><G96/><T19/><D19/><U47/><E47/><V59/><F85/><W61/><G13/><AGARI ba="1,0" hai="2,5,10,12,13,24,31,34,112,113,115" m="43295" machi="13" ten="30,11600,0" yaku="15,1,52,3" doraHai="110" who="0" fromWho="3" sc="420,119,133,0,179,0,268,-119" />
</Scene>
<Scene>
<INIT seed="4,2,0,2,5,39" ten="539,133,179,149" oya="0" hai0="15,112,75,40,118,57,53,83,20,87,117,80,81" hai1="26,9,7,123,0,21,134,36,111,70,89,33,110" hai2="29,130,78,120,98,105,135,85,1,38,69,122,67" hai3="60,52,114,56,119,55,47,101,34,31,13,77,90"/><T99/><D75/><U133/><E70/><V96/><F1/><W93/><G119/><T23/><D118/><U28/><E36/><V42/><F130/><W125/><G114/><T107/><D117/><U12/><E89/><V8/><F135/><N who="1" m="51721" /><E123/><V84/><F8/><W4/><G125/><T50/><D112/><U103/><E103/><V74/><F29/><W126/><G126/><T61/><D87/><U131/><E131/><V5/><F5/><W95/><G77/><T43/><D107/><U24/><E24/><V62/><F74/><W91/><G31/><T116/><D116/><U94/><E94/><N who="3" m="35850" /><G34/><T97/><D61/><U45/><E45/><V102/><F98/><N who="0" m="37386" /><D20/><U88/><E88/><N who="3" m="33834" /><G101/><T22/><D22/><U106/><E106/><V48/><F38/><W66/><G47/><T6/><D23/><U104/><E104/><V124/><F124/><W64/><G64/><T49/><D49/><U16/><AGARI ba="2,0" hai="0,7,9,12,16,21,26,28,33,110,111" m="51721" machi="16" ten="30,8000,1" yaku="24,1,20,1,34,2,54,1" doraHai="39" who="1" fromWho="1" sc="539,-42,133,86,179,-22,149,-22" />
</Scene>
<Scene>
<INIT seed="5,0,0,0,5,13" ten="497,219,157,127" oya="1" hai0="3,83,9,75,54,7,124,62,1,6,76,126,122" hai1="51,116,105,81,24,57,98,118,85,37,73,72,101" hai2="70,93,123,42,2,12,87,21,120,78,43,26,95" hai3="69,59,119,90,11,100,40,17,48,18,67,36,107"/><U96/><E37/><V112/><F70/><W121/><G121/><T86/><D122/><U39/><E39/><V131/><F2/><W91/><G119/><N who="1" m="45610" /><E24/><V130/><F12/><W34/><G34/><T63/><D75/><U35/><E51/><V135/><F135/><W99/><G11/><N who="0" m="2511" /><D54/><U134/><E57/><V5/><F5/><W109/><G109/><T52/><D52/><U27/><E27/><V79/><F87/><W117/><G117/><T20/><D20/><U33/><E33/><V53/><F53/><N who="3" m="32167" /><G90/><T0/><D0/><U111/><E35/><V106/><F21/><W58/><G91/><T41/><D41/><U25/><E25/><V10/><F26/><W61/><G58/><T28/><D28/><U56/><E56/><V128/><F10/><W89/><G89/><T32/><D32/><U115/><E115/><V68/><F68/><W110/><G110/><T60/><D3/><U113/><E113/><V44/><F112/><W22/><G22/><T92/><D9/><U103/><E111/><V31/><F130/><W125/><G125/><N who="0" m="48235" /><D7/><U127/><E134/><V46/><REACH who="2" step="1"/><F106/><REACH who="2" ten="497,219,147,127" step="2"/><W50/><G107/><T82/><D63/><U29/><E127/><V64/><F64/><W102/><G67/><T132/><D62/><U4/><E4/><V71/><F71/><W94/><G61/><T66/><D132/><U74/><E105/><V129/><F129/><W16/><G69/><T38/><D60/><U77/><E29/><AGARI ba="0,1" hai="29,31,42,43,44,46,78,79,93,95,120,123,128,131" machi="29" ten="25,3200,0" yaku="1,1,22,2,53,0" doraHai="13" doraHaiUra="45" who="2" fromWho="1" sc="497,0,219,-32,147,42,127,0" />
</Scene>
<Scene>
<INIT seed="6,0,0,3,2,73" ten="497,187,189,127" oya="2" hai0="50,71,7,135,120,134,132,133,72,67,53,100,87" hai1="26,81,11,127,130,112,14,92,110,32,28,102,15" hai2="113,5,114,125,9,17,65,91,88,12,79,99,62" hai3="126,94,45,56,128,107,101,4,85,78,8,97,76"/><V10/><F125/><W33/><G33/><T41/><D132/><U64/><E127/><V57/><F99/><W24/><G126/><T59/><D72/><U38/><E38/><V52/><F65/><W68/><G68/><T20/><D120/><U121/><E110/><V129/><F129/><W40/><G128/><T105/><D7/><U34/><E130/><V35/><F35/><W25/><G56/><T131/><D131/><U119/><E32/><V106/><F106/><W117/><G117/><T116/><D116/><U77/><E119/><V60/><F60/><W74/><G74/><T84/><D20/><U30/><E30/><V118/><F118/><W82/><G107/><T48/><D67/><U18/><E64/><V6/><F79/><W29/><G29/><T123/><D71/><U46/><E46/><V44/><F44/><W83/><G83/><T31/><D123/><U86/><E121/><V66/><F66/><W42/><G76/><T63/><D31/><U51/><E51/><N who="0" m="19497" /><D41/><U0/><E112/><N who="2" m="43115" /><F5/><W36/><REACH who="3" step="1"/><G42/><REACH who="3" ten="497,187,189,117" step="2"/><T104/><D104/><U111/><E77/><V27/><F27/><W16/><G16/><T108/><D108/><U19/><E26/><V58/><F58/><W90/><G90/><T109/><D109/><U22/><E111/><V23/><F6/><W95/><G95/><T55/><D105/><U93/><E34/><V43/><F43/><W122/><G122/><T1/><D135/><U47/><E28/><V13/><F13/><AGARI ba="0,1" hai="4,8,13,24,25,36,40,45,78,82,85,94,97,101" machi="13" ten="30,7700,0" yaku="1,1,7,1,52,1,53,1" doraHai="73" doraHaiUra="3" who="3" fromWho="2" sc="497,0,187,0,189,-77,117,87" />
</Scene>
<Scene>
<INIT seed="7,0,0,3,1,36" ten="497,187,112,204" oya="3" hai0="7,37,91,13,100,0,113,17,135,114,130,97,120" hai1="24,81,23,124,41,11,98,85,102,53,121,103,40" hai2="74,56,82,86,112,87,64,95,2,110,9,55,66" hai3="54,45,15,68,78,31,111,20,65,25,48,33,133"/><W88/><G133/><T28/><D135/><U49/><E121/><V77/><F110/><W123/><G123/><T63/><D120/><U79/><E11/><V3/><F112/><N who="0" m="43114" /><D130/><U39/><E39/><V35/><F35/><W75/><G111/><T131/><D131/><U119/><E119/><V26/><F26/><W99/><G65/><T72/><D37/><U117/><E117/><V108/><F108/><W4/><G68/><T10/><D72/><U14/><E14/><V115/><F115/><W21/><G78/><T80/><D28/><N who="1" m="17439" /><E124/><V94/><F74/><W101/><G75/><T128/><D128/><U43/><E98/><V29/><F29/><W44/><G44/><AGARI ba="0,0" hai="40,41,43,44,49,53,79,81,85,102,103" m="17439" machi="44" ten="30,7700,0" yaku="8,1,52,3" doraHai="36" who="1" fromWho="3" sc="497,0,187,77,112,0,204,-77" owari="497,60.0,264,6.0,112,-39.0,127,-27.0" />
</Scene>
</mjloggm>