<mjloggm ver="2.3"><GO type="169" lobby="0"/><UN n0="%41%53%41%50%49%4E" n1="%E3%82%B9%E3%83%86%E3%83%AB%E3%82%B9%6B%69%6E%6F" n2="%E5%BC%B1%E8%99%AB" n3="%E3%81%86%E3%81%8D%E3%81%A7%E3%82%93" dan="19,17,17,16" rate="2240.00,2131.98,2169.42,2018.13" sx="M,F,M,M"/><TAIKYOKU oya="0"/>

<Scene>
<INIT seed="0,0,0,2,5,28" ten="250,250,250,250" oya="0" hai0="67,0,93,118,134,46,36,3,98,69,127,99,1" hai1="132,39,133,95,22,88,2,27,122,77,102,85,17" hai2="79,100,121,81,16,70,15,103,48,20,115,72,112" hai3="74,38,86,9,5,117,35,114,120,94,125,109,92"/><T14/><D118/><U110/><E122/><V29/><F121/><W130/><RYUUKYOKU type="yao9" ba="0,0" sc="250,0,250,0,250,0,250,0" hai3="5,9,35,38,74,86,92,94,109,114,117,120,125,130" />
</Scene>
<Scene>
<INIT seed="0,1,0,3,2,3" ten="250,250,250,250" oya="0" hai0="72,75,33,51,40,25,116,37,87,45,80,41,2" hai1="39,69,91,16,71,47,34,105,70,130,21,110,118" hai2="94,115,103,81,129,84,59,95,14,44,123,126,29" hai3="121,53,56,101,4,58,66,79,74,82,65,134,46"/><T20/><D116/><U50/><E34/><V93/><F123/><W114/><G114/><T111/><D33/><U78/><E118/><V102/><F115/><W135/><G121/><T104/><D104/><U120/><E120/><V35/><F129/><W97/><G46/><T96/><D96/><U54/><E130/><V92/><F126/><W86/><G74/><T31/><D111/><U63/><E105/><V106/><F44/><W18/><G18/><T85/><D85/><U90/><E78/><V108/><F108/><W5/><G66/><T57/><D40/><U55/><E39/><V131/><F131/><W98/><G65/><T7/><D57/><N who="3" m="22121" /><G53/><T89/><REACH who="0" step="1"/><D37/><REACH who="0" ten="240,250,250,250" step="2"/><U68/><E110/><V61/><F106/><N who="3" m="63791" /><G98/><T112/><D112/><U48/><E70/><V128/><F128/><W133/><AGARI ba="1,1" hai="4,5,79,82,86,133,134,135" m="63791,22121" machi="133" ten="40,5200,0" yaku="20,1,52,2" doraHai="3" who="3" fromWho="3" sc="240,-27,250,-14,250,-14,250,65" />
</Scene>
<Scene>
<INIT seed="1,0,0,4,2,54" ten="213,236,236,315" oya="1" hai0="40,106,51,105,75,30,74,39,72,118,127,37,84" hai1="125,96,60,117,1,50,27,134,41,99,88,44,124" hai2="7,43,76,130,135,93,65,49,122,11,28,64,56" hai3="73,67,128,3,95,38,68,98,61,19,78,8,23"/><U94/><E117/><V133/><F122/><W31/><G128/><T114/><D118/><U120/><E120/><V6/><F130/><W32/><G38/><T102/><D114/><U5/><E134/><V45/><F76/><W71/><G32/><T82/><D127/><N who="1" m="48715" /><E27/><V9/><F28/><W24/><G78/><T17/><D30/><U113/><E113/><V89/><F11/><W77/><G77/><T4/><D4/><N who="2" m="1578" /><F56/><N who="3" m="37287" /><G73/><T87/><D74/><U20/><E20/><V33/><F9/><W132/><G132/><N who="2" m="50761" /><F33/><W110/><G3/><T12/><D75/><U59/><E5/><V103/><F103/><N who="3" m="60895" /><G110/><T91/><D102/><U0/><E99/><AGARI ba="0,0" hai="43,45,49,64,65,89,93,99" m="50761,1578" machi="99" ten="30,1000,0" yaku="20,1" doraHai="54" who="2" fromWho="1" sc="213,0,236,-10,236,10,315,0" />
</Scene>
<Scene>
<INIT seed="2,0,0,2,3,23" ten="213,226,246,315" oya="2" hai0="70,88,93,122,27,134,80,108,19,61,124,76,103" hai1="114,111,55,97,109,28,127,79,0,135,128,53,57" hai2="59,110,120,2,65,68,5,78,7,42,58,20,81" hai3="48,46,132,25,125,102,29,1,32,35,100,30,31"/><V86/><F120/><W39/><G39/><T117/><D122/><U11/><E114/><V133/><F133/><W4/><G132/><T14/><D134/><U85/><E135/><V49/><F68/><W72/><G72/><T104/><D108/><N who="1" m="41547" /><E128/><V64/><F110/><W15/><G1/><T54/><D124/><U67/><E127/><V74/><F74/><W21/><G125/><T115/><D115/><U119/><E119/><V73/><F73/><W91/><G91/><T17/><D117/><U52/><E97/><V10/><F5/><W41/><G35/><T77/><D104/><U94/><E67/><V69/><F69/><W126/><G126/><T45/><D103/><N who="3" m="39465" /><G32/><T13/><D70/><U37/><E37/><V43/><F20/><W12/><G4/><T66/><D66/><U95/><E28/><AGARI ba="0,0" hai="12,15,21,25,28,29,30,31,41,46,48" m="39465" machi="28" ten="30,2000,0" yaku="8,1,52,1" doraHai="23" who="3" fromWho="1" sc="213,0,226,-20,246,0,315,20" />
</Scene>
<Scene>
<INIT seed="3,0,0,0,3,15" ten="213,206,246,335" oya="3" hai0="22,122,39,123,100,99,30,37,108,97,92,109,71" hai1="57,47,16,49,103,48,133,72,65,11,77,79,27" hai2="116,43,117,118,4,107,89,56,87,35,29,88,66" hai3="46,101,23,1,53,25,106,114,91,60,17,12,90"/><W75/><G114/><T104/><D71/><U32/><E133/><V70/><F107/><W131/><G1/><T40/><D30/><U120/><E120/><V51/><F4/><W61/><G75/><T110/><D22/><N who="1" m="13767" /><E32/><V134/><F134/><W85/><G131/><T74/><D74/><U36/><E36/><N who="0" m="13897" /><D40/><U68/><E68/><V102/><F102/><AGARI ba="0,0" hai="92,97,99,100,102,104,108,109,110,122,123" m="13897" machi="102" ten="40,1300,0" yaku="14,1" doraHai="15" who="0" fromWho="2" sc="213,13,206,0,246,-13,335,0" />
</Scene>
<Scene>
<INIT seed="4,0,0,4,3,56" ten="226,206,233,335" oya="0" hai0="95,74,6,93,38,113,0,57,31,21,53,134,8" hai1="44,9,123,54,120,97,11,59,63,35,33,129,118" hai2="98,86,88,79,7,61,76,64,28,20,37,126,25" hai3="5,66,75,102,111,104,40,69,41,94,39,16,46"/><T42/><D134/><U82/><E118/><V108/><F108/><W81/><G111/><T10/><D113/><U23/><E129/><V122/><F122/><W30/><G104/><T106/><D106/><U3/><E23/><V70/><F37/><W65/><G41/><T114/><D114/><U127/><E127/><V83/><F126/><W133/><G30/><T80/><D8/><U112/><E112/><V15/><REACH who="2" step="1"/><F98/><REACH who="2" ten="226,206,223,335" step="2"/><W103/><G39/><T68/><D38/><U19/><E97/><V78/><F78/><W72/><G133/><T84/><D74/><U77/><E77/><V1/><F1/><W92/><G75/><T125/><D125/><U135/><E3/><V4/><F4/><W89/><G5/><T36/><D36/><U119/><E135/><V29/><F29/><W132/><G72/><T73/><D73/><U24/><E123/><V101/><F101/><W27/><G103/><T60/><D31/><U91/><E120/><V116/><F116/><W58/><G102/><T131/><D6/><U50/><E119/><V45/><F45/><W12/><G46/><T71/><D0/><U43/><E19/><V2/><F2/><W115/><G16/><T52/><D131/><U47/><E47/><V99/><F99/><W130/><G130/><T90/><D90/><U117/><E117/><V121/><F121/><W51/><G89/><T128/><D128/><U49/><E91/><V124/><F124/><W107/><G115/><T109/><D109/><U62/><E44/><V34/><F34/><W22/><G132/><T26/><D84/><U87/><E87/><RYUUKYOKU ba="0,1" sc="226,-10,206,-10,223,30,335,-10" hai2="7,15,20,25,28,61,64,70,76,79,83,86,88" />
</Scene>
<Scene>
<INIT seed="5,1,1,3,2,77" ten="216,196,253,325" oya="1" hai0="99,88,121,102,20,115,48,112,94,101,40,107,106" hai1="80,117,10,108,84,2,65,45,135,114,63,82,8" hai2="110,133,68,37,64,52,44,105,126,76,100,69,70" hai3="0,47,50,25,90,74,22,96,7,17,4,49,128"/><U104/><E117/><V28/><F110/><W26/><G128/><T124/><D40/><U130/><E104/><N who="0" m="39977" /><D48/><N who="3" m="18537" /><G74/><T39/><D20/><U31/><E130/><V83/><F28/><W38/><G0/><T75/><D39/><U19/><E108/><V18/><F105/><W24/><G47/><T116/><D116/><U111/><E111/><V57/><F100/><N who="0" m="38506" /><D124/><U98/><E98/><V66/><F126/><W3/><G38/><T72/><D121/><U42/><E31/><V120/><F120/><W109/><G109/><T131/><D131/><U16/><E2/><V134/><F18/><N who="1" m="6697" /><E45/><V34/><F34/><W35/><G3/><T92/><D92/><U33/><E42/><V54/><F44/><W132/><G35/><T81/><D81/><N who="1" m="31339" /><E33/><V30/><F30/><W1/><G1/><T91/><D91/><U29/><E29/><V53/><F37/><W6/><G90/><T93/><D93/><U23/><E23/><V97/><F97/><W12/><G96/><T11/><D11/><N who="1" m="4139" /><E84/><N who="2" m="48231" /><F57/><W127/><G127/><T118/><D118/><U55/><E65/><V67/><AGARI ba="1,1" hai="52,53,54,64,66,67,68,69,70,133,134" m="48231" machi="67" ten="40,8000,1" yaku="29,2,52,1,54,1" doraHai="77" who="2" fromWho="2" sc="216,-21,196,-41,253,93,325,-21" />
</Scene>
<Scene>
<INIT seed="6,0,0,2,2,118" ten="195,155,346,304" oya="2" hai0="45,117,119,121,33,80,22,132,59,61,9,55,66" hai1="94,135,106,41,26,20,12,104,16,124,50,21,34" hai2="72,38,7,107,111,86,67,57,48,0,52,77,73" hai3="11,123,14,29,74,31,116,131,30,13,102,88,4"/><V120/><F120/><W84/><G116/><N who="0" m="44619" /><D33/><U92/><E135/><V81/><F107/><W112/><G123/><T36/><D121/><U43/><E34/><V70/><F111/><W128/><G74/><T5/><D132/><U1/><E1/><V15/><F0/><W35/><G102/><T63/><D22/><U24/><E124/><V134/><F134/><W2/><G112/><T56/><D80/><U25/><E21/><V96/><F38/><W125/><G35/><T90/><D90/><U18/><E18/><V53/><F96/><W64/><G64/><T108/><D108/><U93/><REACH who="1" step="1"/><E50/><REACH who="1" ten="195,145,346,304" step="2"/><V47/><F48/><W76/><G125/><T60/><D5/><U28/><E28/><V89/><F7/><W32/><G32/><T105/><D9/><U46/><E46/><V68/><F47/><W101/><G2/><T127/><D127/><U95/><N who="1" m="23552" /><DORA hai="27" /><U83/><E83/><V39/><F81/><W37/><G11/><T78/><D105/><AGARI ba="0,1" hai="12,16,20,24,25,26,41,43,104,105,106" m="23552" machi="105" ten="60,3900,0" yaku="1,1,54,1,53,0" doraHai="118,27" doraHaiUra="129,130" who="1" fromWho="0" sc="195,-39,145,49,346,0,304,0" />
</Scene>
<Scene>
<INIT seed="7,0,0,3,0,42" ten="156,194,346,304" oya="3" hai0="97,53,66,77,17,62,44,95,21,49,71,61,111" hai1="86,38,75,127,99,58,30,5,89,123,131,6,87" hai2="91,32,122,135,8,105,72,98,59,45,108,79,0" hai3="128,50,11,88,39,27,43,36,70,60,3,56,35"/><W41/><G128/><T40/><D111/><U47/><E75/><V55/><F108/><W57/><G3/><T26/><D77/><U109/><E123/><V23/><F32/><W20/><G35/><T68/><D62/><U132/><E109/><V31/><F122/><W101/><G101/><T134/><D134/><U46/><E132/><V119/><F119/><W85/><G70/><T7/><D7/><N who="1" m="2571" /><E38/><V54/><F0/><W74/><G74/><T69/><REACH who="0" step="1"/><D40/><REACH who="0" ten="146,194,346,304" step="2"/><U4/><E4/><V10/><F79/><W81/><G43/><T29/><D29/><U34/><E131/><V76/><F76/><W93/><G41/><T73/><D73/><U110/><E110/><V18/><F72/><W103/><G60/><T33/><D33/><U106/><E30/><V118/><F31/><W121/><G121/><T113/><D113/><U114/><E34/><V24/><F135/><W96/><G39/><T2/><D2/><U48/><E114/><V116/><F116/><W107/><G36/><T126/><D126/><U80/><E127/><V102/><F118/><W16/><G50/><T67/><D67/><U84/><E48/><V19/><F19/><W9/><G107/><T92/><D92/><U51/><E106/><V22/><F105/><W25/><G25/><T100/><AGARI ba="0,1" hai="17,21,26,44,49,53,61,66,68,69,71,95,97,100" machi="100" ten="20,8000,1" yaku="1,1,0,1,7,1,52,1,53,1" doraHai="42" doraHaiUra="12" who="0" fromWho="0" sc="146,90,194,-20,346,-20,304,-40" owari="236,-16.0,174,-33.0,326,43.0,264,6.0" />
</Scene>
</mjloggm>