<mjloggm ver="2.3"><GO type="169" lobby="0"/><UN n0="%41%53%41%50%49%4E" n1="%73%65%61%2D%6D%61%6E%32" n2="%74%61%72%6F%6F" n3="%E9%96%A2%E7%99%BD%E5%A4%B1%E8%84%9A" dan="19,16,17,16" rate="2257.15,2045.18,2176.86,2138.59" sx="M,M,M,M"/><TAIKYOKU oya="0"/>

<Scene>
<INIT seed="0,0,0,3,1,109" ten="250,250,250,250" oya="0" hai0="53,72,57,62,56,128,115,15,25,74,111,116,120" hai1="28,27,133,59,68,100,17,47,49,104,92,19,44" hai2="35,101,122,79,12,9,10,76,51,13,50,36,70" hai3="108,83,90,85,38,43,96,64,125,71,112,24,129"/><T69/><D116/><U102/><E68/><V26/><F70/><W18/><G38/><T123/><D69/><U21/><E133/><V89/><F36/><W46/><G108/><T48/><D111/><U0/><E0/><V95/><F122/><W107/><G71/><T2/><D2/><U93/><E104/><V45/><F101/><N who="1" m="39017" /><E59/><V117/><F117/><W42/><G64/><T131/><D15/><U11/><E11/><V1/><F1/><W16/><G107/><T80/><D25/><U114/><E114/><V61/><F61/><W8/><G112/><T54/><D115/><U97/><E47/><V31/><F12/><N who="3" m="7175" /><G46/><T99/><D99/><U124/><E124/><V86/><F9/><W84/><G125/><T65/><D80/><U5/><E5/><V94/><F94/><N who="1" m="36457" /><E97/><V119/><F119/><W75/><G75/><T78/><D72/><U91/><E91/><V127/><F127/><W98/><G85/><T30/><D74/><U106/><E106/><V118/><F118/><W58/><G58/><T132/><D120/><U33/><E33/><V103/><F103/><W113/><G113/><T29/><D123/><U87/><E87/><V34/><F34/><W40/><G129/><N who="0" m="49739" /><D65/><U52/><AGARI ba="0,0" hai="17,19,21,27,28,44,49,52" m="36457,39017" machi="52" ten="30,2000,0" yaku="8,1,54,1" doraHai="109" who="1" fromWho="1" sc="250,-10,250,20,250,-5,250,-5" />
</Scene>
<Scene>
<INIT seed="1,0,0,1,4,3" ten="240,270,245,245" oya="1" hai0="82,30,56,77,122,22,59,46,118,83,74,109,135" hai1="36,7,51,102,128,98,132,9,86,112,70,11,8" hai2="35,52,130,32,15,71,53,0,66,101,26,48,134" hai3="114,38,62,21,124,105,68,129,31,44,47,5,63"/><U95/><E112/><V87/><F0/><W50/><G105/><T55/><D118/><U93/><E36/><V19/><F130/><W120/><G120/><T90/><D122/><U91/><E128/><V13/><F134/><W45/><G114/><T75/><D135/><U12/><E132/><V41/><F101/><W40/><G129/><T97/><D109/><U60/><E70/><V116/><F116/><W24/><G124/><T14/><D46/><U25/><E60/><V99/><F99/><W127/><G127/><T103/><D55/><U29/><REACH who="1" step="1"/><E51/><REACH who="1" ten="240,260,245,245" step="2"/><V10/><F71/><W18/><G38/><T76/><D74/><U1/><E1/><V110/><F48/><W89/><G50/><T43/><D75/><U133/><E133/><V104/><F110/><W92/><G68/><T34/><D59/><U4/><E4/><V111/><F111/><W79/><G5/><T81/><D56/><U65/><E65/><V121/><F66/><W117/><G117/><T42/><D76/><U113/><E113/><V27/><F121/><W69/><G79/><T131/><D77/><U126/><E126/><V85/><F53/><W125/><G69/><T58/><D58/><U72/><E72/><V54/><F52/><W2/><G2/><T39/><D39/><U23/><AGARI ba="0,1" hai="7,8,9,11,12,23,25,29,86,91,93,95,98,102" machi="23" ten="20,18000,2" yaku="1,1,0,1,7,1,8,1,52,1,53,1" doraHai="3" doraHaiUra="94" who="1" fromWho="1" sc="240,-60,260,190,245,-60,245,-60" />
</Scene>
<Scene>
<INIT seed="1,1,0,3,2,48" ten="180,450,185,185" oya="1" hai0="90,79,46,84,14,86,75,34,30,29,106,121,94" hai1="25,35,36,105,57,107,31,127,19,123,59,63,52" hai2="73,74,128,27,82,129,88,97,100,24,15,101,28" hai3="78,131,69,50,89,133,110,60,120,65,54,3,116"/><U81/><E123/><V77/><F73/><W95/><G3/><T41/><D106/><U17/><E127/><V114/><F114/><W126/><G126/><T37/><D121/><U70/><E36/><V98/><F15/><W115/><G120/><T22/><D75/><U18/><E70/><V42/><F42/><W51/><G115/><T47/><D34/><U130/><E130/><N who="2" m="50283" /><F24/><W76/><G131/><T91/><D79/><U16/><E81/><V117/><F117/><W99/><G110/><T9/><D46/><U104/><E59/><V64/><F64/><W103/><G133/><T124/><D22/><U7/><E7/><V21/><F88/><W44/><G116/><T8/><D124/><U0/><E0/><V67/><F67/><W134/><G134/><T2/><D2/><U39/><E39/><V83/><F83/><W108/><G108/><T122/><D122/><U26/><REACH who="1" step="1"/><E107/><REACH who="1" ten="180,440,185,185" step="2"/><V12/><F82/><W109/><G109/><T55/><D37/><U71/><E71/><V43/><F74/><W68/><G68/><T92/><D47/><U87/><E87/><V4/><F4/><W56/><G76/><T20/><D84/><U125/><E125/><V80/><F80/><W11/><G78/><T32/><D86/><U111/><E111/><V113/><F77/><W112/><G112/><T72/><D72/><U93/><E93/><V53/><F113/><W132/><G132/><T135/><D135/><U85/><E85/><V13/><F98/><W58/><G69/><T33/><D94/><U49/><E49/><V6/><F97/><W119/><G119/><RYUUKYOKU ba="1,1" sc="180,-10,440,30,185,-10,185,-10" hai1="16,17,18,19,25,26,31,35,52,57,63,104,105" />
</Scene>
<Scene>
<INIT seed="1,2,1,4,0,6" ten="170,470,175,175" oya="1" hai0="119,70,104,96,62,16,71,48,10,108,131,93,9" hai1="34,60,103,114,53,84,30,38,128,106,54,49,3" hai2="25,13,69,77,101,78,56,98,61,130,50,27,28" hai3="120,90,35,79,113,43,19,17,20,55,15,95,118"/><U44/><E114/><V73/><F130/><W111/><G113/><T85/><D119/><U39/><E128/><V76/><F69/><W134/><G118/><T117/><D117/><U41/><E3/><V99/><F73/><W26/><G120/><T86/><D131/><U24/><E84/><V21/><F50/><W135/><G111/><T107/><D108/><U110/><E110/><V97/><F13/><W32/><G79/><T121/><D121/><U123/><E123/><V37/><F37/><W126/><G55/><T132/><D132/><N who="3" m="50729" /><G43/><T0/><D0/><U58/><REACH who="1" step="1"/><E41/><REACH who="1" ten="170,460,175,175" step="2"/><V2/><F2/><W80/><G126/><T81/><D85/><U92/><E92/><N who="2" m="58535" /><F27/><W83/><G83/><T52/><D81/><U125/><E125/><V5/><F5/><W1/><G80/><T51/><D93/><U67/><E67/><AGARI ba="2,2" hai="21,25,28,56,61,67,76,77,78,98,99" m="58535" machi="67" ten="30,2000,0" yaku="25,1,8,1" doraHai="6" who="2" fromWho="1" sc="170,0,460,-26,175,46,175,0" />
</Scene>
<Scene>
<INIT seed="2,0,0,2,2,14" ten="170,434,221,175" oya="2" hai0="49,38,59,41,95,130,9,107,26,46,40,0,85" hai1="71,58,131,108,83,24,80,109,53,64,29,22,50" hai2="67,74,7,48,116,79,101,13,25,11,115,68,128" hai3="62,100,103,77,17,42,86,63,132,27,118,34,91"/><V127/><F116/><W121/><G118/><T15/><D107/><U28/><E131/><V133/><F128/><W112/><G121/><T92/><D130/><U35/><E35/><V44/><F127/><W52/><G34/><T93/><D0/><U78/><E29/><V89/><F115/><W113/><G77/><T120/><D120/><U33/><E33/><V65/><F101/><W32/><G32/><T20/><D59/><U97/><E97/><V8/><F133/><W16/><G42/><T6/><D38/><U43/><E43/><V104/><F104/><W4/><G4/><T57/><D57/><U99/><E99/><V18/><F68/><W122/><G122/><T23/><D41/><U123/><E123/><V5/><F79/><W12/><G132/><T81/><REACH who="0" step="1"/><D26/><REACH who="0" ten="160,434,221,175" step="2"/><U66/><E24/><V36/><F36/><W61/><G112/><T106/><D106/><U1/><E58/><V124/><F25/><W69/><G113/><T70/><D70/><U94/><E1/><V102/><F124/><W96/><G69/><T51/><D51/><U10/><E50/><V37/><F48/><W47/><G47/><T31/><D31/><U98/><E28/><V135/><F44/><W3/><G3/><T39/><D39/><U45/><E45/><V55/><F37/><W56/><G63/><T126/><D126/><U2/><E71/><V129/><F129/><W19/><G62/><T119/><D119/><U90/><E2/><V72/><F135/><W84/><G27/><T21/><D21/><U87/><E22/><V111/><F8/><W134/><G134/><RYUUKYOKU ba="0,1" sc="160,30,434,-10,221,-10,175,-10" hai0="6,9,15,20,23,40,46,49,81,85,92,93,95" />
</Scene>
<Scene>
<INIT seed="3,1,1,2,2,113" ten="190,424,211,165" oya="3" hai0="108,69,111,10,12,100,116,126,34,80,95,66,64" hai1="85,5,50,42,88,86,97,89,109,128,114,53,20" hai2="37,110,54,131,127,101,31,105,107,16,18,90,71" hai3="13,81,39,123,122,58,68,46,47,135,84,19,52"/><W119/><G68/><T3/><D34/><U28/><E114/><V115/><F115/><W102/><G102/><T33/><D33/><U14/><E109/><V22/><F37/><W120/><G135/><T94/><D3/><U117/><E128/><V118/><F71/><W32/><G32/><T0/><D0/><U57/><E42/><V76/><F76/><W27/><G27/><T7/><D126/><U1/><E1/><V35/><F35/><W112/><G112/><T83/><D116/><U98/><E117/><V78/><F78/><W99/><G99/><N who="0" m="59511" /><D95/><N who="1" m="54671" /><E28/><V67/><F31/><W30/><G30/><T26/><D26/><U134/><E134/><V125/><F110/><N who="0" m="42026" /><D69/><U63/><E63/><V132/><F132/><W59/><G119/><T79/><D83/><N who="1" m="49375" /><E20/><V65/><F118/><W55/><G39/><T24/><D24/><U87/><E87/><AGARI ba="1,1" hai="7,10,12,64,66,79,80,87" m="42026,59511" machi="87" ten="30,1000,0" yaku="14,1" doraHai="113" who="0" fromWho="1" sc="190,23,424,-13,211,0,165,0" />
</Scene>
<Scene>
<INIT seed="4,0,0,5,3,123" ten="213,411,211,165" oya="0" hai0="56,4,49,122,103,97,117,34,77,88,96,11,70" hai1="5,3,63,91,1,10,68,51,124,135,67,92,20" hai2="109,35,110,116,44,42,18,48,64,129,134,127,53" hai3="38,112,86,90,98,61,108,26,114,105,7,131,118"/><T41/><D122/><U47/><E135/><V82/><F35/><W81/><G38/><T58/><D117/><U17/><E124/><V43/><F116/><W39/><G39/><T52/><D70/><U25/><E1/><V9/><F127/><W19/><G7/><T50/><D34/><U6/><E6/><V0/><F134/><W66/><G118/><T32/><D32/><U24/><E25/><V72/><F64/><W27/><G131/><T62/><D77/><U2/><E2/><V73/><F129/><W57/><G108/><N who="2" m="41577" /><F0/><W87/><G87/><T45/><D103/><U12/><E3/><V106/><F106/><W55/><G66/><N who="0" m="39239" /><D88/><U29/><E29/><V74/><F9/><W102/><REACH who="3" step="1"/><G19/><REACH who="3" ten="213,411,211,155" step="2"/><T75/><D75/><U8/><E5/><V23/><F73/><W31/><G31/><T54/><D4/><U126/><E126/><V89/><F74/><W40/><G40/><T130/><D130/><U28/><E28/><V128/><F128/><W14/><G14/><T83/><D41/><U33/><E12/><V111/><F72/><W78/><G78/><T113/><D96/><U46/><E17/><V125/><F125/><W36/><G36/><T15/><D97/><U101/><E24/><AGARI ba="0,1" hai="24,26,27,55,57,61,81,86,90,98,102,105,112,114" machi="24" ten="40,1300,0" yaku="1,1,53,0" doraHai="123" doraHaiUra="107" who="3" fromWho="1" sc="213,0,411,-13,211,0,155,23" />
</Scene>
<Scene>
<INIT seed="5,0,0,4,2,87" ten="213,398,211,178" oya="1" hai0="114,60,20,83,116,117,43,13,7,91,33,71,65" hai1="102,8,1,73,75,88,51,69,18,26,55,121,10" hai2="64,80,130,52,32,118,131,86,135,94,62,81,12" hai3="37,41,24,68,119,132,50,6,30,85,66,16,54"/><U47/><E121/><V120/><F120/><W67/><G6/><T11/><D33/><U48/><E69/><V89/><F118/><W42/><G119/><T110/><D110/><U38/><E38/><V111/><F111/><W74/><G74/><T76/><D114/><U5/><E102/><V84/><F32/><W112/><G112/><T99/><D43/><U29/><E51/><V35/><F35/><W72/><G72/><T15/><D15/><U106/><E106/><V28/><F28/><W92/><G132/><T133/><D133/><U58/><E58/><N who="2" m="35143" /><F135/><W49/><G30/><T108/><D108/><U103/><E103/><V14/><F64/><N who="3" m="24619" /><G68/><T31/><D116/><U115/><E29/><V77/><F81/><W70/><G70/><T46/><D117/><U25/><E115/><V3/><F3/><W61/><G61/><T128/><D60/><U4/><E73/><V122/><F122/><W82/><G92/><N who="0" m="56735" /><D65/><U22/><E75/><V34/><F34/><W17/><G49/><T95/><D95/><U125/><E1/><V107/><F107/><W134/><G37/><T123/><D71/><U36/><E36/><V78/><F78/><N who="3" m="46295" /><G134/><T53/><D123/><U104/><E104/><V21/><F21/><N who="3" m="13351" /><G17/><N who="0" m="10287" /><D31/><U57/><E18/><V98/><F98/><W129/><G129/><AGARI ba="0,0" hai="12,14,77,80,84,86,89,94,129,130,131" m="35143" machi="129" ten="30,3900,0" yaku="19,1,52,1,54,1" doraHai="87" who="2" fromWho="3" sc="213,0,398,0,211,39,178,-39" />
</Scene>
<Scene>
<INIT seed="6,0,0,0,4,111" ten="213,398,250,139" oya="2" hai0="114,7,84,56,13,58,117,103,12,28,75,41,57" hai1="69,21,113,53,62,115,40,80,15,108,33,121,25" hai2="37,120,89,38,128,126,106,78,135,43,31,16,119" hai3="22,133,23,110,14,20,11,85,49,39,102,101,82"/><V97/><F120/><W77/><G110/><T26/><D75/><U60/><E108/><V45/><F119/><W134/><G39/><T46/><D117/><U0/><E0/><V90/><F31/><W76/><G76/><T63/><D114/><N who="1" m="43531" /><E40/><V47/><F78/><W61/><G61/><T36/><D103/><U105/><E105/><V98/><F126/><W70/><G70/><T30/><D63/><U5/><E33/><V4/><F4/><N who="3" m="3431" /><G49/><T91/><D7/><U42/><E42/><V3/><F3/><W94/><G94/><T122/><D30/><U74/><E121/><V6/><F6/><W118/><G118/><T52/><D122/><U48/><E69/><V72/><F72/><W35/><G35/><T95/><REACH who="0" step="1"/><D52/><REACH who="0" ten="203,398,250,139" step="2"/><U10/><E53/><V125/><F125/><W109/><G109/><T71/><D71/><U99/><E5/><V132/><F43/><W124/><G124/><T59/><N who="0" m="14336" /><DORA hai="34" /><T93/><D93/><U127/><E74/><V107/><F107/><W86/><G102/><T54/><D54/><U129/><E62/><V51/><F106/><W112/><G101/><T88/><D88/><U92/><E60/><V104/><F104/><W2/><G112/><T116/><D116/><U32/><E92/><V24/><F89/><W50/><G82/><T18/><D18/><U100/><E80/><V73/><F90/><W123/><G123/><T131/><D131/><U65/><E129/><V96/><F73/><W67/><G77/><T81/><D81/><U55/><E127/><V9/><F128/><W19/><G19/><T79/><D79/><RYUUKYOKU ba="0,1" sc="203,30,398,-10,250,-10,139,-10" hai0="12,13,26,28,36,41,46,84,91,95" />
</Scene>
<Scene>
<INIT seed="7,1,1,5,4,68" ten="233,388,240,129" oya="3" hai0="2,43,28,17,88,97,63,103,7,109,134,114,66" hai1="8,23,71,37,30,91,0,52,130,61,119,87,55" hai2="105,39,113,18,5,22,69,16,116,94,51,67,89" hai3="41,14,107,92,125,110,129,124,50,25,86,36,122"/><W56/><G107/><T29/><D109/><U38/><E0/><V53/><F105/><W106/><G106/><T4/><D103/><U127/><E8/><V10/><F116/><W73/><G73/><T35/><D134/><U76/><E76/><V83/><F113/><W112/><G112/><T44/><D114/><U32/><E32/><V90/><F39/><W95/><G110/><T27/><D2/><U77/><E77/><V59/><F83/><W42/><G122/><T12/><D28/><U101/><E101/><V96/><F89/><W11/><G25/><T80/><D97/><U108/><E108/><V128/><F128/><W49/><G129/><T58/><D88/><U34/><E34/><V21/><F69/><W62/><G36/><T19/><D80/><U121/><E121/><V70/><F70/><W33/><G33/><T46/><D19/><N who="2" m="7210" /><F67/><N who="3" m="39367" /><G50/><T20/><D44/><U15/><E119/><V9/><F5/><N who="3" m="3439" /><G86/><T79/><D79/><U99/><E87/><V78/><F78/><W132/><G132/><T93/><D93/><N who="3" m="35913" /><G49/><AGARI ba="1,1" hai="4,7,12,17,20,27,29,35,43,46,49,58,63,66" machi="49" ten="30,1000,0" yaku="7,1" doraHai="68" who="0" fromWho="3" sc="233,23,388,0,240,0,129,-13" owari="256,6.0,388,48.0,240,-16.0,116,-38.0" />
</Scene>
</mjloggm>