<mjloggm ver="2.3"><GO type="169" lobby="0"/><UN n0="%68%65%61%72%74%73%40" n1="%4B%2D%6D%61%73%6B" n2="%41%53%41%50%49%4E" n3="%E9%B7%B9%E6%AD%A3%E3%81%AE%E5%80%85%EF%BC%9D%E5%AF%8C%E7%8C%AB" dan="17,16,19,17" rate="2205.80,2071.69,2257.60,2135.23" sx="M,M,M,M"/><TAIKYOKU oya="0"/>

<Scene>
<INIT seed="0,0,0,4,0,66" ten="250,250,250,250" oya="0" hai0="126,110,78,37,119,71,74,33,91,113,87,62,31" hai1="134,53,130,35,68,133,29,11,5,125,43,67,25" hai2="63,82,132,79,101,18,129,7,36,60,109,1,94" hai3="124,55,3,16,89,39,34,96,9,54,103,135,22"/><T76/><D113/><U47/><E53/><V26/><F36/><W123/><G39/><T32/><D119/><U118/><E118/><V69/><F109/><W48/><G34/><T102/><D37/><N who="1" m="21999" /><E130/><V14/><F129/><W77/><G77/><T8/><D126/><U45/><E45/><V92/><F132/><N who="1" m="50793" /><E125/><V100/><F26/><W57/><G135/><T40/><D40/><U108/><E108/><V30/><F30/><W98/><G124/><T50/><D110/><U84/><E84/><V15/><F1/><W27/><G3/><T70/><D50/><U38/><E38/><V127/><F127/><W17/><G89/><T10/><D74/><U104/><E104/><V56/><F79/><W99/><G55/><T28/><D62/><N who="1" m="40055" /><E11/><V65/><F65/><W93/><G123/><T19/><D87/><U85/><E85/><V75/><F75/><W46/><G46/><T83/><D91/><U80/><E5/><V20/><F7/><W120/><G120/><T105/><D19/><U81/><AGARI ba="0,0" hai="25,29,35,80,81" m="40055,50793,21999" machi="81" ten="30,2000,0" yaku="20,1,52,1" doraHai="66" who="1" fromWho="1" sc="250,-10,250,20,250,-5,250,-5" />
</Scene>
<Scene>
<INIT seed="1,0,0,0,0,98" ten="240,270,245,245" oya="1" hai0="36,76,94,50,51,60,114,122,81,100,59,45,69" hai1="101,35,22,62,46,118,58,133,103,110,135,2,42" hai2="53,26,9,74,75,130,134,128,47,95,102,11,27" hai3="4,127,7,71,12,15,104,33,48,96,109,93,55"/><U116/><E35/><V70/><F70/><W8/><G104/><T115/><D122/><U83/><E2/><V43/><F134/><N who="1" m="51209" /><E110/><V65/><F65/><W105/><G105/><T23/><D69/><U119/><E83/><V87/><F53/><W6/><G71/><T32/><D32/><U63/><E22/><V111/><F111/><W79/><G33/><T92/><D36/><N who="1" m="21831" /><E63/><V56/><F11/><W120/><G8/><T124/><D23/><U106/><E106/><V90/><F9/><W68/><G109/><T0/><D0/><U89/><E89/><V17/><F90/><W88/><G68/><T77/><D81/><U86/><E86/><V13/><F87/><W123/><G79/><T126/><D60/><U16/><E16/><V29/><F17/><W31/><G31/><T108/><D108/><U113/><E113/><V41/><F13/><W82/><G82/><T72/><D72/><U107/><E107/><V67/><F75/><W80/><G80/><T84/><D84/><U24/><E24/><V28/><F74/><W129/><G123/><T131/><D115/><U73/><E73/><V25/><F29/><W117/><G12/><T78/><D78/><U5/><E5/><V64/><F28/><W112/><G15/><T38/><D114/><U3/><E3/><V37/><F27/><W34/><G112/><T66/><D77/><U30/><E30/><V85/><F26/><W1/><G1/><T121/><D76/><U57/><E57/><V20/><F25/><W40/><G120/><T21/><D121/><U125/><E125/><V91/><F85/><RYUUKYOKU ba="0,0" sc="240,-10,270,30,245,-10,245,-10" hai1="58,62,101,103,116,118,119" />
</Scene>
<Scene>
<INIT seed="1,1,0,0,1,108" ten="230,300,235,235" oya="1" hai0="113,39,30,96,133,47,21,100,111,18,64,118,65" hai1="3,58,123,114,103,46,77,28,104,130,48,35,63" hai2="97,22,72,12,62,26,52,7,1,32,122,119,76" hai3="38,73,85,80,132,36,78,53,42,25,87,14,91"/><U95/><E104/><V126/><F119/><W34/><G73/><T55/><D118/><U45/><E3/><V75/><F122/><W127/><G132/><T43/><D111/><U6/><E6/><V70/><F126/><W112/><G127/><T40/><D133/><U98/><E123/><V131/><F131/><W79/><G42/><T50/><D30/><U105/><E130/><V116/><F116/><W10/><G79/><T61/><D40/><U66/><E77/><V134/><F134/><W115/><G53/><T89/><D89/><U92/><E46/><V44/><F32/><W82/><G34/><T15/><D61/><U68/><E58/><V101/><F1/><W129/><G129/><T69/><D69/><U9/><E9/><V11/><F76/><W57/><G57/><T83/><D83/><U120/><E120/><V94/><F70/><W106/><G106/><T5/><D5/><U19/><E19/><V37/><F37/><W86/><G86/><T29/><D29/><U109/><E109/><V2/><F2/><W125/><G125/><T74/><D74/><U128/><E128/><V0/><F0/><W51/><G51/><T17/><D17/><U54/><REACH who="1" step="1"/><E114/><REACH who="1" ten="230,290,235,235" step="2"/><V49/><F62/><W88/><G78/><T8/><D113/><U110/><E110/><V90/><F101/><W81/><G115/><T56/><D8/><U93/><E93/><AGARI ba="1,1" hai="15,18,21,39,43,47,50,55,56,64,65,93,96,100" machi="93" ten="30,1000,0" yaku="7,1" doraHai="108" who="0" fromWho="1" sc="230,23,290,-13,235,0,235,0" />
</Scene>
<Scene>
<INIT seed="2,0,0,5,0,29" ten="253,277,235,235" oya="2" hai0="46,48,42,0,32,85,36,124,126,131,65,74,114" hai1="14,13,132,122,98,86,92,79,123,93,130,54,58" hai2="82,60,59,90,4,103,135,100,7,113,129,63,53" hai3="87,61,81,108,55,12,112,2,21,133,66,51,77"/><V88/><F113/><W96/><G2/><T91/><D74/><U19/><E132/><V118/><F118/><W94/><G108/><T102/><D114/><U71/><E71/><V75/><F135/><W40/><G112/><T45/><D0/><U111/><E111/><V110/><F110/><W101/><G133/><T30/><D102/><N who="2" m="38954" /><F75/><W35/><G40/><T105/><D105/><U10/><E130/><V5/><F129/><W50/><G35/><T31/><D65/><U26/><E26/><V39/><F39/><W16/><REACH who="3" step="1"/><G55/><REACH who="3" ten="253,277,235,225" step="2"/><N who="0" m="30103" /><D32/><U78/><E123/><V104/><F104/><W62/><G62/><N who="2" m="23593" /><F82/><W127/><G127/><N who="0" m="48683" /><D131/><U18/><E122/><V84/><F84/><W116/><G116/><T72/><D72/><U80/><E98/><V73/><F73/><W120/><G120/><T47/><D47/><U134/><E134/><V28/><F28/><W34/><G34/><T83/><AGARI ba="0,1" hai="30,31,36,42,45,83,85,91" m="48683,30103" machi="83" ten="30,1100,0" yaku="18,1" doraHai="29" who="0" fromWho="0" sc="253,21,277,-3,235,-5,225,-3" />
</Scene>
<Scene>
<INIT seed="3,0,0,3,5,25" ten="274,274,230,222" oya="3" hai0="28,38,37,116,91,126,23,104,75,62,114,59,98" hai1="53,90,131,32,134,36,113,95,6,33,69,9,109" hai2="1,2,120,100,105,10,122,22,112,133,7,102,30" hai3="94,49,89,132,71,121,63,84,86,106,99,83,39"/><W130/><G39/><T77/><D116/><U67/><E113/><V45/><F112/><W31/><G121/><N who="2" m="46697" /><F105/><W41/><G132/><T11/><D114/><U118/><E36/><V66/><F133/><W70/><G130/><T54/><D126/><U97/><E131/><V93/><F2/><W88/><G63/><T61/><D11/><U21/><E118/><V52/><F93/><W40/><G41/><T13/><D77/><U85/><E67/><V76/><F76/><W73/><G73/><T42/><D75/><U117/><E69/><V29/><F66/><W34/><G40/><T115/><D42/><U12/><E117/><V18/><F100/><W57/><G106/><T51/><D115/><U17/><E134/><V46/><F102/><W103/><G103/><T123/><D123/><U60/><E85/><V82/><F82/><W48/><G99/><T3/><D3/><U16/><E17/><V135/><F135/><W74/><G74/><T87/><D98/><U127/><E127/><V43/><F52/><W27/><REACH who="3" step="1"/><G57/><REACH who="3" ten="274,274,230,212" step="2"/><N who="0" m="32991" /><D37/><U15/><REACH who="1" step="1"/><E109/><REACH who="1" ten="274,264,230,212" step="2"/><V125/><F125/><W55/><G55/><T124/><D38/><U64/><E64/><V79/><F43/><W96/><G96/><T8/><D124/><U110/><E110/><V4/><F45/><W101/><G101/><T68/><D87/><U19/><E19/><V5/><F46/><W108/><G108/><T58/><D104/><U111/><E111/><V129/><F129/><W26/><G26/><T50/><D68/><AGARI ba="0,2" hai="27,31,34,48,49,68,70,71,83,84,86,88,89,94" machi="68" ten="40,12000,1" yaku="1,1,52,1,54,1,53,2" doraHai="25" doraHaiUra="80" who="3" fromWho="0" sc="274,-120,264,0,230,0,212,140" />
</Scene>
<Scene>
<INIT seed="3,1,0,1,5,41" ten="154,264,230,352" oya="3" hai0="47,43,105,88,1,134,108,132,95,115,72,82,17" hai1="6,69,84,79,103,28,46,20,87,89,3,56,59" hai2="21,18,38,126,55,0,70,110,67,122,117,32,14" hai3="81,111,33,2,113,98,37,93,74,50,49,124,128"/><W36/><G113/><T114/><D105/><U78/><E69/><V107/><RYUUKYOKU type="yao9" ba="1,0" sc="154,0,264,0,230,0,352,0" hai2="0,14,18,21,32,38,55,67,70,107,110,117,122,126" />
</Scene>
<Scene>
<INIT seed="3,2,0,3,1,98" ten="154,264,230,352" oya="3" hai0="120,97,121,88,72,35,11,0,119,106,94,77,65" hai1="39,56,13,62,21,7,131,52,92,126,104,36,40" hai2="122,17,113,115,18,42,12,84,99,127,133,93,37" hai3="31,130,14,123,134,89,73,91,47,79,43,70,57"/><W5/><G70/><T59/><D119/><U41/><E104/><V111/><F111/><W2/><G123/><T4/><D35/><U68/><E68/><V51/><F37/><W26/><G134/><T116/><D116/><U74/><E74/><V109/><F109/><W103/><G130/><T16/><D72/><U63/><E131/><V110/><F110/><W71/><G71/><T19/><D77/><U25/><E126/><V8/><F133/><W54/><G14/><T75/><D75/><U90/><E62/><V1/><F1/><W33/><G5/><T129/><D129/><U49/><E39/><V23/><F127/><W9/><G9/><T10/><D106/><U102/><E102/><V82/><F122/><W124/><G2/><T114/><D114/><U46/><E36/><V118/><F118/><W55/><G103/><T101/><D101/><U125/><E125/><V27/><F42/><W108/><G108/><T64/><D64/><N who="1" m="39015" /><E13/><V80/><F51/><W128/><G128/><T30/><D30/><N who="1" m="17711" /><E7/><V34/><F34/><W85/><G73/><T45/><D10/><U3/><E3/><V29/><F113/><W60/><G124/><T61/><D121/><U96/><AGARI ba="2,0" hai="40,41,46,49,52,90,92,96" m="17711,39015" machi="96" ten="30,2000,0" yaku="8,1,54,1" doraHai="98" who="1" fromWho="1" sc="154,-7,264,26,230,-7,352,-12" />
</Scene>
<Scene>
<INIT seed="4,0,0,4,2,105" ten="147,290,223,340" oya="0" hai0="134,126,100,45,108,21,83,98,34,72,82,79,16" hai1="115,51,44,4,10,0,31,127,77,113,125,27,26" hai2="67,130,3,64,89,87,28,63,22,2,78,117,24" hai3="84,50,9,90,8,128,1,58,70,41,103,109,131"/><T129/><D34/><U17/><E77/><V65/><F130/><N who="3" m="49707" /><G70/><T71/><D129/><U56/><E56/><V55/><F117/><W94/><G1/><T53/><D71/><U114/><E17/><V15/><F78/><W92/><G109/><T111/><D82/><U30/><E51/><V57/><REACH who="2" step="1"/><F15/><REACH who="2" ten="147,290,213,340" step="2"/><W38/><G38/><T66/><D134/><U12/><E12/><V25/><F25/><N who="1" m="9225" /><E44/><V7/><F7/><W88/><G9/><T54/><D45/><U97/><E97/><V121/><F121/><W59/><G8/><T32/><D108/><U61/><E61/><V18/><F18/><W95/><G50/><T68/><D111/><U73/><E73/><V119/><F119/><W69/><G41/><T102/><D98/><U49/><E49/><V118/><F118/><W116/><G116/><T5/><D5/><U36/><E36/><V37/><F37/><W85/><G103/><T81/><D102/><U11/><E11/><V80/><AGARI ba="0,1" hai="2,3,22,24,28,55,57,63,64,65,67,80,87,89" machi="80" ten="30,2000,0" yaku="1,1,0,1,53,0" doraHai="105" doraHaiUra="42" who="2" fromWho="2" sc="147,-10,290,-5,213,30,340,-5" />
</Scene>
<Scene>
<INIT seed="5,0,0,0,0,94" ten="137,285,243,335" oya="1" hai0="38,43,10,128,116,100,56,32,129,67,63,22,0" hai1="131,72,5,16,111,25,2,44,28,78,4,76,121" hai2="53,50,97,9,95,41,119,106,69,37,96,114,109" hai3="36,61,23,71,51,87,103,110,126,52,13,54,127"/><U57/><E121/><V6/><F109/><W29/><G36/><T112/><D116/><U107/><E111/><V64/><F119/><W98/><G110/><T48/><D32/><U117/><E117/><V85/><F106/><W55/><G87/><T21/><D38/><U82/><E78/><V46/><F114/><W40/><G40/><T102/><D112/><U101/><E2/><V133/><F133/><W12/><G71/><T1/><D43/><U30/><E131/><V68/><F85/><W108/><G61/><T86/><D86/><U104/><E44/><V88/><F96/><W59/><G29/><T134/><D48/><U31/><E57/><V15/><REACH who="2" step="1"/><F64/><REACH who="2" ten="137,285,233,335" step="2"/><W20/><G108/><T27/><D134/><U73/><E73/><V7/><F7/><W120/><G120/><T74/><D74/><U39/><E107/><V80/><F80/><W77/><G98/><T60/><D67/><U47/><E104/><V62/><F62/><W79/><G79/><T93/><D93/><U65/><E65/><V3/><F3/><W42/><G77/><T45/><D0/><U99/><E99/><V92/><F92/><W17/><G103/><T84/><D1/><U33/><E101/><V123/><F123/><W105/><G105/><T89/><D84/><U26/><E4/><V11/><F11/><W34/><G127/><T14/><D10/><U75/><E5/><V90/><F90/><W19/><G126/><T66/><D66/><U91/><E91/><V58/><AGARI ba="0,1" hai="6,9,15,37,41,46,50,53,58,68,69,88,95,97" machi="58" ten="20,8000,1" yaku="1,1,0,1,7,1,52,1,54,1,53,0" doraHai="94" doraHaiUra="118" who="2" fromWho="2" sc="137,-20,285,-40,233,90,335,-20" />
</Scene>
<Scene>
<INIT seed="6,0,0,3,0,54" ten="117,245,323,315" oya="2" hai0="126,18,132,47,100,128,92,120,38,11,112,3,125" hai1="74,60,115,131,119,16,134,95,93,85,66,94,77" hai2="0,104,103,57,87,42,23,65,67,15,34,83,21" hai3="32,76,75,133,68,2,24,17,48,20,8,96,90"/><V7/><F34/><W97/><G68/><T64/><D120/><U116/><E115/><V9/><F42/><W88/><G133/><T53/><D100/><U27/><E134/><V71/><F71/><W127/><G127/><N who="0" m="48651" /><D92/><U43/><E43/><V59/><F103/><W98/><G32/><T25/><D132/><U111/><E111/><V130/><F130/><W12/><G2/><T26/><D38/><U30/><E74/><V73/><F73/><W124/><G124/><T107/><D107/><U72/><E72/><V13/><F0/><W62/><G62/><T45/><D64/><N who="2" m="24650" /><F104/><W55/><G76/><T31/><D53/><U22/><E30/><V99/><F99/><W39/><G39/><T14/><D47/><U40/><E40/><V35/><F35/><W113/><G113/><T46/><D46/><U101/><E131/><V91/><F13/><W118/><G75/><T129/><D45/><U52/><E66/><V70/><F70/><W51/><G118/><T28/><D112/><U89/><E101/><V1/><F1/><W110/><G110/><T56/><D56/><AGARI ba="0,0" hai="7,9,15,21,23,56,57,59,83,87,91" m="24650" machi="56" ten="30,11600,0" yaku="8,1,52,3" doraHai="54" who="2" fromWho="0" sc="117,-116,245,0,323,116,315,0" />
</Scene>
<Scene>
<INIT seed="6,1,0,5,5,38" ten="1,245,439,315" oya="2" hai0="68,32,88,82,3,21,76,37,102,50,129,83,33" hai1="20,113,73,34,60,120,107,57,98,77,100,97,99" hai2="28,108,78,22,30,128,69,36,85,115,23,135,29" hai3="24,1,125,19,53,72,122,46,75,133,121,43,92"/><V62/><F36/><W87/><G1/><T12/><D37/><U116/><E34/><V54/><F115/><W124/><G133/><T74/><D68/><U79/><E116/><V95/><F135/><W104/><G104/><T111/><D3/><U7/><E113/><V119/><F119/><W84/><G53/><T59/><D102/><U26/><E120/><V18/><F69/><W41/><G46/><T56/><D129/><U126/><E126/><N who="3" m="48746" /><G24/><T130/><D130/><U25/><E7/><V11/><F108/><W47/><G47/><T8/><D111/><U45/><E26/><V13/><F128/><W94/><G19/><T64/><D21/><U93/><E73/><N who="3" m="28234" /><G122/><T5/><D59/><U96/><E45/><V49/><F54/><W66/><G66/><T4/><D4/><U6/><E6/><V15/><F18/><W42/><G121/><T51/><D51/><U105/><E105/><V14/><F49/><W81/><G81/><T55/><D64/><N who="1" m="38927" /><E107/><V71/><F28/><AGARI ba="1,0" hai="20,25,28,77,79,93,96,97,98,99,100" m="38927" machi="28" ten="30,2000,0" yaku="25,1,8,1" doraHai="38" who="1" fromWho="2" sc="1,0,245,23,439,-23,315,0" />
</Scene>
<Scene>
<INIT seed="7,0,0,0,0,62" ten="1,268,416,315" oya="3" hai0="28,105,55,13,79,99,45,115,20,70,82,72,65" hai1="116,33,26,29,4,123,114,133,19,0,27,98,43" hai2="48,100,6,83,44,121,56,66,71,131,18,128,91" hai3="8,36,94,104,3,38,47,88,135,113,9,60,120"/><W57/><G104/><T1/><D55/><U2/><E43/><V61/><F121/><W134/><G120/><T130/><D13/><U50/><E50/><V64/><F100/><W63/><G113/><T124/><D20/><N who="1" m="13599" /><E98/><V35/><F35/><W118/><G118/><T126/><D28/><N who="1" m="19615" /><E123/><V102/><F6/><W112/><G3/><N who="1" m="1066" /><E114/><V22/><F102/><W68/><G112/><T81/><D45/><U40/><E40/><N who="2" m="24583" /><F91/><W78/><G78/><T108/><D81/><U127/><E116/><V46/><F46/><W42/><G38/><T34/><D99/><U41/><E41/><V52/><F71/><W106/><G63/><T107/><D65/><U67/><E67/><V96/><F96/><W17/><G68/><T31/><D82/><U92/><E92/><V58/><F58/><W30/><G106/><T24/><D79/><U25/><E133/><V75/><F75/><W103/><G103/><T87/><D87/><U125/><E4/><V122/><F122/><W5/><G5/><T32/><D124/><N who="1" m="47691" /><E25/><N who="2" m="14551" /><F83/><W84/><G17/><T77/><D105/><U117/><E117/><V97/><F97/><W59/><G59/><T76/><D115/><U49/><E49/><V69/><F69/><W129/><G135/><T10/><D108/><U11/><E29/><V21/><F21/><W80/><G30/><T74/><D126/><U23/><E23/><V37/><F37/><W73/><G134/><T14/><D107/><U51/><E51/><V54/><F54/><W95/><G95/><T39/><D39/><U15/><E11/><V12/><F61/><W110/><G60/><RYUUKYOKU ba="0,0" sc="1,-10,268,30,416,-10,315,-10" hai1="15" owari="-9,-51.0,298,-10.0,406,50.0,305,11.0" />
</Scene>
</mjloggm>