<mjloggm ver="2.3"><GO type="169" lobby="0"/><UN n0="%E8%B5%A4%E9%9B%AA%57%45%4C" n1="%41%53%41%50%49%4E" n2="%E8%B6%85%E3%83%92%E3%83%A2%E3%83%AA%E3%83%AD" n3="%E3%81%86%E3%81%8D%E3%81%A7%E3%82%93" dan="16,19,18,16" rate="2123.35,2262.66,2196.74,2023.42" sx="M,M,M,M"/><TAIKYOKU oya="0"/>

<Scene>
<INIT seed="0,0,0,2,4,67" ten="250,250,250,250" oya="0" hai0="118,45,4,104,31,26,56,48,61,98,76,86,60" hai1="109,64,22,79,99,126,25,14,69,77,32,96,21" hai2="28,58,65,108,132,43,119,103,59,131,55,102,85" hai3="78,124,127,95,33,51,123,8,41,34,39,82,3"/><T111/><D118/><U46/><E109/><V81/><F108/><W49/><G123/><T42/><D111/><U70/><E126/><N who="3" m="48170" /><G95/><T10/><D56/><U35/><E64/><V37/><F131/><W97/><G97/><T105/><D104/><U1/><E14/><V36/><F132/><W0/><G39/><T38/><D38/><U90/><E25/><V89/><F37/><W29/><G29/><T30/><D30/><U116/><E90/><V2/><F2/><N who="3" m="555" /><G8/><T53/><D53/><U66/><E66/><V63/><F119/><W24/><G24/><T12/><D98/><U5/><E1/><V11/><F11/><W87/><G41/><T91/><D105/><U88/><E116/><V75/><F75/><W15/><G15/><T107/><D107/><U117/><E117/><V6/><F6/><W83/><G83/><T74/><D74/><U120/><E120/><V57/><F28/><W84/><G84/><T112/><D112/><U20/><E99/><V135/><F135/><W125/><G125/><T101/><D101/><U130/><E5/><V121/><F121/><W133/><G133/><T80/><D91/><U13/><E88/><V113/><F113/><W115/><G115/><T44/><D45/><U100/><E46/><N who="2" m="23911" /><F55/><W62/><G62/><T128/><D128/><U50/><E130/><V16/><F16/><W134/><G134/><T27/><D27/><U94/><E100/><N who="2" m="38443" /><F63/><W129/><G129/><T54/><D54/><U17/><E96/><V71/><F58/><W23/><G23/><AGARI ba="0,0" hai="4,10,12,23,26,31,42,44,48,60,61,76,80,86" machi="23" ten="30,11600,0" yaku="7,1,25,2,8,1" doraHai="67" who="0" fromWho="3" sc="250,116,250,0,250,0,250,-116" />
</Scene>
<Scene>
<INIT seed="0,1,0,4,0,132" ten="366,250,250,134" oya="0" hai0="20,4,21,34,50,16,135,128,130,36,111,52,129" hai1="70,8,120,97,86,89,56,74,68,122,24,114,82" hai2="95,1,109,100,84,7,28,93,87,49,17,78,25" hai3="121,0,27,88,69,108,134,40,47,63,41,46,117"/><T22/><D36/><U44/><E114/><V64/><F109/><W67/><G117/><T103/><D111/><U71/><E74/><V13/><F78/><W125/><G108/><T42/><D135/><U32/><E44/><V72/><F72/><W94/><G134/><T110/><D110/><U19/><E56/><V81/><F81/><W55/><G121/><T127/><D34/><U53/><E53/><V33/><F64/><W48/><G0/><T66/><D4/><U107/><E8/><N who="2" m="2159" /><F49/><W61/><G61/><T77/><D77/><U85/><E85/><N who="2" m="32843" /><F100/><W57/><G27/><T54/><D66/><U14/><E24/><V26/><F26/><W5/><G5/><T119/><D119/><U75/><E75/><V45/><F45/><W73/><G73/><T23/><D103/><U51/><E51/><V76/><F76/><W6/><G6/><T80/><D80/><U29/><E120/><V38/><F38/><N who="3" m="21783" /><G41/><T116/><D116/><U118/><E118/><V112/><F112/><W98/><G47/><N who="0" m="27743" /><D42/><U105/><E122/><V106/><F106/><W35/><G35/><T37/><D54/><U10/><E32/><V2/><F2/><W133/><G133/><T92/><D37/><U62/><E105/><V96/><F96/><W65/><G65/><T18/><D92/><N who="1" m="56463" /><E107/><V90/><F90/><W12/><G12/><N who="0" m="9223" /><D18/><U9/><E19/><V102/><F102/><W115/><G115/><T31/><D31/><U101/><E29/><V59/><F59/><W126/><AGARI ba="1,0" hai="48,55,57,63,67,69,88,94,98,125,126" m="21783" machi="126" ten="30,7900,0" yaku="24,1,52,2,54,1" doraHai="132" who="3" fromWho="3" sc="366,-40,250,-21,250,-21,134,82" />
</Scene>
<Scene>
<INIT seed="1,0,0,3,4,99" ten="326,229,229,216" oya="1" hai0="113,35,123,49,107,114,17,120,111,65,96,7,98" hai1="94,104,124,72,105,119,78,57,20,4,41,52,55" hai2="133,71,93,46,68,80,47,127,90,115,19,24,110" hai3="12,33,117,34,27,89,64,43,11,30,125,40,5"/><U106/><E119/><V2/><F110/><W10/><G117/><T109/><D35/><U29/><E124/><V13/><F133/><W102/><G125/><T66/><D7/><U59/><E41/><V74/><F2/><W26/><G64/><N who="0" m="24683" /><D17/><U126/><E126/><V22/><F127/><W132/><G132/><T134/><D134/><U38/><E38/><V50/><F115/><N who="0" m="44042" /><D49/><U21/><E4/><V70/><F50/><W54/><G89/><T95/><D107/><U1/><E1/><V51/><F51/><W44/><G34/><T3/><D3/><U14/><E94/><V75/><F80/><W129/><G33/><T18/><D18/><U118/><E118/><V36/><F24/><W58/><G27/><T100/><D96/><U8/><E29/><V62/><F62/><W45/><G26/><T60/><D60/><N who="1" m="35879" /><E8/><V28/><F28/><W79/><G11/><T83/><D83/><N who="1" m="45511" /><E14/><V135/><F135/><W101/><G12/><T91/><D91/><U61/><E20/><V130/><F36/><W131/><G10/><T122/><AGARI ba="0,0" hai="95,98,100,109,111,120,122,123" m="44042,24683" machi="122" ten="40,2700,0" yaku="13,1,52,1" doraHai="99" who="0" fromWho="0" sc="326,27,229,-13,229,-7,216,-7" />
</Scene>
<Scene>
<INIT seed="2,0,0,1,0,28" ten="353,216,222,209" oya="2" hai0="116,67,39,88,100,4,97,50,94,64,57,117,63" hai1="109,58,19,22,60,103,6,45,37,105,11,129,119" hai2="111,62,46,78,104,86,26,35,87,54,66,51,93" hai3="65,80,2,118,79,73,68,5,71,56,76,132,114"/><V121/><F121/><W3/><G118/><N who="0" m="45675" /><D39/><U20/><E119/><V134/><F134/><W91/><G132/><T24/><D4/><U10/><E109/><V15/><F111/><W108/><G108/><T124/><D124/><U99/><E129/><V32/><F104/><W43/><G114/><T95/><D24/><U72/><E72/><V96/><F15/><W92/><G79/><T55/><D63/><U17/><E45/><V9/><F9/><W75/><G75/><T27/><D27/><U112/><E37/><V14/><F14/><W47/><G56/><T36/><D36/><U61/><E112/><V53/><F53/><W48/><G65/><T41/><D41/><U1/><E60/><V74/><F74/><W106/><G106/><T13/><D13/><U90/><E11/><V98/><F98/><AGARI ba="0,0" hai="50,55,57,64,67,88,94,95,97,98,100" m="45675" machi="98" ten="30,2000,0" yaku="12,1,54,1" doraHai="28" who="0" fromWho="2" sc="353,20,216,0,222,-20,209,0" />
</Scene>
<Scene>
<INIT seed="3,0,0,3,1,40" ten="373,216,202,209" oya="3" hai0="116,73,38,101,68,122,92,59,99,64,49,91,2" hai1="13,86,120,3,50,106,117,55,119,36,109,78,129" hai2="30,51,128,60,104,5,96,98,56,28,133,29,102" hai3="107,72,87,41,75,20,76,126,108,115,66,69,25"/><W85/><G115/><T124/><D38/><U53/><E120/><V112/><F128/><W127/><G107/><T19/><D2/><U42/><E3/><V123/><F133/><W94/><G108/><T48/><D73/><U82/><E106/><V61/><F112/><W33/><G33/><T57/><D68/><U100/><E100/><V47/><F123/><W95/><G41/><T6/><D6/><U44/><E109/><V0/><F96/><W130/><G130/><T103/><D122/><U43/><E129/><V8/><REACH who="2" step="1"/><F56/><REACH who="2" ten="373,216,192,209" step="2"/><W118/><G118/><T71/><D116/><U35/><E119/><V105/><F105/><W121/><G121/><T34/><D59/><U132/><E132/><V65/><F65/><W58/><G58/><T62/><D71/><U17/><E117/><V32/><F32/><W31/><G66/><T113/><D34/><U63/><E35/><V26/><F26/><W45/><G69/><T23/><D113/><U90/><E36/><V79/><F79/><W27/><G76/><T80/><D57/><N who="1" m="35263" /><E78/><V1/><F1/><W81/><G27/><T9/><D99/><U15/><E15/><V74/><F74/><W114/><G114/><T14/><D14/><U52/><E53/><AGARI ba="0,1" hai="0,5,8,28,29,30,47,51,53,60,61,98,102,104" machi="53" ten="40,8000,1" yaku="1,1,52,1,53,3" doraHai="40" doraHaiUra="24" who="2" fromWho="1" sc="373,0,216,-80,192,90,209,0" />
</Scene>
<Scene>
<INIT seed="4,0,0,5,1,134" ten="373,136,282,209" oya="0" hai0="27,99,132,122,107,0,123,49,135,35,73,64,58" hai1="128,70,89,106,98,6,119,21,24,74,113,2,127" hai2="116,121,94,85,126,23,28,112,75,102,18,96,11" hai3="91,71,41,26,131,55,46,8,104,52,93,20,15"/><T100/><D73/><U92/><E119/><V115/><F75/><W25/><G104/><T69/><D0/><U31/><E74/><V1/><F121/><W38/><G131/><T51/><D51/><U120/><E120/><V105/><F116/><W3/><G3/><T133/><D49/><U130/><E70/><V57/><F28/><W61/><G71/><T39/><D58/><U79/><E79/><V45/><F45/><W22/><G22/><T40/><D40/><U33/><E106/><V9/><F57/><W108/><G108/><T29/><REACH who="0" step="1"/><D39/><REACH who="0" ten="363,136,282,209" step="2"/><U60/><E128/><V59/><F59/><W19/><G61/><AGARI ba="0,1" hai="27,29,35,61,64,69,99,100,107,122,123,132,133,135" machi="61" ten="40,18000,2" yaku="1,1,2,1,25,2,20,1,23,2,53,0" doraHai="134" doraHaiUra="13" who="0" fromWho="3" sc="363,190,136,0,282,0,209,-180" />
</Scene>
<Scene>
<INIT seed="4,1,0,5,4,16" ten="553,136,282,29" oya="0" hai0="31,51,124,130,95,33,120,65,73,48,0,105,83" hai1="12,27,113,104,39,84,128,98,50,47,53,110,88" hai2="79,6,93,22,74,102,18,134,82,70,2,114,56" hai3="64,61,87,106,80,81,37,46,26,35,69,3,5"/><T76/><D105/><U44/><E110/><V127/><F70/><W63/><G63/><T119/><D0/><U1/><E1/><V42/><F114/><W85/><G106/><T57/><D120/><U8/><E113/><V68/><F6/><W99/><G99/><T135/><D119/><U11/><E128/><V43/><F18/><W52/><G3/><T126/><D130/><U89/><E39/><V117/><F56/><W90/><G5/><T36/><D36/><U29/><E47/><V67/><F93/><W45/><G37/><T100/><D135/><U62/><E62/><V59/><F42/><W91/><REACH who="3" step="1"/><G52/><REACH who="3" ten="553,136,282,19" step="2"/><T40/><D65/><U94/><E104/><V78/><F82/><W125/><G125/><T101/><D83/><N who="1" m="49183" /><E12/><V13/><F79/><W4/><G4/><T131/><D76/><U97/><E97/><V38/><F68/><W55/><G55/><T111/><D126/><U25/><E25/><V23/><F13/><W58/><G58/><T133/><D57/><U66/><E66/><V41/><F41/><W86/><G86/><T107/><D40/><U122/><E122/><V109/><F127/><W77/><G77/><T14/><D124/><U71/><E71/><V92/><F38/><W129/><G129/><T32/><D131/><U121/><E121/><V24/><F2/><W75/><G75/><T72/><D107/><U20/><AGARI ba="1,1" hai="8,11,20,27,29,44,50,53,89,94,98" m="49183" machi="20" ten="30,4000,0" yaku="8,1,52,1,54,1" doraHai="16" who="1" fromWho="1" sc="553,-21,136,53,282,-11,19,-11" />
</Scene>
<Scene>
<INIT seed="5,0,0,1,3,90" ten="532,189,271,8" oya="1" hai0="114,133,10,59,26,107,77,14,65,40,122,112,29" hai1="131,55,127,38,75,45,56,21,83,1,48,93,120" hai2="5,98,25,7,111,6,49,42,78,97,18,95,63" hai3="36,92,8,16,100,9,61,70,134,121,50,57,33"/><U129/><E120/><V41/><F111/><W123/><G36/><T119/><D107/><U103/><E1/><V135/><F135/><W60/><G33/><T130/><D77/><U34/><E34/><V2/><F2/><W44/><G70/><T13/><D40/><U108/><E127/><V69/><F78/><W71/><G71/><T66/><D122/><U24/><E108/><V30/><F18/><W62/><G134/><T52/><D133/><U0/><E0/><V115/><F115/><W102/><G102/><T15/><D10/><U88/><E103/><V76/><F76/><W86/><G123/><T79/><D79/><U125/><E83/><V23/><F97/><N who="3" m="59431" /><G86/><T132/><D119/><U116/><E75/><V118/><F49/><W106/><G106/><T81/><D132/><U84/><E125/><V85/><F85/><W43/><G121/><T124/><D124/><U28/><REACH who="1" step="1"/><E116/><REACH who="1" ten="532,179,271,8" step="2"/><V64/><REACH who="2" step="1"/><F118/><REACH who="2" ten="532,179,261,8" step="2"/><W11/><G16/><T126/><D126/><U17/><E17/><V91/><AGARI ba="0,2" hai="5,6,7,23,25,30,41,42,63,64,69,91,95,98" machi="91" ten="30,7900,0" yaku="1,1,2,1,0,1,52,1,53,0" doraHai="90" doraHaiUra="32" who="2" fromWho="2" sc="532,-20,179,-39,261,99,8,-20" owari="512,61.0,140,-26.0,360,16.0,-12,-51.0" />
</Scene>
</mjloggm>