<mjloggm ver="2.3"><GO type="169" lobby="0"/><UN n0="%E3%82%89%E3%81%84%E3%81%A1%E3%82%87%E3%81%86" n1="%6D%61%63%6A%72" n2="%41%53%41%50%49%4E" n3="%E5%8C%97%E9%81%93%E5%B1%B1" dan="16,17,19,16" rate="2014.95,2185.16,2262.06,2074.09" sx="F,F,M,M"/><TAIKYOKU oya="0"/>

<Scene>
<INIT seed="0,0,0,5,5,73" ten="250,250,250,250" oya="0" hai0="90,48,121,102,123,118,32,134,78,5,113,87,13" hai1="17,25,119,63,77,125,110,126,7,88,84,67,53" hai2="44,75,65,15,135,106,18,100,31,92,38,122,99" hai3="93,133,124,51,128,120,86,39,64,101,71,105,129"/><T2/><D113/><U46/><E119/><V40/><F122/><W33/><G33/><T61/><D118/><U29/><E110/><V72/><F135/><W41/><G39/><T96/><D32/><U91/><E7/><V8/><F31/><W3/><G3/><T45/><D134/><U11/><E11/><V1/><F1/><W66/><G71/><T112/><D2/><U132/><E17/><V62/><REACH who="2" step="1"/><F106/><REACH who="2" ten="250,250,240,250" step="2"/><W97/><G120/><T9/><D123/><U69/><E132/><V34/><F34/><W107/><G133/><T10/><D121/><U55/><E125/><V76/><F76/><W108/><G107/><T95/><D78/><U49/><E126/><V54/><F54/><W4/><G124/><T20/><D112/><U98/><E55/><V57/><AGARI ba="0,1" hai="8,15,18,38,40,44,57,62,65,72,75,92,99,100" machi="57" ten="20,2700,0" yaku="1,1,0,1,7,1,53,0" doraHai="73" doraHaiUra="82" who="2" fromWho="2" sc="250,-13,250,-7,240,37,250,-7" />
</Scene>
<Scene>
<INIT seed="1,0,0,4,0,21" ten="237,243,277,243" oya="1" hai0="115,13,48,54,22,25,50,38,7,84,59,0,101" hai1="17,69,31,130,51,110,41,126,94,70,34,128,37" hai2="83,89,33,97,64,29,52,14,102,77,26,15,113" hai3="10,27,119,133,68,42,98,91,73,12,5,100,107"/><U43/><E17/><V76/><F113/><W122/><G122/><T104/><D115/><U81/><E94/><V36/><F36/><W23/><G68/><N who="1" m="26218" /><E81/><V61/><F64/><W118/><G73/><T66/><D0/><U78/><E78/><V117/><F117/><W114/><G42/><N who="1" m="15882" /><E31/><V47/><F89/><W95/><G114/><T28/><D101/><U82/><E34/><V121/><F121/><W65/><G65/><T132/><D104/><U62/><E82/><V112/><F112/><W131/><G118/><T88/><D66/><U44/><E37/><V32/><F32/><W40/><G40/><T63/><D38/><U93/><E93/><V67/><F67/><W127/><G119/><T109/><D7/><U108/><E62/><V60/><F60/><W80/><G80/><T6/><D6/><U2/><E2/><V72/><F77/><W3/><G3/><T16/><D63/><U116/><E116/><V35/><F35/><W53/><G5/><T19/><D19/><U9/><E9/><V96/><F61/><W45/><G107/><T30/><D30/><U74/><E74/><V39/><F39/><W11/><G91/><T58/><D28/><U125/><E51/><N who="2" m="28799" /><F102/><W87/><G100/><T1/><D1/><U103/><E103/><V46/><F97/><W4/><G98/><T71/><D50/><U57/><E57/><V134/><F96/><W120/><G4/><T24/><D48/><U123/><E123/><V55/><F72/><W129/><G120/><T92/><D59/><U8/><E44/><V90/><F46/><W75/><G45/><RYUUKYOKU ba="0,0" sc="237,0,243,0,277,0,243,0" />
</Scene>
<Scene>
<INIT seed="2,1,0,5,3,120" ten="237,243,277,243" oya="2" hai0="22,29,104,60,127,75,45,132,80,11,57,50,24" hai1="125,53,21,64,92,81,4,107,26,16,123,135,121" hai2="130,2,93,56,67,95,118,86,89,3,62,98,65" hai3="88,122,94,68,36,66,108,38,9,76,84,78,126"/><V111/><F118/><W15/><G122/><T90/><D104/><U63/><E107/><V54/><F130/><W30/><G126/><T25/><D127/><U73/><E125/><V34/><F34/><W134/><G134/><T44/><D132/><U5/><E135/><V58/><F111/><W6/><G30/><T72/><D11/><U102/><E121/><V31/><F31/><W128/><G128/><T106/><D106/><U87/><E123/><V10/><F10/><W55/><G108/><T83/><D25/><U91/><E53/><V113/><F113/><W114/><G114/><T70/><D70/><U37/><E37/><V100/><REACH who="2" step="1"/><F67/><REACH who="2" ten="237,243,267,243" step="2"/><W35/><G35/><T41/><D29/><U14/><E64/><V0/><F0/><W110/><G110/><T115/><D115/><U99/><E73/><V20/><F20/><W47/><G66/><T13/><D22/><N who="1" m="11543" /><E63/><AGARI ba="1,1" hai="2,3,54,56,58,62,63,65,86,89,93,95,98,100" machi="63" ten="30,11600,0" yaku="1,1,7,1,53,2" doraHai="120" doraHaiUra="59" who="2" fromWho="1" sc="237,0,243,-119,267,129,243,0" />
</Scene>
<Scene>
<INIT seed="2,2,0,0,1,14" ten="237,124,396,243" oya="2" hai0="81,44,79,43,101,112,54,64,122,115,28,109,128" hai1="127,21,70,123,5,26,38,132,27,108,92,61,107" hai2="118,10,93,22,62,2,23,110,37,65,47,99,82" hai3="0,67,16,90,31,55,114,24,45,46,95,117,59"/><V113/><F113/><W119/><G0/><T76/><D122/><U52/><E107/><V135/><F118/><W120/><G120/><T39/><D109/><U20/><E123/><V4/><F135/><W72/><G72/><T17/><D64/><U124/><E38/><V12/><F110/><W19/><G114/><T86/><D76/><U84/><E108/><V68/><F2/><W60/><G117/><T116/><D116/><U121/><E121/><V87/><F47/><N who="3" m="17931" /><G119/><T73/><D28/><U69/><E5/><V125/><F125/><W63/><G24/><T97/><D73/><U102/><E132/><V96/><F37/><W105/><G105/><T6/><D6/><U9/><E9/><V40/><F40/><W103/><G103/><T36/><D36/><U74/><E74/><V1/><F1/><W98/><G31/><T25/><D54/><U18/><E69/><V49/><F49/><W106/><G106/><T41/><D41/><U133/><E133/><V34/><F34/><W51/><G63/><T80/><D115/><U104/><E104/><V88/><REACH who="2" step="1"/><F96/><REACH who="2" ten="237,124,386,243" step="2"/><W42/><G42/><T131/><D112/><U100/><E124/><V32/><F32/><W89/><G89/><AGARI ba="2,1" hai="4,10,12,22,23,62,65,68,82,87,88,89,93,99" machi="89" ten="30,5800,0" yaku="1,1,7,1,54,1,53,0" doraHai="14" doraHaiUra="130" who="2" fromWho="3" sc="237,0,124,0,386,74,243,-64" />
</Scene>
<Scene>
<INIT seed="2,3,0,5,3,11" ten="237,124,460,179" oya="2" hai0="91,45,126,30,79,21,8,118,55,131,70,38,72" hai1="4,105,34,103,29,106,33,96,59,63,54,32,0" hai2="78,113,121,102,49,80,109,65,41,87,133,123,13" hai3="112,64,71,114,42,50,116,14,16,44,3,110,82"/><V108/><F113/><N who="3" m="43627" /><G3/><T36/><D70/><U37/><E37/><V31/><F133/><W76/><G116/><T6/><D118/><U19/><E105/><V27/><F65/><W43/><G110/><N who="2" m="42601" /><F102/><W132/><G132/><T124/><D131/><U66/><E4/><V94/><F94/><W75/><G71/><T100/><D100/><U128/><E0/><V52/><F41/><N who="3" m="24847" /><G64/><T93/><D79/><U89/><E128/><V1/><F1/><W88/><G88/><T10/><D72/><U12/><E89/><V24/><F24/><W90/><G90/><T57/><D91/><U56/><E29/><V127/><F127/><W104/><G104/><T58/><D93/><U97/><E97/><V99/><F99/><W68/><G68/><T53/><D126/><U120/><E120/><V117/><F117/><W5/><G5/><T125/><D6/><U23/><REACH who="1" step="1"/><E34/><REACH who="1" ten="237,114,460,179" step="2"/><N who="2" m="20863" /><F123/><W28/><G28/><T51/><D30/><U15/><E15/><V67/><F13/><W25/><G25/><T85/><D125/><U7/><E7/><V74/><F121/><W119/><G119/><T122/><D124/><U111/><E111/><V9/><F78/><W2/><G2/><T22/><D122/><U98/><E98/><V35/><F35/><W46/><G46/><T107/><D45/><U135/><E135/><V86/><F67/><W73/><G73/><T101/><D107/><U95/><E95/><V134/><F74/><W18/><G18/><T130/><D130/><U69/><E69/><V129/><F134/><W81/><G81/><T47/><D47/><U61/><AGARI ba="3,1" hai="12,19,23,32,33,54,56,59,61,63,66,96,103,106" machi="61" ten="20,8000,1" yaku="1,1,5,1,0,1,7,1,52,1,53,0" doraHai="11" doraHaiUra="40" who="1" fromWho="1" sc="237,-23,114,99,460,-43,179,-23" />
</Scene>
<Scene>
<INIT seed="3,0,0,1,4,132" ten="214,213,417,156" oya="3" hai0="121,128,125,101,129,109,28,45,24,9,2,36,15" hai1="88,52,62,32,56,8,93,21,130,49,25,83,60" hai2="135,43,68,29,81,112,26,110,117,102,20,42,104" hai3="97,78,77,38,79,106,14,118,6,44,85,71,66"/><W35/><G35/><N who="0" m="20871" /><D101/><U115/><E115/><V82/><F110/><W120/><G118/><T126/><D45/><U27/><E130/><N who="0" m="50281" /><D36/><U11/><E83/><V108/><F82/><W87/><G120/><T19/><D121/><U3/><E32/><V113/><F81/><W99/><G71/><T61/><D61/><N who="1" m="23659" /><E3/><V37/><F37/><W33/><G33/><T65/><D65/><U67/><E67/><V57/><F68/><W54/><G66/><T105/><D105/><U41/><E41/><V53/><F43/><W63/><G63/><T84/><D84/><N who="1" m="52359" /><E27/><V17/><F26/><W47/><G38/><T59/><D59/><U119/><E119/><V131/><F42/><W34/><G34/><T89/><D89/><U0/><E0/><V96/><F117/><W114/><G114/><T73/><D73/><U22/><E21/><V13/><F20/><W86/><G106/><T94/><D94/><U4/><E4/><V16/><F104/><W95/><G99/><T31/><D109/><U30/><AGARI ba="0,0" hai="8,11,22,25,30,49,52,56" m="52359,23659" machi="30" ten="30,4000,0" yaku="8,1,54,2" doraHai="132" who="1" fromWho="1" sc="214,-10,213,40,417,-10,156,-20" />
</Scene>
<Scene>
<INIT seed="4,0,0,2,4,62" ten="204,253,407,136" oya="0" hai0="101,90,42,49,6,126,57,13,81,116,8,85,127" hai1="38,100,132,12,33,92,83,124,47,82,58,91,31" hai2="29,89,93,19,135,76,123,10,16,87,39,60,130" hai3="51,98,114,4,128,45,109,50,88,122,32,80,18"/><T61/><D116/><U103/><E132/><V94/><F123/><W52/><G109/><T56/><D101/><U73/><E124/><N who="0" m="47657" /><D61/><U96/><E33/><V111/><F135/><W78/><G32/><T95/><D95/><U65/><E31/><V106/><F39/><W66/><G128/><T107/><D107/><U15/><E38/><V7/><F106/><W22/><G114/><T108/><D108/><U67/><E47/><AGARI ba="0,0" hai="6,8,13,42,47,49,56,57,81,85,90" m="47657" machi="47" ten="30,1500,0" yaku="18,1" doraHai="62" who="0" fromWho="1" sc="204,15,253,-15,407,0,136,0" />
</Scene>
<Scene>
<INIT seed="4,1,0,4,5,105" ten="219,238,407,136" oya="0" hai0="37,89,77,121,0,5,74,68,12,76,81,18,16" hai1="134,45,73,25,103,117,55,131,130,110,72,27,94" hai2="82,11,36,111,26,99,122,15,62,101,112,108,44" hai3="96,60,63,53,92,65,54,34,88,106,133,129,4"/><T104/><D121/><U120/><E120/><V58/><F122/><W13/><G34/><T119/><D104/><U115/><E110/><V85/><F112/><W50/><G129/><N who="1" m="49162" /><E117/><V40/><F26/><N who="1" m="9737" /><E134/><V123/><F99/><W98/><G133/><T39/><D68/><U9/><E115/><V66/><F101/><W107/><G98/><T124/><D119/><U43/><E55/><V32/><F32/><W56/><G4/><T126/><D0/><U61/><E61/><V41/><F41/><W71/><REACH who="3" step="1"/><G13/><REACH who="3" ten="219,238,407,126" step="2"/><T28/><D12/><U91/><E103/><V86/><F123/><W118/><G118/><T132/><D132/><U2/><E2/><V1/><F1/><W35/><G35/><T49/><D5/><U80/><E9/><V3/><F3/><W113/><G113/><T14/><D14/><U95/><E80/><V128/><F128/><W67/><G67/><T29/><D81/><U19/><E19/><V64/><F64/><W125/><G125/><T7/><D7/><U23/><E23/><V17/><F82/><W30/><G30/><T84/><D29/><U59/><E94/><V97/><F111/><W90/><G90/><T51/><D28/><U75/><E91/><V57/><F108/><W33/><G33/><T42/><D89/><U78/><E95/><V47/><F11/><W24/><G24/><T10/><D10/><U46/><E78/><V6/><F6/><W70/><G70/><T114/><D114/><U87/><E46/><AGARI ba="1,1" hai="46,50,53,54,56,60,63,65,71,88,92,96,106,107" machi="46" ten="30,3900,0" yaku="1,1,7,1,54,1,53,0" doraHai="105" doraHaiUra="38" who="3" fromWho="1" sc="219,0,238,-42,407,0,126,52" />
</Scene>
<Scene>
<INIT seed="5,0,0,1,5,57" ten="219,196,407,178" oya="1" hai0="125,6,69,23,54,73,47,15,132,113,1,25,74" hai1="21,43,12,46,95,18,119,39,67,99,112,105,66" hai2="19,77,89,124,115,70,110,60,103,16,56,3,5" hai3="106,90,104,120,102,45,31,130,51,79,87,63,98"/><U32/><E119/><V49/><F110/><W71/><G120/><T121/><D1/><U50/><E105/><V33/><F33/><W35/><G130/><T122/><D113/><U128/><E128/><V27/><F70/><W78/><G106/><T37/><D132/><U40/><E32/><V82/><F103/><W91/><G31/><T118/><D118/><U131/><E131/><V75/><F124/><W29/><G29/><T80/><D69/><U92/><E112/><V22/><F115/><W2/><G2/><T28/><D125/><U135/><E135/><V76/><F49/><W59/><G71/><T117/><D117/><U36/><E95/><V134/><F134/><W41/><G35/><T38/><D38/><U123/><E123/><N who="0" m="47113" /><D80/><U34/><E34/><V14/><F3/><W9/><G9/><N who="0" m="4535" /><D54/><U0/><E0/><V111/><F5/><W94/><REACH who="3" step="1"/><G91/><REACH who="3" ten="219,196,407,168" step="2"/><T20/><D20/><U96/><E96/><V133/><F89/><W53/><AGARI ba="0,1" hai="41,45,51,53,59,63,78,79,87,90,94,98,102,104" machi="53" ten="20,12000,2" yaku="1,1,2,1,0,1,7,1,52,1,53,1" doraHai="57" doraHaiUra="44" who="3" fromWho="3" sc="219,-30,196,-60,407,-30,168,130" />
</Scene>
<Scene>
<INIT seed="6,0,0,3,5,55" ten="189,136,377,298" oya="2" hai0="12,31,129,11,112,62,124,50,130,23,125,128,1" hai1="60,92,77,70,20,85,74,43,6,53,13,58,135" hai2="118,126,8,102,26,107,65,72,131,19,98,105,57" hai3="41,88,127,51,49,4,95,68,3,93,83,24,103"/><V59/><F118/><W5/><G68/><T15/><D112/><U117/><E117/><V29/><F72/><W63/><G127/><N who="0" m="48715" /><D50/><U39/><E135/><V54/><F126/><W75/><G103/><T2/><D62/><U32/><E32/><V116/><F116/><W40/><G24/><N who="0" m="16799" /><D15/><U21/><E74/><V78/><F78/><W0/><G63/><T101/><D101/><U120/><E120/><V123/><F123/><W28/><G28/><T104/><D104/><U113/><E113/><V66/><F107/><W89/><G83/><T56/><D56/><U100/><E70/><V121/><F121/><W109/><REACH who="3" step="1"/><G75/><REACH who="3" ten="189,136,377,288" step="2"/><T35/><D35/><U73/><E73/><V38/><F102/><W106/><G106/><T97/><D97/><U46/><E100/><V16/><F98/><W47/><G47/><T115/><D115/><U52/><E92/><V33/><F105/><W80/><G80/><T69/><D69/><U119/><E119/><V132/><F26/><W99/><G99/><T87/><D87/><U90/><E85/><V67/><F29/><W84/><G84/><T61/><D61/><U42/><E46/><V7/><F33/><W64/><G64/><T18/><AGARI ba="0,1" hai="1,2,11,12,18,128,129,130" m="16799,48715" machi="18" ten="40,8000,1" yaku="19,1,18,1,34,2" doraHai="55" who="0" fromWho="0" sc="189,90,136,-20,377,-40,288,-20" />
</Scene>
<Scene>
<INIT seed="7,0,0,4,1,134" ten="279,116,337,268" oya="3" hai0="30,55,37,129,64,12,85,88,14,19,21,49,2" hai1="58,1,114,3,65,82,29,52,118,119,28,8,66" hai2="9,27,26,105,128,47,57,62,116,115,127,10,42" hai3="24,87,106,35,117,83,92,135,0,97,69,25,61"/><W44/><G0/><T79/><D2/><U31/><E82/><V93/><F127/><W77/><G117/><T6/><D37/><U130/><E8/><N who="2" m="3179" /><F105/><W112/><G135/><T22/><D64/><U94/><E29/><V17/><F116/><W90/><G112/><T100/><D129/><U32/><E32/><V81/><F115/><W99/><G35/><T13/><D100/><U15/><E114/><V34/><F34/><W133/><G133/><T78/><D6/><U102/><E130/><V107/><F107/><W80/><G106/><T132/><D132/><U53/><E102/><V75/><F75/><W68/><G83/><N who="0" m="49215" /><D30/><U11/><E11/><V109/><F109/><W103/><G61/><T122/><D122/><U101/><E101/><V48/><F128/><W38/><G99/><T36/><D36/><U98/><E98/><V123/><F123/><W7/><G7/><T56/><D22/><U50/><E94/><V41/><F81/><W5/><G5/><T4/><D4/><U67/><E67/><N who="2" m="39375" /><F93/><W46/><G103/><T60/><D60/><U84/><E84/><V126/><F126/><W96/><G96/><T121/><D121/><U120/><E120/><V108/><F108/><W51/><G69/><T45/><D21/><U43/><E58/><V74/><F74/><W71/><G71/><T72/><D72/><U39/><E39/><V20/><F26/><W89/><G68/><T91/><D56/><U73/><E73/><V110/><F110/><W40/><G77/><T76/><D91/><U54/><E118/><V104/><F104/><W86/><G86/><RYUUKYOKU ba="0,0" sc="279,10,116,-30,337,10,268,10" hai0="12,13,14,19,45,49,55,76,78,79" hai2="17,20,27,41,42,47,48" hai3="24,25,38,40,44,46,51,80,87,89,90,92,97" />
</Scene>
<Scene>
<INIT seed="7,1,0,2,3,52" ten="289,86,347,278" oya="3" hai0="125,129,128,100,41,59,45,132,110,103,112,53,32" hai1="9,44,77,134,1,54,104,97,26,24,90,113,16" hai2="23,15,76,49,74,8,123,21,116,117,12,34,38" hai3="58,108,33,106,67,133,72,73,98,102,82,14,86"/><W17/><G33/><T131/><D110/><U84/><E113/><V56/><F38/><W105/><G105/><T85/><D112/><U114/><E114/><V101/><F34/><W65/><G133/><T92/><D132/><U88/><E134/><V75/><F101/><W89/><G108/><T48/><D32/><U130/><E130/><V0/><F0/><W10/><REACH who="3" step="1"/><G67/><REACH who="3" ten="289,86,347,268" step="2"/><T37/><D125/><U95/><E104/><V29/><F116/><W81/><G81/><T28/><D28/><U78/><E1/><V126/><F117/><W20/><G20/><T63/><D37/><U80/><E26/><V68/><F23/><W57/><G57/><T71/><D71/><U70/><E70/><V64/><F56/><W107/><G107/><T39/><D39/><U91/><E91/><AGARI ba="1,1" hai="41,45,48,53,59,63,85,91,92,100,103,128,129,131" machi="91" ten="40,2600,0" yaku="19,1,52,1" doraHai="52" who="0" fromWho="1" sc="289,39,86,-29,347,0,268,0" owari="328,13.0,57,-44.0,347,44.0,268,-13.0" />
</Scene>
</mjloggm>