<mjloggm ver="2.3"><GO type="169" lobby="0"/><UN n0="%E3%83%9E%E3%83%9E%E3%81%94%E9%A3%AF%E3%81%BE%E3%81%A0%EF%BC%9F" n1="%54%4C%49%43%30%33" n2="%41%53%41%50%49%4E" n3="%E4%BF%BA%E3%81%A4%E3%81%88%E3%81%88%E3%81%88%EF%BD%9E" dan="17,16,19,17" rate="2238.04,2034.92,2238.92,2183.51" sx="M,M,M,M"/><TAIKYOKU oya="0"/>

<Scene>
<INIT seed="0,0,0,2,3,21" ten="250,250,250,250" oya="0" hai0="23,109,132,91,38,9,94,129,93,83,46,110,80" hai1="36,12,128,62,13,74,97,113,15,96,124,123,66" hai2="47,5,126,133,95,18,125,53,72,68,99,35,43" hai3="105,30,120,55,56,71,29,122,118,60,52,116,39"/><T10/><D10/><U32/><BYE who="0" /><E123/><N who="3" m="47146" /><G105/><T108/><D108/><U112/><E36/><V61/><F72/><W40/><G30/><T101/><D101/><U57/><E74/><V63/><F133/><W73/><G73/><T41/><D41/><U106/><E32/><V31/><F5/><W92/><G92/><T121/><D121/><U14/><E124/><N who="2" m="47723" /><F68/><W20/><G29/><T67/><D67/><U107/><E128/><V131/><F131/><W6/><G6/><T100/><D100/><U87/><E87/><V90/><F53/><N who="3" m="20555" /><G20/><T48/><D48/><U79/><E79/><V127/><F127/><W19/><G71/><T111/><D111/><U50/><E50/><N who="2" m="27007" /><F18/><W42/><G19/><T24/><D24/><AGARI ba="0,0" hai="24,31,35,61,63,90,95,99" m="27007,47723" machi="24" ten="30,2000,0" yaku="18,1,52,1" doraHai="21" who="2" fromWho="0" sc="250,-20,250,0,250,20,250,0" />
</Scene>
<Scene>
<INIT seed="1,0,0,2,1,112" ten="230,250,270,250" oya="1" hai0="69,90,84,18,131,123,110,22,106,135,130,125,26" hai1="15,126,40,3,116,108,68,46,53,95,12,52,92" hai2="62,87,56,19,13,39,101,5,49,88,21,113,71" hai3="61,57,44,59,76,50,133,73,54,99,27,48,0"/><U41/><E68/><UN n0="%E3%83%9E%E3%83%9E%E3%81%94%E9%A3%AF%E3%81%BE%E3%81%A0%EF%BC%9F" /><V65/><F39/><W119/><G0/><T32/><D69/><U29/><E3/><V102/><F113/><W98/><G133/><T4/><D106/><U97/><E126/><V82/><F5/><W45/><G119/><T81/><D135/><U58/><E116/><V10/><F21/><W80/><G27/><T122/><D125/><U74/><E74/><V25/><F25/><W35/><G35/><T132/><D132/><U93/><E97/><V128/><F128/><N who="0" m="49194" /><D110/><U6/><E108/><V114/><F114/><W117/><G117/><T70/><D70/><U33/><E33/><V43/><F71/><W104/><G104/><T66/><D66/><U118/><E118/><V89/><F89/><W8/><G8/><T17/><D4/><U30/><E46/><AGARI ba="0,0" hai="10,13,19,43,46,49,56,62,65,82,87,88,101,102" machi="46" ten="40,2600,0" yaku="8,1,54,1" doraHai="112" who="2" fromWho="1" sc="230,0,250,-26,270,26,250,0" />
</Scene>
<Scene>
<INIT seed="2,0,0,0,3,21" ten="230,224,296,250" oya="2" hai0="37,106,17,69,130,76,128,51,124,45,47,20,73" hai1="26,19,44,113,80,11,83,123,117,22,68,63,71" hai2="127,132,56,52,57,75,16,23,7,81,92,85,101" hai3="53,105,89,110,39,58,77,78,9,120,35,30,103"/><V111/><F75/><W129/><G39/><T96/><D69/><U8/><E113/><V1/><F132/><W107/><G120/><T116/><D116/><U49/><E117/><V102/><F127/><W79/><G129/><T104/><D124/><U119/><E119/><V29/><F29/><W27/><G110/><T2/><D2/><U86/><E71/><V122/><F122/><W74/><G9/><N who="1" m="3658" /><E68/><V125/><F125/><W3/><G3/><T43/><D73/><U4/><E123/><V13/><F1/><W99/><G89/><T10/><D10/><U65/><E4/><V36/><F36/><W15/><G15/><T134/><D76/><N who="1" m="46343" /><E83/><V135/><F135/><W55/><G74/><T12/><D134/><U5/><E5/><V38/><F38/><W41/><G41/><T25/><D12/><U66/><E63/><N who="2" m="36231" /><F92/><W64/><REACH who="3" step="1"/><G107/><REACH who="3" ten="230,224,296,240" step="2"/><T32/><D104/><U112/><E112/><V97/><F111/><W61/><AGARI ba="0,1" hai="27,30,35,53,55,58,61,64,77,78,79,99,103,105" machi="61" ten="30,7900,0" yaku="1,1,2,1,0,1,52,1,53,0" doraHai="21" doraHaiUra="109" who="3" fromWho="3" sc="230,-20,224,-20,296,-39,240,89" />
</Scene>
<Scene>
<INIT seed="3,0,0,1,0,24" ten="210,204,257,329" oya="3" hai0="115,37,51,36,71,111,118,106,60,125,2,40,78" hai1="87,47,38,96,68,12,49,84,120,10,70,66,135" hai2="129,77,122,116,130,31,30,16,27,64,69,113,59" hai3="121,33,26,93,42,109,52,11,17,35,91,117,86"/><W18/><G117/><T108/><D78/><U48/><E120/><V82/><F116/><W7/><G121/><T79/><D79/><U58/><E135/><V56/><F122/><W32/><G42/><T50/><D106/><U62/><E96/><V127/><F127/><W76/><G76/><T85/><D85/><U123/><E123/><V22/><F69/><W29/><G109/><N who="0" m="42059" /><D2/><U134/><E134/><V74/><F113/><W101/><G101/><T89/><D89/><U46/><E12/><V21/><F64/><W107/><G107/><T131/><D118/><U132/><E10/><V63/><F22/><W15/><REACH who="3" step="1"/><G52/><REACH who="3" ten="210,204,257,319" step="2"/><T4/><D40/><U6/><E132/><V39/><F39/><W28/><G28/><N who="2" m="10793" /><F63/><W124/><G124/><T14/><D60/><U103/><E62/><V57/><F77/><W61/><G61/><T128/><D37/><U72/><E38/><V102/><F102/><W81/><G81/><T75/><D36/><U44/><E103/><V65/><F82/><W80/><G80/><T114/><D125/><U90/><E66/><V110/><F110/><W41/><G41/><T92/><D114/><U19/><E72/><V25/><F65/><W98/><G98/><T73/><D75/><U112/><E112/><V100/><F100/><W67/><G67/><T53/><D73/><U13/><E70/><V83/><F83/><W20/><AGARI ba="0,1" hai="7,11,15,17,18,20,26,29,32,33,35,86,91,93" machi="20" ten="30,11700,0" yaku="1,1,0,1,52,1,53,1" doraHai="24" doraHaiUra="5" who="3" fromWho="3" sc="210,-39,204,-39,257,-39,319,127" />
</Scene>
<Scene>
<INIT seed="3,1,0,4,4,35" ten="171,165,218,446" oya="3" hai0="116,50,112,54,12,103,107,7,96,67,52,4,73" hai1="108,19,60,85,74,62,45,111,101,61,81,87,98" hai2="13,120,20,82,14,11,41,92,70,2,43,113,124" hai3="48,93,69,75,21,63,38,0,119,105,122,23,27"/><W40/><G105/><T16/><D73/><U58/><E74/><V55/><F113/><W18/><G75/><T25/><D116/><U8/><E58/><V102/><F70/><W39/><G119/><T72/><D72/><U66/><E66/><V42/><F124/><W64/><G122/><T10/><D112/><U129/><E129/><V9/><F120/><W71/><G71/><T127/><D127/><U6/><E19/><V29/><F82/><W57/><G0/><T1/><D67/><U5/><E45/><V89/><F102/><W84/><G23/><T80/><D80/><U33/><E33/><V88/><F2/><W94/><G84/><T104/><D104/><U44/><E44/><V132/><F132/><W32/><G32/><T126/><D126/><U51/><E51/><V76/><F76/><W77/><G77/><T91/><D91/><U26/><E26/><N who="2" m="16583" /><F55/><N who="3" m="31975" /><G39/><T133/><D133/><U97/><E61/><V68/><F68/><W118/><G118/><T90/><D90/><N who="2" m="34922" /><F92/><W79/><G79/><T24/><D54/><U53/><E53/><V34/><F34/><W131/><G131/><T3/><D3/><U36/><E81/><V109/><F109/><W135/><G135/><T65/><D65/><U128/><E128/><V78/><F78/><W110/><G110/><T95/><D107/><U22/><E36/><V114/><F114/><W47/><AGARI ba="1,0" hai="18,21,27,38,40,47,63,64,69,93,94" m="31975" machi="47" ten="30,1500,0" yaku="24,1" doraHai="35" who="3" fromWho="3" sc="171,-6,165,-6,218,-6,446,18" />
</Scene>
<Scene>
<INIT seed="3,2,0,3,2,79" ten="165,159,212,464" oya="3" hai0="102,51,124,82,18,98,69,1,42,67,53,25,4" hai1="5,108,9,94,29,130,66,116,135,133,78,15,115" hai2="111,48,40,125,122,61,89,36,103,109,110,100,77" hai3="87,75,73,95,117,127,106,32,81,121,118,7,105"/><W11/><G32/><T6/><D124/><U43/><E66/><V23/><F36/><W88/><G7/><T19/><D42/><U47/><E115/><V35/><F35/><W14/><G14/><T10/><D6/><U58/><E29/><V64/><F125/><W16/><G16/><T123/><D123/><U55/><E108/><V65/><F122/><W96/><G11/><T101/><D101/><U24/><E24/><V83/><F89/><W132/><G132/><T38/><D38/><U85/><E130/><V2/><F2/><W63/><G63/><T30/><D67/><U37/><E116/><N who="3" m="44650" /><G127/><T50/><D69/><U131/><E131/><V104/><F104/><N who="3" m="40043" /><G121/><T134/><D134/><U49/><REACH who="1" step="1"/><E94/><REACH who="1" ten="165,149,212,464" step="2"/><V126/><F64/><W113/><G113/><T22/><D30/><U97/><E97/><V70/><F126/><W86/><G86/><T17/><D98/><U41/><E41/><V27/><F40/><W56/><G56/><T57/><D57/><U112/><E112/><V120/><F120/><W93/><G93/><T52/><D25/><U54/><E54/><V60/><F65/><W39/><G39/><T72/><D52/><U21/><E21/><V80/><F23/><W3/><G3/><T46/><D22/><U114/><E114/><V90/><F110/><W99/><G99/><T34/><D34/><U31/><E31/><V91/><F27/><W59/><G59/><T12/><D53/><U26/><E26/><V84/><F109/><W76/><AGARI ba="2,1" hai="73,75,76,81,87,88,95,96" m="40043,44650" machi="76" ten="30,11700,0" yaku="34,2,52,1,54,1" doraHai="79" who="3" fromWho="3" sc="165,-41,149,-41,212,-41,464,133" />
</Scene>
<Scene>
<INIT seed="3,3,0,2,2,73" ten="124,108,171,597" oya="3" hai0="122,53,95,28,63,60,68,35,135,27,126,90,8" hai1="10,129,15,62,14,50,34,20,19,134,23,48,115" hai2="22,111,128,87,42,93,110,54,61,58,13,38,3" hai3="36,2,86,78,57,104,31,123,119,67,105,74,76"/><W120/><G2/><T9/><D122/><U112/><E129/><V91/><F3/><W46/><G119/><T85/><D126/><U5/><E34/><V117/><F117/><W103/><G31/><T41/><D135/><U70/><E134/><V108/><F128/><W16/><G36/><T77/><D41/><U118/><E118/><V107/><F107/><W84/><G46/><T43/><D43/><U113/><REACH who="1" step="1"/><E20/><REACH who="1" ten="124,98,171,597" step="2"/><V131/><F131/><W66/><G123/><T132/><D132/><U124/><E124/><V72/><F22/><W11/><G120/><T80/><D68/><U79/><E79/><V21/><F21/><W130/><G78/><T6/><D53/><U52/><E52/><V114/><F54/><W26/><G76/><T83/><D83/><U24/><E24/><V7/><F110/><W44/><G26/><T127/><D127/><U33/><E33/><V29/><F108/><W40/><G130/><T32/><D32/><U125/><E125/><V100/><F111/><W49/><G40/><T65/><D65/><AGARI ba="3,1" hai="5,10,14,15,19,23,48,50,62,65,70,112,113,115" machi="65" ten="40,1300,0" yaku="1,1,53,0" doraHai="73" doraHaiUra="69" who="1" fromWho="0" sc="124,-22,98,32,171,0,597,0" />
</Scene>
<Scene>
<INIT seed="4,0,0,0,4,115" ten="102,130,171,597" oya="0" hai0="27,128,91,67,54,97,37,43,56,113,134,63,118" hai1="131,64,18,5,36,92,42,7,46,111,83,96,88" hai2="105,22,41,116,28,44,85,61,99,2,51,77,135" hai3="13,114,71,9,94,62,106,127,125,3,1,69,74"/><T101/><D113/><U80/><E111/><V15/><F2/><W103/><G74/><T47/><D134/><U120/><E120/><V6/><F135/><W19/><G106/><T72/><D72/><U24/><E131/><V90/><F116/><W11/><G114/><T86/><D128/><U40/><E64/><V104/><F99/><N who="3" m="59895" /><G3/><T95/><D27/><U108/><E108/><V4/><F105/><W98/><G98/><T107/><REACH who="0" step="1"/><D67/><REACH who="0" ten="92,130,171,597" step="2"/><U53/><E24/><N who="2" m="16407" /><F104/><W35/><G125/><T78/><D78/><U130/><E130/><V93/><F77/><W82/><G127/><T58/><D58/><U110/><E110/><V14/><F61/><W49/><G62/><T29/><D29/><U129/><E129/><V59/><F59/><W38/><G69/><T32/><D32/><U60/><E60/><V12/><AGARI ba="0,1" hai="4,6,12,14,15,41,44,51,85,90,93" m="16407" machi="12" ten="30,1100,0" yaku="8,1" doraHai="115" who="2" fromWho="2" sc="92,-5,130,-3,171,21,597,-3" />
</Scene>
<Scene>
<INIT seed="5,0,0,0,0,1" ten="87,127,192,594" oya="1" hai0="72,44,30,110,114,103,2,9,45,105,128,122,120" hai1="80,60,119,117,99,8,29,115,7,57,62,84,23" hai2="20,118,71,58,50,88,5,77,10,86,75,98,74" hai3="134,13,39,25,24,124,15,94,83,106,56,49,112"/><U126/><E119/><V121/><F118/><W132/><G106/><T61/><D110/><U0/><E117/><V54/><F121/><N who="0" m="46698" /><D72/><U37/><E37/><V76/><F71/><W125/><G39/><T131/><D30/><U116/><E116/><V100/><F20/><W92/><G83/><T67/><D114/><U135/><E115/><V127/><F127/><W47/><G56/><N who="0" m="37287" /><D103/><U109/><E126/><V79/><F98/><W12/><G47/><N who="0" m="17995" /><D105/><U42/><E42/><V59/><F59/><W91/><G112/><T66/><D66/><U130/><E109/><V85/><F100/><W36/><G92/><T82/><D82/><U108/><E108/><V113/><F113/><W81/><G13/><T63/><D63/><U53/><E62/><V28/><F28/><W31/><G91/><T40/><D40/><U90/><E99/><V89/><F75/><W19/><G19/><T70/><D70/><U38/><E38/><V18/><F18/><W16/><G16/><T133/><D133/><U64/><E135/><V22/><F74/><W21/><G36/><T97/><D97/><U41/><E41/><V4/><F22/><W17/><G17/><T51/><D51/><U46/><E64/><V102/><F102/><W6/><G124/><T129/><D9/><U52/><E29/><V32/><F10/><W65/><G125/><T3/><AGARI ba="0,0" hai="2,3,128,129,131" m="17995,37287,46698" machi="3" ten="40,2700,0" yaku="19,1,13,1" doraHai="1" who="0" fromWho="0" sc="87,27,127,-13,192,-7,594,-7" />
</Scene>
<Scene>
<INIT seed="6,0,0,3,1,119" ten="114,114,185,587" oya="2" hai0="121,127,69,110,53,79,52,103,68,128,25,84,66" hai1="35,113,22,54,41,39,11,43,47,93,38,98,37" hai2="74,70,80,117,1,57,33,61,76,118,78,62,97" hai3="132,87,32,42,10,15,116,63,108,114,29,28,6"/><V14/><F1/><W20/><G116/><T83/><D110/><U12/><E35/><V100/><F33/><W27/><G108/><T124/><D128/><U0/><E113/><V23/><F78/><W92/><G42/><T8/><D121/><U131/><E131/><V102/><F102/><W107/><G107/><T56/><D103/><U89/><E0/><V96/><F96/><W109/><G109/><T13/><D25/><U112/><E112/><V34/><F34/><W95/><G114/><T30/><D30/><U88/><E22/><V85/><F74/><W64/><G132/><T120/><D120/><U48/><REACH who="1" step="1"/><E89/><REACH who="1" ten="114,104,185,587" step="2"/><V24/><F23/><W45/><G45/><T59/><D124/><U58/><E58/><V7/><F57/><W3/><G32/><T16/><D127/><U134/><E134/><V101/><F117/><W9/><G3/><T51/><D66/><U5/><AGARI ba="0,1" hai="5,11,12,37,38,39,41,43,47,48,54,88,93,98" machi="5" ten="30,4000,0" yaku="1,1,0,1,54,1,53,0" doraHai="119" doraHaiUra="111" who="1" fromWho="1" sc="114,-10,104,50,185,-20,587,-10" />
</Scene>
<Scene>
<INIT seed="7,0,0,0,0,43" ten="104,154,165,577" oya="3" hai0="32,106,83,6,5,100,8,3,24,55,88,92,38" hai1="9,76,7,109,40,14,56,107,130,67,74,133,36" hai2="70,86,1,50,13,123,28,47,4,75,87,16,2" hai3="34,114,60,103,41,131,21,78,37,118,71,17,69"/><W95/><G118/><T79/><D6/><U110/><E107/><V23/><F70/><W121/><G121/><T91/><D38/><U84/><E74/><V22/><F75/><W93/><G34/><T122/><D122/><U54/><E67/><V111/><F111/><W73/><G103/><T124/><D124/><U135/><E130/><V125/><F125/><W53/><G78/><T18/><D106/><U72/><E72/><V15/><F123/><W30/><G30/><T48/><D100/><U29/><E29/><V58/><F58/><W113/><G73/><T127/><D127/><U52/><E54/><V45/><F28/><W99/><G41/><T39/><D39/><U126/><E126/><V89/><F4/><W81/><G81/><T68/><D68/><U129/><E129/><V49/><F89/><W57/><G37/><T63/><D63/><N who="1" m="36231" /><E40/><V108/><F108/><W59/><G59/><T115/><D115/><N who="3" m="44041" /><G131/><T102/><D32/><U12/><E36/><V19/><AGARI ba="0,0" hai="1,2,13,15,16,19,22,23,45,47,49,50,86,87" machi="19" ten="25,12000,2" yaku="0,1,22,2,52,2,54,1" doraHai="43" who="2" fromWho="2" sc="104,-30,154,-30,165,120,577,-60" owari="74,-43.0,124,-28.0,285,9.0,517,62.0" />
</Scene>
</mjloggm>