<mjloggm ver="2.3"><GO type="169" lobby="0"/><UN n0="%41%53%41%50%49%4E" n1="%E3%81%94%E3%81%98%E3%82%83%E3%82%8B" n2="%E3%81%AD%E3%81%98%E3%81%BE%E3%81%8D%E9%B3%A5%E2%88%AE" n3="%E3%80%93%E4%BD%90%E5%A4%A9%E3%81%95%E3%82%93%E3%80%93" dan="19,18,16,17" rate="2249.06,2214.36,2060.79,2187.40" sx="M,M,M,F"/><TAIKYOKU oya="0"/>

<Scene>
<INIT seed="0,0,0,4,0,70" ten="250,250,250,250" oya="0" hai0="107,54,72,115,131,81,89,123,128,9,101,59,103" hai1="63,67,98,12,108,8,92,36,91,11,74,124,10" hai2="17,5,60,21,90,53,47,88,58,125,28,126,93" hai3="97,106,113,82,95,66,65,129,80,29,46,110,30"/><T45/><D115/><U64/><E124/><N who="2" m="47723" /><F5/><W120/><G106/><T38/><D123/><U100/><E74/><V86/><F90/><W135/><G113/><T15/><D107/><U16/><E108/><V34/><F34/><W133/><G110/><T77/><D89/><U85/><E36/><V52/><F28/><W51/><G120/><T117/><D117/><U25/><E25/><N who="2" m="14511" /><F47/><W39/><G30/><T114/><D114/><U61/><E61/><V48/><F48/><W33/><G29/><T56/><D103/><U73/><E73/><V69/><F69/><W14/><G33/><T102/><D102/><U43/><E43/><V7/><F7/><W122/><G122/><T62/><D101/><U78/><E78/><V68/><F68/><W41/><G51/><T18/><REACH who="0" step="1"/><D59/><REACH who="0" ten="240,250,250,250" step="2"/><N who="1" m="36991" /><E67/><AGARI ba="0,1" hai="52,53,58,60,67,86,88,93" m="14511,47723" machi="67" ten="30,3900,0" yaku="18,1,54,2" doraHai="70" who="2" fromWho="1" sc="240,0,250,-39,250,49,250,0" />
</Scene>
<Scene>
<INIT seed="1,0,0,3,4,96" ten="240,211,299,250" oya="1" hai0="61,12,101,84,6,134,43,118,114,56,120,133,105" hai1="79,115,36,55,48,1,31,69,32,107,37,110,131" hai2="111,23,0,77,85,66,15,103,2,13,65,116,93" hai3="128,117,64,91,127,92,132,25,34,130,20,88,68"/><U18/><E115/><V112/><F116/><W67/><G34/><T21/><D114/><U95/><E107/><V129/><F112/><W33/><G33/><T53/><D118/><U78/><E69/><V59/><F111/><W106/><G106/><T24/><D120/><U26/><E110/><V51/><F129/><W80/><G117/><T109/><D109/><U82/><E131/><N who="3" m="50218" /><G68/><T60/><D43/><U87/><E78/><V47/><F2/><W10/><G10/><T76/><D76/><U94/><E1/><V27/><F0/><W4/><G4/><T58/><D84/><U123/><E123/><V44/><F44/><W39/><G39/><T126/><D126/><U73/><E18/><V41/><F77/><W99/><G127/><T52/><D12/><U5/><E5/><V104/><F104/><W28/><G132/><T70/><D6/><U86/><E73/><V74/><F74/><W17/><G28/><T119/><D70/><U3/><E3/><V45/><F85/><AGARI ba="0,0" hai="17,20,25,64,67,80,85,88,91,92,99" m="50218" machi="85" ten="30,2000,0" yaku="19,1,54,1" doraHai="96" who="3" fromWho="2" sc="240,0,211,0,299,-20,250,20" />
</Scene>
<Scene>
<INIT seed="2,0,0,2,4,134" ten="240,211,279,270" oya="2" hai0="35,36,13,112,29,104,117,126,78,79,68,65,24" hai1="89,98,132,119,32,109,0,37,107,77,33,1,4" hai2="113,60,42,129,12,57,121,131,16,21,105,127,14" hai3="5,87,17,15,66,100,123,90,94,23,47,31,125"/><V111/><F121/><W44/><G123/><T73/><D112/><U97/><E37/><V70/><F113/><W103/><G5/><T61/><D36/><U9/><E77/><V2/><F105/><W52/><G66/><T34/><D34/><U56/><E132/><V85/><F2/><W91/><G31/><T96/><D117/><U20/><E119/><V43/><F70/><W50/><G125/><T93/><D126/><U26/><E0/><V27/><F127/><W30/><G30/><T83/><D79/><U120/><E120/><V51/><F111/><W6/><G6/><T45/><D45/><N who="3" m="17481" /><G91/><T99/><D104/><U82/><E109/><V46/><F85/><W95/><G95/><T71/><D71/><U130/><E107/><V49/><F49/><W75/><G75/><T39/><D39/><U69/><E69/><V80/><F80/><W128/><G128/><N who="2" m="49225" /><F43/><W74/><G74/><T67/><D93/><U108/><E108/><V58/><F58/><AGARI ba="0,0" hai="15,17,23,50,52,58,87,90,94,100,103" m="17481" machi="58" ten="30,3900,0" yaku="25,1,8,1,54,1" doraHai="134" who="3" fromWho="2" sc="240,0,211,0,279,-39,270,39" />
</Scene>
<Scene>
<INIT seed="3,0,0,2,0,89" ten="240,211,240,309" oya="3" hai0="99,122,38,32,11,13,48,49,70,93,45,118,130" hai1="19,29,92,42,131,14,30,8,133,104,51,1,26" hai2="117,81,98,114,52,83,40,64,116,113,33,95,75" hai3="58,60,101,129,124,47,103,111,24,126,67,97,132"/><W82/><G132/><T78/><D118/><U88/><E104/><V56/><F33/><W5/><G129/><T23/><D122/><U94/><E133/><V125/><F125/><W121/><G121/><T109/><D32/><U77/><E131/><V21/><F64/><W31/><G5/><T0/><D109/><U120/><E120/><V6/><F40/><W18/><G18/><T107/><D70/><U3/><E77/><V39/><F39/><W63/><G47/><T112/><D107/><U127/><E127/><V28/><F6/><W105/><G103/><T102/><D0/><U7/><E1/><V73/><F117/><W134/><G134/><T20/><D112/><U22/><E3/><V59/><F116/><W71/><G82/><T74/><D38/><U41/><E94/><V62/><F83/><W17/><G17/><T4/><D49/><U55/><E42/><V66/><F81/><W108/><G124/><T87/><D74/><U69/><E41/><V85/><F85/><W10/><G10/><T54/><D130/><U119/><E69/><V115/><F21/><N who="0" m="8266" /><D87/><N who="1" m="52255" /><E119/><V91/><REACH who="2" step="1"/><F28/><REACH who="2" ten="240,211,230,309" step="2"/><W79/><G126/><T123/><D123/><U110/><E110/><V34/><F34/><N who="3" m="20839" /><G79/><AGARI ba="0,1" hai="4,11,13,45,48,54,78,79,93,99,102" m="8266" machi="79" ten="30,2000,0" yaku="8,1,52,1" doraHai="89" who="0" fromWho="3" sc="240,30,211,0,230,0,309,-20" />
</Scene>
<Scene>
<INIT seed="4,0,0,4,0,81" ten="270,211,230,289" oya="0" hai0="97,32,44,21,38,1,132,130,104,52,23,90,41" hai1="79,19,48,46,100,8,42,13,122,108,131,51,124" hai2="94,16,83,70,91,88,82,4,6,55,134,67,60" hai3="5,105,0,92,53,74,61,77,40,121,75,7,65"/><T39/><D1/><U117/><E108/><V20/><F134/><W36/><G105/><T12/><D32/><U30/><E117/><V35/><F35/><W118/><G53/><T129/><D132/><U66/><E122/><V99/><F55/><W84/><G118/><T110/><D110/><U26/><E131/><N who="0" m="50185" /><D39/><U120/><E120/><V57/><F70/><W10/><G5/><N who="2" m="2153" /><F91/><W24/><G24/><AGARI ba="0,0" hai="16,20,24,57,60,67,82,83,88,94,99" m="2153" machi="24" ten="30,3900,0" yaku="8,1,54,2" doraHai="81" who="2" fromWho="3" sc="270,0,211,0,230,39,289,-39" />
</Scene>
<Scene>
<INIT seed="5,0,0,1,5,85" ten="270,211,269,250" oya="1" hai0="98,42,54,33,95,35,102,56,103,131,118,112,81" hai1="60,8,133,61,51,97,11,78,26,13,36,135,87" hai2="41,88,120,70,115,117,107,19,124,3,16,76,48" hai3="128,134,24,28,27,10,100,132,106,46,96,129,14"/><U39/><E26/><N who="3" m="9770" /><G46/><T91/><D118/><U101/><E51/><V49/><F107/><W122/><G28/><T113/><D131/><N who="3" m="50249" /><G122/><T99/><D42/><U30/><E30/><V104/><F104/><W123/><G123/><T58/><D81/><U65/><E78/><V17/><F76/><W105/><G105/><N who="0" m="63703" /><D103/><U52/><E87/><V82/><F120/><W72/><G72/><T18/><D18/><AGARI ba="0,0" hai="10,14,18,96,100,106,132,134" m="50249,9770" machi="18" ten="30,1000,0" yaku="19,1" doraHai="85" who="3" fromWho="0" sc="270,-10,211,0,269,0,250,10" />
</Scene>
<Scene>
<INIT seed="6,0,0,4,1,50" ten="260,211,269,260" oya="2" hai0="98,65,113,41,82,54,22,121,83,97,119,122,76" hai1="132,103,21,16,73,72,2,101,51,53,110,131,32" hai2="33,46,58,5,107,11,78,77,36,0,126,111,62" hai3="134,28,35,26,39,94,128,89,67,105,37,48,117"/><V115/><F107/><W135/><G117/><T69/><D119/><U47/><E32/><V116/><F116/><W123/><G123/><T14/><D113/><U1/><E110/><V127/><F33/><W85/><G105/><T133/><D133/><N who="3" m="50697" /><G128/><T42/><D83/><U125/><E132/><V71/><F71/><W9/><G67/><T95/><D98/><U87/><E131/><V25/><F25/><W8/><G48/><T93/><D93/><U38/><E125/><N who="2" m="47627" /><F115/><W88/><G89/><T12/><D65/><U68/><E68/><V96/><F96/><W91/><G91/><T118/><D69/><U109/><E109/><V31/><F31/><W34/><G34/><T63/><D118/><U18/><E38/><AGARI ba="0,0" hai="8,9,26,28,35,37,38,39,85,88,94" m="50697" machi="38" ten="30,2000,0" yaku="20,1,54,1" doraHai="50" who="3" fromWho="1" sc="260,0,211,-20,269,0,260,20" />
</Scene>
<Scene>
<INIT seed="7,0,0,0,1,117" ten="260,191,269,280" oya="3" hai0="52,132,88,3,131,89,77,27,12,75,79,120,48" hai1="35,26,66,39,60,116,51,129,42,83,94,90,30" hai2="69,133,107,22,81,130,63,33,78,5,14,108,57" hai3="18,100,109,102,68,64,71,29,47,123,112,49,31"/><W46/><G123/><T7/><D120/><U15/><E116/><V55/><F107/><W85/><G112/><T126/><D3/><U122/><E129/><V16/><F33/><W43/><G109/><T20/><D75/><U13/><E39/><V92/><F69/><W103/><G71/><T62/><D62/><U98/><E83/><V32/><F32/><W113/><G113/><T28/><D132/><U118/><E118/><V1/><F108/><W110/><G110/><T86/><D126/><U99/><E122/><V0/><F133/><W127/><G127/><T114/><D114/><U72/><E72/><V36/><F36/><W8/><G68/><T124/><D131/><U125/><E125/><V44/><F130/><W135/><G64/><T23/><D89/><U76/><E76/><V73/><F5/><W45/><G135/><T65/><D65/><U95/><E51/><V54/><F92/><W74/><G74/><T19/><D7/><U41/><E41/><V115/><F115/><W38/><G85/><T24/><D24/><U56/><REACH who="1" step="1"/><E42/><REACH who="1" ten="260,181,269,280" step="2"/><V111/><F111/><W4/><G49/><T59/><D124/><U119/><E119/><V104/><F73/><W80/><G80/><AGARI ba="0,1" hai="12,19,20,23,27,28,48,52,59,77,79,80,86,88" machi="80" ten="30,7700,0" yaku="7,1,8,1,54,2" doraHai="117" who="0" fromWho="3" sc="260,87,181,0,269,0,280,-77" owari="347,45.0,181,-32.0,269,7.0,203,-20.0" />
</Scene>
</mjloggm>