<mjloggm ver="2.3"><GO type="169" lobby="0"/><UN n0="%E3%82%80%E3%81%A8%E3%81%85%E3%83%BC" n1="%41%53%41%50%49%4E" n2="%E3%81%82%E3%81%A4%E3%81%82%E3%81%A4%E6%B9%AF%E8%B1%86%E8%85%90" n3="%53%50%49%43%41%40%58" dan="17,19,16,17" rate="2124.30,2262.40,2115.74,2179.92" sx="M,M,M,M"/><TAIKYOKU oya="0"/>

<Scene>
<INIT seed="0,0,0,4,2,37" ten="250,250,250,250" oya="0" hai0="30,4,131,38,10,105,63,70,75,118,24,90,29" hai1="28,100,23,117,8,51,71,15,119,27,69,36,112" hai2="20,32,78,103,129,133,13,83,132,130,55,6,98" hai3="11,49,62,94,77,40,60,64,101,72,102,109,113"/><T88/><D118/><U134/><E36/><V50/><F32/><W14/><G113/><T80/><D105/><U107/><E112/><V111/><F6/><W2/><G2/><T34/><D30/><U18/><E134/><N who="2" m="51819" /><F20/><W108/><G77/><T85/><D75/><U123/><E123/><V43/><F13/><W61/><G72/><T81/><D38/><U84/><E100/><V35/><F35/><W54/><G64/><T93/><D131/><N who="2" m="50186" /><F43/><W42/><G108/><T110/><D110/><U126/><E15/><V106/><F55/><W122/><G122/><T47/><D47/><U74/><E23/><V115/><F50/><W99/><G102/><T44/><D44/><U125/><E51/><V26/><F26/><W114/><G114/><T21/><D34/><U19/><E27/><V67/><F67/><W12/><G109/><T95/><D63/><U120/><E120/><V92/><F111/><W82/><G14/><N who="0" m="5447" /><D70/><U46/><E69/><V127/><F115/><W104/><G12/><T97/><AGARI ba="0,0" hai="21,24,29,80,81,85,88,90,93,95,97" m="5447" machi="97" ten="30,3000,0" yaku="8,1,54,1" doraHai="37" who="0" fromWho="0" sc="250,30,250,-10,250,-10,250,-10" />
</Scene>
<Scene>
<INIT seed="0,1,0,1,2,25" ten="280,240,240,240" oya="0" hai0="54,4,125,17,112,41,80,94,103,66,55,119,14" hai1="68,67,87,101,100,19,97,52,73,121,9,3,106" hai2="12,5,37,53,30,114,26,130,128,28,133,61,60" hai3="1,32,46,126,51,22,124,74,59,104,118,63,15"/><T47/><D119/><U89/><E121/><V96/><F37/><W29/><G118/><T113/><D4/><U98/><E73/><V10/><F114/><W117/><G117/><T27/><D125/><U7/><E67/><V38/><F38/><W57/><G74/><T79/><D66/><U132/><E132/><V33/><F133/><W18/><G104/><T81/><D27/><U105/><E68/><V56/><F30/><W39/><G39/><T99/><D81/><U35/><E35/><V122/><F122/><W58/><G1/><T13/><D13/><U11/><E11/><V16/><F96/><W109/><G109/><T62/><D41/><U77/><E77/><V135/><F135/><W23/><G32/><T120/><D120/><U127/><E127/><N who="3" m="48682" /><G29/><T0/><D0/><U115/><E115/><V2/><REACH who="2" step="1"/><F60/><REACH who="2" ten="280,240,230,240" step="2"/><W86/><G63/><T129/><D62/><U88/><E98/><V91/><F91/><W82/><G51/><T95/><D99/><U76/><E97/><V75/><F75/><W64/><G64/><T71/><D112/><U92/><E89/><V69/><F69/><W72/><G72/><T50/><D71/><U70/><E70/><V48/><F48/><W44/><G86/><T108/><D50/><U90/><E87/><V8/><AGARI ba="1,1" hai="2,5,8,10,12,16,26,28,33,53,56,61,128,130" machi="8" ten="30,7900,0" yaku="1,1,0,1,52,1,54,1,53,0" doraHai="25" doraHaiUra="40" who="2" fromWho="2" sc="280,-40,240,-21,230,92,240,-21" />
</Scene>
<Scene>
<INIT seed="1,0,0,1,1,125" ten="240,219,322,219" oya="1" hai0="122,92,41,135,46,78,37,114,102,4,134,126,65" hai1="129,1,70,77,57,86,80,47,27,106,87,14,44" hai2="85,123,93,116,35,56,59,48,82,98,107,115,117" hai3="75,72,128,127,33,28,9,64,121,13,96,62,58"/><U105/><E70/><V25/><F123/><W5/><G121/><T120/><D126/><U39/><E1/><V55/><F107/><W91/><G127/><T42/><D114/><U31/><E129/><V110/><F110/><W10/><G128/><T6/><D78/><U40/><E14/><V79/><F115/><W103/><G91/><T100/><D65/><U0/><E0/><V45/><F35/><W99/><G99/><T124/><D124/><U89/><E57/><V71/><F71/><W74/><G10/><T7/><D42/><U32/><REACH who="1" step="1"/><E47/><REACH who="1" ten="240,209,322,219" step="2"/><V8/><F116/><W90/><G13/><T112/><D112/><U101/><E101/><N who="2" m="60623" /><F117/><W29/><G58/><T12/><D122/><U111/><E111/><V52/><F56/><W73/><G103/><T84/><D120/><U30/><E30/><V53/><F59/><W26/><G28/><T69/><D69/><U81/><AGARI ba="0,1" hai="27,31,32,39,40,44,77,80,81,86,87,89,105,106" machi="81" ten="20,3900,0" yaku="1,1,0,1,7,1,53,0" doraHai="125" doraHaiUra="130" who="1" fromWho="1" sc="240,-13,209,49,322,-13,219,-13" />
</Scene>
<Scene>
<INIT seed="1,1,0,1,0,101" ten="227,258,309,206" oya="1" hai0="10,75,26,54,111,120,89,110,49,36,92,129,0" hai1="67,74,102,62,76,30,53,65,52,34,116,4,24" hai2="20,91,33,79,61,29,3,56,50,132,131,71,86" hai3="126,22,28,95,117,48,133,63,42,2,103,47,82"/><U68/><E116/><V9/><F71/><W122/><G122/><T80/><D36/><U5/><E67/><V40/><F33/><W114/><G114/><T85/><D120/><U108/><E108/><N who="0" m="41513" /><D26/><U70/><E70/><V115/><F115/><W134/><G2/><T35/><D35/><U97/><E76/><V104/><F79/><W109/><G117/><T88/><D129/><U106/><E74/><V13/><F3/><W45/><G109/><T124/><D124/><U15/><E15/><V57/><F29/><W99/><G126/><T135/><D135/><N who="3" m="51721" /><G63/><T118/><D118/><U38/><E38/><V87/><F20/><W44/><G82/><T55/><D49/><U14/><E14/><V64/><F132/><W43/><G48/><T58/><D58/><U6/><AGARI ba="1,0" hai="4,5,6,24,30,34,52,53,62,65,68,97,102,106" machi="6" ten="30,12000,1" yaku="0,1,25,2,52,1,54,1" doraHai="101" who="1" fromWho="1" sc="227,-41,258,123,309,-41,206,-41" />
</Scene>
<Scene>
<INIT seed="1,2,0,2,2,46" ten="186,381,268,165" oya="1" hai0="116,5,79,92,109,35,91,124,60,89,65,120,43" hai1="64,55,23,30,94,112,15,102,11,69,13,18,40" hai2="71,107,72,127,53,36,1,118,32,22,113,99,90" hai3="103,110,106,7,63,125,17,121,66,93,0,19,80"/><U41/><E112/><V21/><RYUUKYOKU type="yao9" ba="2,0" sc="186,0,381,0,268,0,165,0" hai2="1,21,22,32,36,53,71,72,90,99,107,113,118,127" />
</Scene>
<Scene>
<INIT seed="1,3,0,1,0,83" ten="186,381,268,165" oya="1" hai0="40,56,82,41,21,127,133,39,104,95,0,67,76" hai1="22,70,108,31,32,57,91,49,81,28,48,55,69" hai2="93,125,65,23,75,107,87,30,50,18,131,86,73" hai3="20,119,74,112,72,15,96,80,33,89,103,58,61"/><U130/><E32/><V12/><F107/><W94/><G33/><T68/><D104/><U9/><E130/><V2/><F2/><W118/><G112/><T53/><D0/><U38/><E38/><V54/><F125/><W110/><G110/><T24/><D127/><U102/><E108/><V134/><F131/><W84/><G15/><T88/><D67/><U97/><E9/><V120/><F120/><W114/><G20/><T7/><D7/><U77/><E91/><N who="2" m="53495" /><F65/><W115/><G58/><T17/><D68/><U52/><E22/><V4/><F4/><W26/><G26/><T47/><D133/><U60/><E70/><V16/><F134/><W109/><G61/><N who="0" m="35983" /><D47/><N who="1" m="27679" /><E60/><V36/><F36/><W121/><G109/><T64/><D64/><U106/><E69/><V8/><F30/><N who="1" m="11305" /><E106/><V71/><F71/><W62/><G62/><T42/><D39/><U19/><E19/><V132/><F132/><W43/><G121/><T46/><D46/><U25/><E25/><N who="2" m="14567" /><F73/><W122/><G122/><T10/><D10/><U113/><E113/><N who="3" m="43018" /><G43/><T111/><D111/><U128/><E128/><V129/><F75/><AGARI ba="3,0" hai="72,74,75,80,84,89,94,96,103,118,119" m="43018" machi="75" ten="30,3900,0" yaku="34,2,52,1" doraHai="83" who="3" fromWho="2" sc="186,0,381,0,268,-48,165,48" />
</Scene>
<Scene>
<INIT seed="2,0,0,1,3,52" ten="186,381,220,213" oya="2" hai0="90,99,2,29,31,50,131,0,32,22,70,103,85" hai1="88,82,98,130,60,41,25,121,122,21,126,91,54" hai2="26,118,69,13,18,101,46,108,72,78,86,73,113" hai3="83,89,74,9,102,93,34,36,105,5,24,128,57"/><V23/><F113/><W97/><G36/><T38/><D38/><U7/><E130/><V79/><F118/><W51/><G128/><T30/><D70/><U65/><E126/><V132/><F69/><W127/><G127/><T10/><D32/><U6/><E41/><V77/><F132/><W61/><G51/><T14/><D22/><U116/><E116/><V114/><F114/><W53/><G34/><T56/><D131/><U71/><E54/><V11/><F108/><W68/><G68/><T19/><D50/><U4/><E82/><V111/><F111/><W76/><G24/><T37/><D37/><U45/><E45/><V15/><F101/><W87/><G9/><T67/><D90/><U16/><E98/><V104/><F104/><W94/><REACH who="3" step="1"/><G5/><REACH who="3" ten="186,381,220,203" step="2"/><T55/><D10/><U109/><E109/><V92/><F46/><W58/><G58/><T64/><D56/><U95/><E6/><V66/><F26/><W8/><G8/><T125/><D125/><U33/><E4/><V27/><F15/><W40/><G40/><T120/><D14/><U135/><E33/><V112/><F112/><W39/><G39/><T17/><D0/><U107/><E71/><V35/><F35/><W63/><G63/><T119/><D2/><U62/><E62/><V28/><F11/><W43/><G43/><T115/><D119/><U133/><E7/><V42/><F42/><W117/><G117/><T59/><D115/><U12/><E12/><V3/><F13/><W134/><G134/><T100/><D59/><U80/><E135/><V124/><F124/><W47/><G47/><RYUUKYOKU ba="0,1" sc="186,-10,381,-10,220,-10,203,30" hai3="53,57,61,74,76,83,87,89,93,94,97,102,105" />
</Scene>
<Scene>
<INIT seed="3,1,1,4,3,56" ten="176,371,210,233" oya="3" hai0="96,74,98,111,44,117,76,40,1,95,125,50,118" hai1="27,29,43,4,35,113,108,81,51,11,92,8,62" hai2="119,13,86,135,82,104,19,115,109,72,122,87,107" hai3="89,26,48,131,101,91,41,97,79,37,93,9,102"/><W85/><G37/><T28/><D1/><U31/><E113/><V130/><F115/><W55/><G131/><T66/><D111/><U20/><E108/><V120/><F119/><W36/><G79/><T126/><D28/><U80/><E31/><V110/><F13/><W23/><G41/><T21/><D21/><U45/><E35/><V88/><F19/><N who="3" m="12671" /><G36/><T5/><D5/><U105/><E105/><N who="2" m="40523" /><F72/><W70/><G70/><T67/><D96/><U123/><E123/><N who="2" m="47147" /><F135/><W103/><G9/><T127/><D76/><U112/><E11/><V64/><F64/><N who="0" m="24618" /><D74/><U128/><E8/><V14/><F14/><W38/><G38/><T15/><D15/><U6/><E128/><V99/><F130/><W132/><G132/><T22/><D22/><U58/><E112/><V49/><F49/><W10/><G10/><T17/><D17/><U0/><E0/><V90/><F99/><W65/><G65/><T106/><D106/><U83/><E4/><V100/><F100/><AGARI ba="1,1" hai="40,44,50,95,98,100,117,118,125,126,127" m="24618" machi="100" ten="30,1000,0" yaku="18,1" doraHai="56" who="0" fromWho="2" sc="176,23,371,0,210,-13,233,0" />
</Scene>
<Scene>
<INIT seed="4,0,0,4,4,63" ten="199,371,197,233" oya="0" hai0="98,10,55,2,84,54,119,8,50,35,126,93,71" hai1="41,65,17,88,38,29,90,58,11,133,113,117,80" hai2="61,46,75,118,13,16,85,76,51,83,66,97,31" hai3="78,91,100,34,36,18,87,49,7,14,108,86,132"/><T28/><D119/><U44/><E117/><V106/><F31/><W52/><G108/><T77/><D71/><U70/><E70/><V131/><F118/><W3/><G36/><T23/><D35/><U12/><E133/><V9/><F131/><W37/><G37/><T99/><D99/><U129/><E129/><V64/><F75/><W15/><G34/><T95/><D126/><U127/><E127/><V116/><F116/><W69/><G69/><T19/><D28/><U0/><E29/><V89/><F61/><W32/><G32/><T110/><D55/><U22/><E80/><V43/><REACH who="2" step="1"/><F89/><REACH who="2" ten="199,371,187,233" step="2"/><W56/><G132/><T125/><D125/><U92/><E88/><V130/><F130/><W62/><G91/><N who="0" m="53479" /><D110/><U30/><E90/><V81/><F81/><W121/><G62/><T105/><D77/><U45/><E30/><V57/><F57/><W5/><G56/><N who="0" m="32855" /><D105/><U68/><E68/><V123/><F123/><W107/><G121/><T124/><D124/><U73/><E58/><V74/><F74/><W134/><G107/><T39/><D2/><U109/><E73/><V114/><F114/><W115/><G115/><T6/><D6/><U60/><E113/><V48/><F48/><W94/><G49/><T101/><D39/><U122/><E122/><V40/><F40/><W24/><G7/><T104/><D104/><U53/><E109/><V42/><F42/><W96/><G78/><T102/><D102/><AGARI ba="0,1" hai="9,13,16,43,46,51,64,66,76,83,85,97,102,106" machi="102" ten="40,8000,1" yaku="1,1,52,2,54,1,53,1" doraHai="63" doraHaiUra="47" who="2" fromWho="0" sc="199,-80,371,0,187,90,233,0" />
</Scene>
<Scene>
<INIT seed="5,0,0,5,3,56" ten="119,371,277,233" oya="1" hai0="90,125,22,20,130,85,115,95,2,92,87,123,28" hai1="113,129,78,49,10,0,6,52,135,119,84,11,51" hai2="60,134,75,94,68,96,131,110,71,53,111,36,66" hai3="117,62,45,30,9,61,37,73,80,54,126,47,77"/><U127/><E119/><V24/><F75/><W124/><G117/><T102/><D123/><U8/><E113/><V46/><F134/><W118/><G118/><T67/><D115/><U21/><E135/><V107/><F107/><W35/><G9/><T132/><D2/><U43/><E129/><V7/><F131/><W23/><G35/><T14/><D130/><U99/><E127/><N who="3" m="48682" /><G37/><T13/><D125/><U89/><E78/><V81/><F71/><W5/><G5/><T64/><D132/><U55/><E43/><V3/><F81/><W100/><G100/><T32/><D32/><U103/><E21/><V39/><F39/><W109/><G109/><T12/><D102/><U97/><E103/><V88/><F24/><N who="3" m="16671" /><G54/><N who="1" m="20522" /><E6/><V40/><REACH who="2" step="1"/><F53/><REACH who="2" ten="119,371,267,233" step="2"/><W83/><G83/><T98/><D95/><N who="1" m="54695" /><E0/><V93/><F93/><W4/><G4/><T91/><D92/><U86/><E86/><V105/><F105/><W42/><G42/><T72/><D72/><U25/><E25/><V26/><F26/><W33/><G33/><T41/><D41/><U122/><E122/><V31/><F31/><W114/><G114/><T50/><D28/><U59/><E59/><V18/><F18/><W128/><G128/><T104/><D104/><U112/><E112/><V82/><F82/><W44/><AGARI ba="0,1" hai="44,45,47,61,62,73,77,80" m="16671,48682" machi="44" ten="30,4000,0" yaku="18,1,52,2" doraHai="56" who="3" fromWho="3" sc="119,-10,371,-20,267,-10,233,50" />
</Scene>
<Scene>
<INIT seed="6,0,0,2,5,33" ten="109,351,257,283" oya="2" hai0="5,47,76,117,116,8,0,134,19,128,132,15,108" hai1="55,109,21,66,20,31,115,80,12,125,98,129,94" hai2="107,29,28,75,112,58,92,39,64,65,63,11,3" hai3="43,88,77,14,37,36,51,103,110,86,105,35,26"/><V30/><F107/><W27/><G110/><T100/><D100/><U127/><E109/><V79/><F39/><W16/><G77/><T13/><D47/><U2/><E2/><V54/><F112/><W70/><G70/><T73/><D73/><U126/><E115/><V67/><F92/><W72/><G72/><T40/><D40/><U10/><E129/><V6/><F75/><W68/><G68/><T9/><D76/><U25/><E80/><V53/><F53/><W113/><G113/><T52/><D52/><U60/><E55/><V48/><REACH who="2" step="1"/><F79/><REACH who="2" ten="109,351,247,283" step="2"/><W78/><G78/><T74/><D74/><U119/><E94/><V111/><F111/><W69/><G37/><T83/><D108/><U4/><E119/><N who="0" m="45641" /><D83/><U41/><E41/><V61/><AGARI ba="0,1" hai="3,6,11,28,29,30,48,54,58,61,63,64,65,67" machi="61" ten="40,7800,0" yaku="1,1,0,1,52,1,53,0" doraHai="33" doraHaiUra="104" who="2" fromWho="2" sc="109,-26,351,-26,247,88,283,-26" />
</Scene>
<Scene>
<INIT seed="6,1,0,1,2,29" ten="83,325,335,257" oya="2" hai0="13,112,77,135,24,45,70,47,80,34,113,18,60" hai1="27,65,61,48,120,6,58,129,23,104,105,12,30" hai2="25,119,79,22,83,97,46,51,99,54,69,90,111" hai3="64,55,35,14,17,36,43,3,88,50,132,63,102"/><V109/><F119/><W114/><G3/><T103/><D135/><U21/><E129/><V7/><F7/><W26/><G102/><T56/><D70/><U75/><E75/><V89/><F69/><W96/><G43/><T20/><D103/><U49/><E120/><V15/><F15/><W84/><G36/><T115/><D13/><U42/><E42/><V38/><F38/><W40/><G40/><T126/><D126/><U125/><E125/><V16/><F97/><W101/><G114/><T39/><D39/><U95/><E95/><V81/><F81/><W19/><G132/><T87/><REACH who="0" step="1"/><D34/><REACH who="0" ten="73,325,335,257" step="2"/><U73/><E12/><V108/><F99/><W2/><G35/><T86/><D86/><AGARI ba="1,1" hai="16,22,25,46,51,54,79,83,86,89,90,108,109,111" machi="86" ten="40,3900,0" yaku="10,1,54,1" doraHai="29" who="2" fromWho="0" sc="73,-42,325,0,335,52,257,0" />
</Scene>
<Scene>
<INIT seed="6,2,0,2,3,31" ten="31,325,387,257" oya="2" hai0="92,50,11,6,106,10,43,65,3,107,117,13,74" hai1="55,124,12,94,103,80,22,0,21,61,1,122,69" hai2="81,130,76,47,88,105,83,96,79,133,24,70,118" hai3="112,4,53,131,101,102,129,16,64,63,109,8,116"/><V108/><F70/><W56/><G109/><T49/><D74/><U58/><E124/><V23/><F118/><W104/><G116/><T45/><D117/><U93/><E69/><V85/><F108/><W134/><G134/><T9/><D65/><U35/><E35/><V39/><F133/><W126/><G126/><T60/><D60/><U75/><E122/><V67/><F67/><W115/><G64/><T91/><D50/><U97/><E93/><V26/><F130/><N who="3" m="49675" /><G104/><T18/><REACH who="0" step="1"/><D11/><REACH who="0" ten="21,325,387,257" step="2"/><U14/><E75/><V121/><F121/><W51/><G63/><T123/><D123/><U87/><E1/><V128/><F128/><W84/><G51/><T28/><D28/><U37/><E0/><V73/><F73/><W38/><G8/><T62/><D62/><U98/><E37/><V111/><F39/><W99/><G38/><T89/><D89/><U2/><E2/><V36/><F36/><W7/><G115/><T41/><D41/><U32/><E61/><V46/><F111/><W66/><G112/><T114/><D114/><U100/><E100/><V135/><F88/><W40/><G101/><T29/><D29/><U59/><E103/><V17/><F135/><W71/><G40/><T113/><D113/><U127/><E127/><V48/><F48/><N who="3" m="30759" /><G66/><T119/><D119/><U120/><E120/><V54/><F54/><W110/><G110/><T77/><D77/><U20/><E55/><V44/><F79/><W33/><G102/><T132/><D132/><U57/><E57/><V72/><F76/><W30/><G30/><T42/><D42/><U82/><E59/><RYUUKYOKU ba="2,1" sc="21,30,325,-10,387,-10,257,-10" hai0="3,6,9,10,13,18,43,45,49,91,92,106,107" />
</Scene>
<Scene>
<INIT seed="7,3,1,5,4,24" ten="51,315,377,247" oya="3" hai0="54,87,1,121,102,38,119,25,33,73,52,118,89" hai1="123,7,16,108,113,125,18,131,55,79,39,13,4" hai2="85,22,57,65,69,99,90,76,128,41,27,115,97" hai3="31,120,29,109,2,46,44,58,91,83,96,82,53"/><W101/><G120/><T124/><D89/><U5/><E39/><V107/><F69/><W88/><G2/><T36/><D87/><U86/><E123/><V10/><F115/><W100/><G109/><T11/><D25/><U49/><E108/><V68/><F68/><W70/><G70/><T42/><D121/><U43/><E113/><V84/><F107/><W111/><G111/><T59/><D1/><U20/><E131/><V37/><F37/><W75/><G75/><T80/><D73/><U56/><E125/><V127/><F127/><W71/><G71/><T48/><D124/><U21/><E43/><V94/><F41/><W104/><G104/><T14/><D42/><U47/><E86/><V15/><F128/><W116/><G116/><T77/><D14/><N who="1" m="9239" /><E79/><V0/><F0/><W106/><G106/><T93/><D77/><U62/><E62/><N who="2" m="38095" /><F84/><N who="3" m="50199" /><G83/><T17/><D80/><U35/><E35/><V92/><F76/><W8/><G8/><T3/><D11/><U126/><E126/><V81/><F81/><W134/><G134/><T129/><D33/><U122/><E122/><V60/><F92/><N who="3" m="56351" /><G100/><T19/><D102/><U132/><E132/><V112/><F112/><W23/><G101/><T130/><D93/><U64/><E64/><V40/><F40/><W30/><G23/><T133/><D3/><U110/><E110/><V78/><F78/><W95/><G95/><T34/><D34/><U63/><E63/><AGARI ba="3,1" hai="29,30,31,44,46,53,58,63" m="56351,50199" machi="63" ten="30,12000,1" yaku="8,1,52,3,54,1" doraHai="24" who="3" fromWho="1" sc="51,0,315,-129,377,0,247,139" owari="51,-45.0,186,-21.0,377,18.0,386,48.0" />
</Scene>
</mjloggm>