<mjloggm ver="2.3"><GO type="169" lobby="0"/><UN n0="%E3%83%AD%E3%83%AA%E3%83%BC%E3%82%BF%E3%81%AA%E7%84%BC%E8%82%89" n1="%E5%8D%9A%E5%BE%92" n2="%E5%8D%97%E6%96%97%E3%83%AC%E3%82%A4%E2%99%AA" n3="%41%53%41%50%49%4E" dan="17,16,18,19" rate="2120.95,2039.84,2140.98,2245.06" sx="M,M,M,M"/><TAIKYOKU oya="0"/>

<Scene>
<INIT seed="0,0,0,1,5,110" ten="250,250,250,250" oya="0" hai0="83,118,106,111,57,27,37,17,129,98,104,21,33" hai1="64,16,60,38,5,133,59,15,109,131,18,25,69" hai2="96,19,102,7,84,8,36,132,128,46,45,77,49" hai3="61,88,10,22,20,125,117,1,79,26,6,89,42"/><T12/><D37/><U103/><E38/><V47/><F36/><W70/><G117/><T91/><D118/><U52/><E109/><V48/><F128/><W63/><G125/><T112/><D111/><U93/><E131/><V2/><F132/><W119/><G119/><T11/><D129/><U121/><E121/><V130/><F130/><W80/><G42/><T115/><D33/><U14/><E133/><V29/><F29/><W28/><G22/><T58/><D58/><N who="1" m="36887" /><E5/><V34/><F34/><W124/><G124/><T108/><D108/><U0/><E69/><V3/><F3/><W31/><G31/><T85/><D57/><U39/><E0/><V65/><F65/><W67/><REACH who="3" step="1"/><G63/><REACH who="3" ten="250,250,250,240" step="2"/><T90/><D106/><U68/><E39/><V53/><F48/><W116/><G116/><T92/><REACH who="0" step="1"/><D104/><REACH who="0" ten="240,250,250,240" step="2"/><U100/><E68/><V126/><F126/><W99/><G99/><T13/><D13/><U95/><E15/><V134/><F96/><W30/><G30/><AGARI ba="0,2" hai="11,12,17,21,27,30,83,85,90,91,92,98,112,115" machi="30" ten="30,11600,0" yaku="1,1,7,1,52,2,53,0" doraHai="110" doraHaiUra="32" who="0" fromWho="3" sc="240,136,250,0,250,0,240,-116" />
</Scene>
<Scene>
<INIT seed="0,1,0,3,2,14" ten="376,250,250,124" oya="0" hai0="110,104,135,59,78,105,18,126,112,133,43,62,27" hai1="124,101,88,44,111,52,123,2,58,28,103,20,39" hai2="57,67,129,86,51,92,109,117,87,48,30,63,91" hai3="11,73,42,99,7,125,134,3,89,127,46,37,75"/><T47/><D112/><U84/><E123/><V119/><F109/><W12/><G134/><N who="0" m="51211" /><D110/><U113/><E2/><V9/><F129/><W50/><G50/><T40/><D78/><U5/><E111/><V49/><F30/><W22/><G89/><T53/><D126/><N who="3" m="48137" /><G99/><T32/><D32/><U108/><E5/><V15/><REACH who="2" step="1"/><F87/><REACH who="2" ten="376,250,240,124" step="2"/><W76/><G73/><T81/><D81/><U66/><E108/><V132/><F132/><W102/><G75/><T41/><D47/><U74/><E74/><V34/><F34/><W121/><G46/><T100/><D100/><U106/><E124/><V77/><F77/><W118/><G76/><T115/><D115/><U90/><E103/><V60/><F60/><W45/><G102/><T29/><D29/><U80/><E101/><V35/><F35/><W72/><G72/><T21/><AGARI ba="1,1" hai="18,21,27,40,41,43,53,59,62,104,105" m="51211" machi="21" ten="40,3900,0" yaku="20,1,52,1" doraHai="14" who="0" fromWho="0" sc="376,52,250,-14,240,-14,124,-14" />
</Scene>
<Scene>
<INIT seed="0,2,0,0,5,70" ten="428,236,226,110" oya="0" hai0="81,68,2,27,60,65,117,59,123,42,97,29,72" hai1="67,104,37,11,90,112,19,83,119,124,75,77,63" hai2="106,5,16,99,20,51,113,12,46,69,80,108,125" hai3="82,85,3,107,49,21,126,134,86,132,118,76,102"/><T133/><D123/><U58/><E119/><V56/><F69/><W8/><G118/><T52/><D117/><U92/><E104/><V53/><F113/><W24/><G126/><T71/><D2/><U18/><E124/><V13/><F125/><W0/><G107/><T57/><D133/><U28/><E112/><V73/><F108/><W130/><G102/><T9/><D9/><U121/><E121/><V62/><F106/><W30/><G130/><T32/><D97/><U35/><E11/><V131/><F131/><W74/><G49/><T87/><D72/><U6/><E6/><V95/><F73/><W7/><REACH who="3" step="1"/><G3/><REACH who="3" ten="428,236,226,100" step="2"/><T15/><D42/><U45/><E35/><V23/><F51/><W128/><G128/><T115/><D115/><U84/><REACH who="1" step="1"/><E28/><REACH who="1" ten="428,226,226,100" step="2"/><V64/><F5/><W93/><G93/><T120/><D120/><U98/><E98/><V41/><F95/><W103/><G103/><T34/><D34/><U78/><E78/><V44/><F99/><W31/><G31/><T88/><REACH who="0" step="1"/><D15/><REACH who="0" ten="418,226,226,100" step="2"/><U14/><E14/><V94/><F12/><W48/><G48/><AGARI ba="2,3" hai="27,29,32,48,52,57,59,60,65,68,71,81,87,88" machi="48" ten="30,18000,2" yaku="1,1,2,1,7,1,54,2,53,1" doraHai="70" doraHaiUra="25" who="0" fromWho="3" sc="418,216,226,0,226,0,100,-186" owari="634,73.0,226,3.0,226,-17.0,-86,-59.0" />
</Scene>
</mjloggm>