<mjloggm ver="2.3"><GO type="169" lobby="0"/><UN n0="%41%53%41%50%49%4E" n1="%6E%61%67%61%6D%6F" n2="%E3%83%8E%E3%83%B3%E3%83%A9%E3%82%B9%E6%89%93%E6%B3%95" n3="%E5%84%84%E4%B8%87%E9%95%B7%E8%80%85" dan="19,16,16,16" rate="2257.58,2084.17,2108.94,2094.52" sx="M,M,M,M"/><TAIKYOKU oya="0"/>

<Scene>
<INIT seed="0,0,0,2,2,54" ten="250,250,250,250" oya="0" hai0="0,69,38,3,91,14,78,20,125,80,74,79,52" hai1="130,63,84,22,76,119,127,118,40,128,134,133,75" hai2="111,85,11,26,58,5,109,95,67,51,41,100,121" hai3="32,23,37,94,123,70,9,115,96,42,66,120,122"/><T60/><D38/><U112/><E40/><V126/><F121/><W88/><G115/><T56/><D125/><U36/><E36/><V73/><F73/><W49/><G32/><T53/><D69/><U44/><E44/><V86/><F126/><W105/><G37/><T12/><D78/><U98/><E22/><V48/><F26/><W116/><G116/><N who="1" m="44586" /><E63/><N who="2" m="38391" /><F100/><W87/><G9/><T83/><D53/><U13/><E13/><N who="2" m="5359" /><F95/><W17/><G105/><T113/><D113/><U71/><E71/><V4/><F4/><W1/><G1/><T27/><D3/><U59/><E59/><V7/><F7/><W92/><G70/><T106/><D106/><U15/><E15/><V18/><F18/><W107/><G107/><T21/><D21/><U64/><E64/><V65/><F65/><W110/><G110/><N who="2" m="41993" /><F51/><W61/><G49/><T33/><D0/><U82/><E112/><V108/><F108/><W104/><G104/><T47/><D33/><U135/><E127/><V19/><F19/><W124/><G124/><T50/><D50/><U28/><E28/><V24/><F24/><N who="3" m="14447" /><G42/><T31/><REACH who="0" step="1"/><D47/><AGARI ba="0,0" hai="41,47,48,85,86" m="41993,5359,38391" machi="47" ten="30,2000,0" yaku="14,1,52,1" doraHai="54" who="2" fromWho="0" sc="250,-20,250,0,250,20,250,0" />
</Scene>
<Scene>
<INIT seed="1,0,0,0,5,81" ten="230,250,270,250" oya="1" hai0="37,28,1,34,38,19,53,49,127,125,43,32,134" hai1="2,26,39,83,42,104,78,15,57,91,68,119,99" hai2="75,17,23,95,12,86,6,102,40,36,76,123,121" hai3="116,135,66,13,109,122,101,72,47,106,126,97,120"/><U85/><E119/><V31/><F75/><W128/><G66/><T131/><D1/><U70/><E2/><V14/><F31/><W62/><G62/><T132/><D43/><U110/><E110/><V93/><F93/><W113/><G47/><T25/><D34/><U124/><E124/><N who="0" m="47689" /><D19/><U88/><E26/><V5/><F102/><W129/><G13/><T133/><D131/><N who="3" m="50249" /><G126/><T54/><D54/><U22/><E57/><AGARI ba="0,0" hai="25,28,32,37,38,49,53,57,132,133,134" m="47689" machi="57" ten="40,2600,0" yaku="20,1,18,1" doraHai="81" who="0" fromWho="1" sc="230,26,250,-26,270,0,250,0" />
</Scene>
<Scene>
<INIT seed="2,0,0,3,3,58" ten="256,224,270,250" oya="2" hai0="57,83,0,47,76,33,101,15,97,40,14,92,108" hai1="132,46,16,115,94,78,44,128,80,70,134,90,106" hai2="88,43,18,61,26,50,127,28,22,11,130,89,38" hai3="65,121,104,64,81,135,114,63,29,19,95,125,53"/><V79/><F127/><W31/><G104/><T73/><D108/><U6/><E6/><V23/><F130/><W117/><G121/><T91/><D33/><U86/><E70/><V10/><F38/><W93/><G117/><T34/><D34/><U5/><E5/><V54/><F79/><W35/><G125/><T56/><D0/><U32/><E32/><V55/><F43/><W102/><G135/><N who="1" m="51754" /><E106/><V100/><F100/><W109/><G109/><T36/><D56/><U7/><E7/><V51/><F51/><W30/><G35/><T4/><D4/><U113/><E128/><V119/><F119/><W116/><G116/><T96/><REACH who="0" step="1"/><D57/><REACH who="0" ten="246,224,270,250" step="2"/><U99/><E115/><V131/><F131/><W42/><G114/><T41/><D41/><U74/><E113/><V27/><F55/><W126/><G126/><T122/><D122/><U82/><E16/><N who="2" m="12615" /><F50/><W13/><G19/><T118/><D118/><U39/><E39/><V9/><F28/><W2/><G29/><T62/><D62/><U112/><E112/><V1/><F1/><W77/><G30/><T84/><D84/><U59/><E59/><AGARI ba="0,1" hai="9,10,11,18,23,27,54,59,61,88,89" m="12615" machi="59" ten="30,11600,0" yaku="8,1,52,1,54,2" doraHai="58" who="2" fromWho="1" sc="246,0,224,-116,270,126,250,0" />
</Scene>
<Scene>
<INIT seed="2,1,0,3,4,40" ten="246,108,396,250" oya="2" hai0="101,26,27,102,89,15,56,30,58,94,17,74,41" hai1="130,14,106,57,88,6,134,96,0,44,113,5,70" hai2="125,11,61,117,91,22,76,42,32,48,69,121,25" hai3="50,10,75,35,54,77,100,114,21,115,28,118,55"/><V1/><F117/><W97/><G118/><T104/><D74/><U49/><E113/><V133/><F121/><W24/><G77/><T59/><D104/><U92/><E70/><V47/><F32/><W126/><G126/><T122/><D122/><U128/><E0/><V16/><F125/><W83/><G83/><T124/><D41/><U79/><E134/><V7/><F133/><W119/><G75/><T80/><D80/><U78/><E106/><V31/><F91/><W93/><G119/><T131/><D131/><N who="1" m="50219" /><E57/><V99/><F99/><W95/><G10/><T60/><D60/><U18/><E79/><V108/><F108/><W123/><G123/><T107/><D107/><U110/><E78/><V29/><REACH who="2" step="1"/><F76/><REACH who="2" ten="246,108,386,250" step="2"/><W34/><G34/><T73/><D89/><U82/><E110/><V37/><F37/><W45/><G35/><T81/><D124/><U98/><E96/><V132/><F132/><W51/><REACH who="3" step="1"/><G95/><REACH who="3" ten="246,108,386,240" step="2"/><T109/><D94/><N who="1" m="56647" /><E82/><V72/><F72/><W120/><G120/><T20/><D73/><U111/><E111/><V63/><F63/><W129/><G129/><T67/><D81/><U43/><E92/><V103/><F103/><W39/><G39/><T87/><D102/><U112/><E112/><V12/><F12/><W46/><AGARI ba="1,2" hai="21,24,28,45,46,50,51,54,55,93,97,100,114,115" machi="46" ten="30,8000,1" yaku="1,1,0,1,9,1,52,2,53,0" doraHai="40" doraHaiUra="105" who="3" fromWho="3" sc="246,-21,108,-21,386,-41,240,103" />
</Scene>
<Scene>
<INIT seed="3,0,0,1,3,11" ten="225,87,345,343" oya="3" hai0="100,120,108,122,104,102,124,111,67,97,85,57,96" hai1="9,107,90,86,99,126,38,82,93,37,42,70,114" hai2="10,32,52,98,27,49,131,103,123,0,88,113,80" hai3="72,53,81,116,3,47,61,39,40,112,34,117,35"/><W79/><G112/><T18/><D67/><U29/><E114/><V45/><F113/><W28/><G53/><T41/><D57/><U60/><E126/><V63/><F131/><W69/><G3/><T24/><D41/><U65/><E107/><V78/><F123/><W132/><G132/><T31/><D18/><U21/><E42/><V30/><F63/><W76/><G76/><T115/><D115/><U56/><E70/><V16/><F0/><W95/><G95/><T44/><D44/><U77/><E9/><V135/><F135/><W51/><G51/><T17/><D17/><U105/><E105/><V92/><F103/><W54/><G54/><T12/><D124/><U66/><E66/><V55/><F55/><W2/><G2/><T33/><D85/><U13/><E13/><V50/><F50/><W4/><G4/><T19/><D97/><U125/><E125/><V68/><F68/><W75/><G75/><T84/><D84/><U59/><E59/><V106/><F106/><W26/><REACH who="3" step="1"/><G35/><REACH who="3" ten="225,87,345,333" step="2"/><T23/><D122/><U127/><E127/><V128/><F78/><W58/><G58/><T46/><D120/><U43/><E43/><V6/><F80/><W134/><G134/><T129/><D33/><U22/><E38/><V110/><F6/><W14/><G14/><T8/><D12/><U15/><E37/><V71/><F71/><W121/><G121/><T118/><D104/><U83/><E83/><V133/><F133/><W73/><G73/><T74/><D74/><U48/><E48/><V91/><F49/><W130/><G130/><T62/><D129/><RYUUKYOKU ba="0,1" sc="225,-10,87,-10,345,-10,333,30" hai3="26,28,34,39,40,47,61,69,72,79,81,116,117" />
</Scene>
<Scene>
<INIT seed="3,1,1,5,0,115" ten="215,77,335,363" oya="3" hai0="6,133,11,45,24,129,65,14,107,35,117,56,99" hai1="26,5,50,124,41,69,59,70,95,21,120,22,52" hai2="76,101,62,75,94,57,110,127,19,112,39,128,123" hai3="46,106,66,135,111,1,103,91,10,102,116,80,16"/><W43/><G135/><T92/><D133/><U96/><E120/><V122/><F39/><W9/><G66/><T27/><D129/><U18/><E124/><V88/><F112/><W15/><G111/><T32/><D107/><U40/><E5/><V49/><F127/><W12/><G1/><T0/><D117/><U78/><E78/><V113/><F113/><W47/><G116/><T125/><D125/><U58/><E69/><V71/><F71/><W61/><G61/><T84/><D84/><U73/><E73/><V20/><F110/><W87/><G106/><T34/><D45/><U74/><E74/><V130/><F101/><W31/><G31/><T68/><D68/><U4/><E4/><V30/><F49/><W72/><G72/><T114/><D114/><U98/><E98/><N who="2" m="57671" /><F76/><W134/><G134/><T82/><D82/><U90/><E70/><V67/><F30/><W17/><G47/><T105/><D105/><U109/><E109/><V121/><F75/><W37/><AGARI ba="1,1" hai="9,10,12,15,16,17,37,43,46,80,87,91,102,103" machi="37" ten="20,7800,0" yaku="0,1,7,1,9,1,54,1" doraHai="115" who="3" fromWho="3" sc="215,-27,77,-27,335,-27,363,91" />
</Scene>
<Scene>
<INIT seed="3,2,0,0,5,86" ten="188,50,308,454" oya="3" hai0="52,34,92,45,94,44,59,15,74,133,120,108,130" hai1="88,125,119,67,82,49,30,54,3,62,18,42,76" hai2="2,81,109,41,84,135,105,128,33,118,16,101,56" hai3="70,69,115,40,72,93,112,48,23,13,37,17,22"/><W58/><G72/><T0/><D108/><U26/><E3/><V61/><F118/><W25/><G115/><T10/><D120/><U66/><E125/><V110/><F33/><W79/><G79/><T100/><D34/><U7/><E7/><V132/><F2/><W102/><G37/><T85/><D74/><U5/><E5/><V27/><F41/><W127/><G127/><T95/><D0/><U126/><E42/><V89/><F128/><W29/><G112/><T57/><D133/><N who="2" m="51274" /><F101/><W11/><G11/><T9/><D130/><U134/><E134/><V122/><F105/><W83/><G83/><T51/><D100/><U71/><E66/><N who="2" m="39207" /><F122/><W123/><G123/><T8/><D15/><U77/><E126/><V117/><F117/><W78/><G78/><T121/><D121/><U80/><E119/><V87/><F84/><W36/><G36/><T97/><D97/><U53/><E77/><V65/><F65/><W111/><G111/><T12/><D12/><U28/><E76/><V60/><F60/><W129/><G129/><T20/><D85/><U124/><E124/><V64/><F64/><W98/><G40/><T116/><D116/><U24/><E67/><V63/><F63/><W104/><G104/><T73/><D73/><U47/><E62/><V131/><F131/><W103/><G103/><T39/><D39/><U99/><E99/><V91/><F91/><W21/><G70/><T32/><D32/><U43/><E71/><V6/><F6/><W106/><G69/><T35/><D35/><U38/><E88/><V75/><F75/><W68/><G68/><RYUUKYOKU ba="2,0" sc="188,-10,50,-10,308,30,454,-10" hai2="16,27,81,87,89,109,110" />
</Scene>
<Scene>
<INIT seed="4,3,0,4,0,28" ten="178,40,338,444" oya="0" hai0="81,87,110,111,78,43,30,51,41,49,71,115,10" hai1="107,19,54,90,116,29,25,135,92,31,33,88,14" hai2="99,79,56,0,55,98,134,93,58,65,40,97,24" hai3="85,124,13,5,21,11,12,34,127,86,1,131,48"/><T94/><D71/><U84/><E116/><V67/><F0/><W36/><G36/><T114/><D10/><U53/><E135/><V6/><F134/><W64/><G131/><T112/><D30/><U18/><E107/><V76/><F6/><W72/><G72/><T57/><D94/><U37/><E37/><V15/><F40/><N who="0" m="15434" /><D57/><N who="2" m="22122" /><F55/><W105/><G105/><T2/><D2/><U133/><E133/><V83/><F24/><W103/><G103/><T22/><D22/><U101/><E101/><V66/><F15/><W17/><G64/><T60/><D60/><U39/><E39/><V73/><F73/><W130/><G48/><AGARI ba="3,0" hai="48,49,51,78,81,87,110,111,112,114,115" m="15434" machi="48" ten="40,2000,0" yaku="15,1" doraHai="28" who="0" fromWho="3" sc="178,29,40,0,338,0,444,-29" />
</Scene>
<Scene>
<INIT seed="4,4,0,1,3,103" ten="207,40,338,415" oya="0" hai0="60,114,31,55,126,49,95,39,93,10,128,130,76" hai1="81,88,107,5,7,77,64,21,26,100,72,101,11" hai2="121,110,92,131,43,13,61,51,115,85,56,0,122" hai3="74,3,24,89,35,94,91,90,47,12,109,96,84"/><T48/><D39/><U87/><E64/><V135/><F0/><W8/><G74/><T120/><D120/><U38/><E38/><V67/><F110/><W4/><G109/><T123/><D123/><U34/><E34/><V45/><F115/><W132/><G132/><T69/><D114/><U37/><E37/><V112/><F112/><W133/><G133/><T73/><D126/><U42/><E42/><V125/><F135/><W113/><G113/><T16/><D31/><U14/><E5/><V108/><F108/><W97/><G3/><T102/><D76/><U63/><E63/><V68/><F125/><W9/><G9/><T134/><D73/><U23/><E23/><V79/><F131/><N who="0" m="50218" /><D134/><U32/><E32/><V66/><F66/><W20/><G35/><T19/><D48/><U1/><E107/><V2/><F68/><W127/><G47/><T27/><D27/><U118/><E118/><V116/><F116/><W104/><G127/><T99/><D10/><U71/><E71/><V54/><F79/><W57/><G57/><N who="0" m="33007" /><D93/><U86/><E1/><V22/><F2/><W30/><G104/><T18/><D60/><U119/><E72/><V59/><F122/><W17/><G30/><T62/><D62/><U25/><E25/><V129/><F129/><W111/><G111/><T80/><D69/><U15/><E15/><V58/><F121/><W50/><G50/><T83/><AGARI ba="4,0" hai="16,18,19,80,83,95,99,102" m="33007,50218" machi="83" ten="40,3900,0" yaku="19,1,54,1" doraHai="103" who="0" fromWho="0" sc="207,51,40,-17,338,-17,415,-17" />
</Scene>
<Scene>
<INIT seed="4,5,0,3,5,52" ten="258,23,321,398" oya="0" hai0="5,111,55,121,112,58,122,53,72,23,48,63,99" hai1="118,11,84,73,35,123,47,93,45,38,68,114,83" hai2="49,88,124,61,28,104,44,31,69,22,36,39,26" hai3="87,86,130,46,7,90,120,135,131,108,16,10,13"/><T94/><D72/><U56/><E123/><V64/><F104/><W25/><G120/><T2/><D112/><U132/><E118/><V1/><F1/><W19/><G108/><T92/><D111/><U24/><E68/><V43/><F124/><W97/><G135/><T18/><D5/><U57/><E73/><V67/><F67/><W62/><G97/><T50/><D2/><U27/><E132/><V15/><F31/><W74/><G74/><T76/><D76/><U101/><E114/><V12/><F12/><W40/><G62/><T113/><D113/><U9/><E38/><V103/><F103/><W105/><G105/><T54/><D121/><U126/><E35/><V71/><F71/><W91/><G87/><T116/><D116/><U96/><E126/><V115/><F115/><W80/><G90/><N who="0" m="55703" /><D94/><U100/><E93/><V30/><F88/><W65/><G65/><N who="0" m="39159" /><D122/><U107/><E107/><V42/><F39/><W60/><G60/><T102/><D102/><U95/><E95/><V41/><F36/><W89/><G89/><T106/><D106/><U85/><REACH who="1" step="1"/><E83/><REACH who="1" ten="258,13,321,398" step="2"/><V66/><F69/><W133/><G133/><T0/><D0/><U119/><E119/><V79/><F66/><W134/><G134/><T29/><D29/><U20/><E20/><V125/><F30/><W4/><G80/><T34/><D34/><U37/><E37/><V75/><F125/><W59/><G10/><T32/><D32/><U81/><E81/><V77/><F75/><W110/><G110/><T33/><D33/><U98/><AGARI ba="5,1" hai="9,11,24,27,45,47,56,57,84,85,96,98,100,101" machi="98" ten="25,12000,2" yaku="1,1,0,1,22,2,8,1,52,2,53,0" doraHai="52" doraHaiUra="78" who="1" fromWho="1" sc="258,-65,13,145,321,-35,398,-35" />
</Scene>
<Scene>
<INIT seed="5,0,0,5,0,111" ten="193,158,286,363" oya="1" hai0="76,92,53,89,133,49,78,63,42,38,112,45,120" hai1="85,41,31,2,135,5,82,126,87,9,32,58,48" hai2="18,35,122,50,101,7,113,60,100,114,110,107,30" hai3="127,94,6,43,73,10,93,11,105,44,96,79,46"/><U66/><E126/><V97/><F110/><W36/><G127/><T128/><D133/><U108/><E108/><V56/><F122/><W54/><G11/><T15/><D120/><U98/><E135/><V25/><F7/><W55/><G105/><T64/><D128/><U34/><E85/><V75/><F75/><W88/><G93/><T59/><D15/><U68/><E68/><V119/><F119/><W61/><G61/><T52/><D112/><N who="2" m="43114" /><F50/><W23/><G23/><T67/><D53/><U27/><E34/><V117/><F117/><W71/><G46/><T95/><D67/><U102/><E66/><N who="2" m="39175" /><F18/><W80/><G71/><T39/><D39/><U1/><E41/><V132/><F101/><W65/><G65/><T91/><D64/><U47/><E47/><V12/><F12/><AGARI ba="0,0" hai="6,10,12,36,43,44,54,55,73,79,80,88,94,96" machi="12" ten="30,2000,0" yaku="7,1,54,1" doraHai="111" who="3" fromWho="2" sc="193,0,158,0,286,-20,363,20" />
</Scene>
<Scene>
<INIT seed="6,0,0,4,1,92" ten="193,158,266,383" oya="2" hai0="63,85,4,105,120,42,17,7,94,125,129,36,76" hai1="64,13,50,123,82,71,45,122,95,16,74,93,53" hai2="90,49,115,70,132,51,2,108,127,117,73,62,113" hai3="34,57,8,5,44,110,88,18,38,83,128,27,68"/><V116/><F2/><W9/><G68/><T41/><D120/><N who="1" m="46123" /><E71/><V52/><F90/><W35/><G110/><T21/><D105/><U40/><E64/><N who="2" m="41239" /><F73/><W107/><G107/><T19/><D129/><U39/><E74/><V102/><F102/><W99/><G128/><T3/><D125/><U15/><E15/><V33/><F33/><W97/><G57/><T61/><D3/><U119/><E119/><N who="2" m="45643" /><F127/><W87/><G35/><T77/><D36/><U6/><E6/><V24/><F24/><W75/><G75/><T79/><D7/><U37/><E82/><V32/><F32/><W67/><G67/><T29/><D4/><U11/><E39/><V114/><F132/><W135/><G135/><T133/><D133/><U30/><E30/><V134/><F134/><W58/><G58/><AGARI ba="0,0" hai="11,13,16,37,40,45,50,53,58,93,95" m="46123" machi="58" ten="30,2000,0" yaku="13,1,54,1" doraHai="92" who="1" fromWho="3" sc="193,0,158,20,266,0,383,-20" />
</Scene>
<Scene>
<INIT seed="7,0,0,0,3,99" ten="193,178,266,363" oya="3" hai0="8,100,127,105,25,65,33,97,102,42,98,34,71" hai1="29,88,77,66,134,13,111,73,17,122,121,1,18" hai2="31,27,20,82,49,124,116,129,51,128,7,59,64" hai3="72,94,37,130,92,5,44,38,23,108,75,135,101"/><W81/><G5/><T80/><D127/><U112/><E111/><V47/><F116/><W119/><G23/><T22/><D42/><U52/><E1/><V57/><F124/><W55/><G55/><T132/><D132/><U68/><E29/><V30/><F7/><W0/><G44/><T21/><D8/><U103/><E134/><V10/><F10/><W95/><G81/><T48/><D48/><U91/><E112/><V61/><F82/><W96/><G0/><T2/><D2/><U45/><E73/><V26/><F57/><W114/><G114/><T3/><D3/><U126/><E126/><V43/><REACH who="2" step="1"/><F49/><REACH who="2" ten="193,178,256,363" step="2"/><W62/><G119/><T106/><D80/><U36/><E36/><V67/><F67/><W125/><G125/><T84/><D65/><U28/><E66/><V107/><F107/><W115/><G135/><T19/><D71/><U39/><E39/><V90/><F90/><W110/><G38/><T70/><D70/><U16/><E68/><V131/><F131/><W32/><G37/><T78/><D105/><U123/><E77/><V50/><F50/><W104/><G104/><N who="0" m="63503" /><D78/><U56/><E45/><V118/><F118/><W40/><G130/><T83/><D83/><U4/><E4/><V11/><F11/><W60/><G110/><T46/><D46/><U109/><E109/><V120/><F120/><W53/><G108/><T69/><D69/><U79/><E79/><V63/><F63/><W86/><G62/><T54/><D106/><U87/><E13/><V74/><F74/><W58/><G72/><T41/><D25/><U24/><E123/><RYUUKYOKU ba="0,1" sc="193,-10,178,-10,256,30,363,-10" hai2="20,26,27,30,31,43,47,51,59,61,64,128,129" owari="183,-22.0,168,-33.0,286,9.0,363,46.0" />
</Scene>
</mjloggm>