<mjloggm ver="2.3"><GO type="169" lobby="0"/><UN n0="%E3%83%81%E3%83%BC%E3%82%BF%E3%83%BC" n1="%E3%81%95%E3%82%80%E3%81%8A" n2="%4B%2D%6D%61%73%6B" n3="%41%53%41%50%49%4E" dan="17,16,16,19" rate="2170.80,2063.81,2075.73,2252.68" sx="M,M,M,M"/><TAIKYOKU oya="0"/>

<Scene>
<INIT seed="0,0,0,3,2,114" ten="250,250,250,250" oya="0" hai0="120,116,110,126,61,35,122,46,127,49,125,93,5" hai1="38,81,72,37,34,1,121,63,112,113,64,62,22" hai2="76,109,130,106,101,88,108,47,129,53,135,17,123" hai3="19,96,42,99,57,0,133,78,54,128,28,111,39"/><T12/><D35/><U51/><E34/><V7/><F123/><W94/><G111/><N who="2" m="42569" /><F135/><W50/><G133/><T30/><D30/><U103/><E1/><V32/><F32/><W67/><G128/><N who="2" m="49257" /><F76/><W134/><G28/><T87/><D110/><U124/><E121/><V86/><F7/><W79/><G78/><T83/><D93/><U85/><E72/><V43/><F53/><W74/><G54/><T115/><D115/><N who="1" m="44107" /><E124/><V24/><F101/><W91/><G79/><N who="0" m="46591" /><D61/><N who="1" m="23051" /><E103/><V20/><F106/><W75/><G74/><T16/><D5/><U26/><E64/><V4/><F4/><W59/><G67/><T73/><D73/><U92/><E92/><N who="2" m="54295" /><F47/><W56/><G75/><T97/><D122/><U8/><E8/><V107/><F107/><W25/><G134/><T2/><D120/><U21/><E21/><V10/><F10/><W119/><G94/><T132/><D132/><U48/><E81/><V44/><F44/><W70/><G0/><T40/><D2/><U98/><E98/><V36/><F43/><W89/><G42/><T23/><D97/><U13/><E85/><V60/><F60/><W104/><G99/><T65/><D65/><U102/><E102/><V33/><F33/><W117/><G96/><T14/><D14/><U82/><E82/><V68/><F68/><W131/><G70/><T3/><D3/><U11/><E13/><V31/><F36/><N who="1" m="13929" /><E11/><V9/><F9/><W52/><G131/><T15/><D15/><U100/><E100/><V18/><AGARI ba="0,0" hai="17,18,20,24,31" m="54295,49257,42569" machi="18" ten="40,5200,0" yaku="14,1,19,1,54,1" doraHai="114" who="2" fromWho="2" sc="250,-26,250,-13,250,52,250,-13" />
</Scene>
<Scene>
<INIT seed="1,0,0,5,4,66" ten="224,237,302,237" oya="1" hai0="102,46,17,98,103,54,15,89,84,9,122,114,27" hai1="4,16,111,95,48,22,82,11,83,61,51,124,20" hai2="107,58,33,119,37,105,55,35,24,72,75,79,36" hai3="101,110,7,109,108,64,120,129,91,32,47,57,23"/><U14/><E124/><V65/><F119/><W94/><G120/><T67/><D122/><U123/><E123/><V92/><F92/><W3/><G32/><N who="2" m="12361" /><F55/><W99/><G129/><T8/><D114/><U100/><E111/><V29/><F58/><W41/><G23/><N who="1" m="8746" /><E61/><V117/><F24/><W1/><G7/><T5/><D27/><U0/><E0/><V76/><F29/><W71/><G57/><T19/><D67/><U86/><E4/><V93/><F93/><W34/><G91/><T104/><D103/><U134/><E134/><V21/><F21/><W78/><G78/><N who="2" m="29737" /><F65/><W106/><G94/><T40/><D54/><U112/><E112/><V60/><F60/><N who="3" m="40327" /><G34/><T26/><D26/><U53/><E100/><V77/><F77/><W62/><G62/><T31/><D31/><U113/><E113/><V90/><F90/><W30/><G30/><T127/><D9/><U88/><E51/><AGARI ba="0,0" hai="1,3,41,47,51,99,101,106,108,109,110" m="40327" machi="51" ten="30,2000,0" yaku="14,1,52,1" doraHai="66" who="3" fromWho="1" sc="224,0,237,-20,302,0,237,20" />
</Scene>
<Scene>
<INIT seed="2,0,0,4,3,21" ten="224,217,302,257" oya="2" hai0="100,23,109,4,122,97,6,76,75,68,73,105,71" hai1="95,51,27,87,101,11,10,41,77,131,7,92,34" hai2="83,69,19,64,132,111,108,94,31,13,110,22,5" hai3="40,66,117,118,29,59,102,119,130,42,72,26,134"/><V114/><F114/><W65/><G72/><T61/><D122/><U91/><E11/><N who="2" m="4335" /><F83/><W121/><G121/><T52/><D109/><U0/><E131/><V15/><F94/><W46/><G134/><T120/><D120/><U96/><E77/><V93/><F93/><W53/><G130/><T33/><D33/><U74/><E74/><V125/><F64/><W115/><G102/><T17/><D75/><U18/><E41/><V98/><F98/><W16/><G115/><T124/><D124/><U90/><E51/><V81/><F81/><W107/><G107/><T49/><D76/><U39/><E39/><V67/><F67/><W62/><G42/><T123/><D73/><U50/><E50/><V37/><F69/><W43/><G43/><T80/><D80/><U44/><E44/><V82/><F82/><W54/><G66/><T133/><D133/><U30/><REACH who="1" step="1"/><E18/><REACH who="1" ten="224,207,302,257" step="2"/><V57/><F37/><W88/><G16/><T60/><D123/><U112/><E112/><V63/><F132/><W58/><G117/><T86/><D6/><U32/><E32/><V24/><F125/><W28/><G118/><T3/><D4/><U89/><AGARI ba="0,1" hai="0,7,10,27,30,34,87,89,90,91,92,95,96,101" machi="89" ten="30,4000,0" yaku="1,1,0,1,52,1,53,0" doraHai="21" doraHaiUra="8" who="1" fromWho="1" sc="224,-10,207,50,302,-20,257,-10" />
</Scene>
<Scene>
<INIT seed="3,0,0,1,1,104" ten="214,257,282,247" oya="3" hai0="30,53,123,117,107,49,23,100,82,44,103,62,119" hai1="127,18,17,36,71,27,131,99,54,39,45,121,94" hai2="91,40,9,130,69,20,28,85,13,21,51,126,4" hai3="133,32,61,101,46,2,10,74,50,78,34,41,7"/><W129/><G129/><T57/><D123/><U52/><E71/><V66/><F126/><W87/><G133/><T31/><D117/><U65/><E65/><V59/><F69/><W19/><G87/><T106/><D119/><U16/><E131/><V38/><F38/><N who="3" m="21815" /><BYE who="1" /><G19/><T73/><D107/><U15/><E15/><V76/><F130/><W122/><G122/><T63/><D63/><U83/><E83/><N who="2" m="47335" /><F28/><UN n1="%E3%81%95%E3%82%80%E3%81%8A" /><W42/><G101/><T12/><D106/><U124/><E121/><V55/><F66/><W75/><G75/><T64/><D30/><U11/><E11/><V96/><F40/><W89/><G89/><T1/><D1/><U29/><E39/><V98/><F91/><W37/><G50/><T80/><D73/><U84/><E84/><V33/><F33/><W97/><G61/><T70/><D70/><U72/><E72/><V8/><F8/><W81/><G97/><AGARI ba="0,0" hai="4,9,13,20,21,51,55,59,96,97,98" m="47335" machi="97" ten="30,1000,0" yaku="8,1" doraHai="104" who="2" fromWho="3" sc="214,0,257,0,282,10,247,-10" />
</Scene>
<Scene>
<INIT seed="4,0,0,0,5,57" ten="214,257,292,237" oya="0" hai0="107,129,69,105,22,132,100,81,33,112,101,103,92" hai1="82,49,108,28,1,111,85,80,122,94,76,10,31" hai2="13,46,96,117,59,23,45,77,109,67,95,40,55" hai3="84,90,115,16,0,114,27,64,30,116,60,7,66"/><T123/><D69/><U128/><E122/><V121/><F109/><W110/><G110/><T75/><D33/><U32/><E32/><V11/><F121/><W39/><G39/><T14/><D123/><U35/><E35/><V43/><F117/><W54/><G116/><T4/><D112/><N who="3" m="43049" /><G30/><T24/><D129/><U127/><E128/><V50/><F77/><W9/><G54/><T12/><D92/><U48/><E1/><V17/><F11/><W74/><G74/><T47/><D132/><U56/><E10/><V119/><F119/><W118/><G118/><T18/><D47/><N who="2" m="17930" /><F67/><W131/><G131/><T78/><REACH who="0" step="1"/><D4/><REACH who="0" ten="204,257,292,237" step="2"/><U68/><E68/><V21/><F21/><N who="3" m="13735" /><G7/><T63/><D63/><U113/><E113/><V42/><F95/><N who="3" m="54727" /><G9/><T37/><D37/><U15/><E111/><V133/><F133/><W70/><G64/><T91/><D91/><U99/><E108/><V88/><F88/><W71/><G71/><T98/><D98/><AGARI ba="0,1" hai="13,17,23,40,42,43,50,55,59,96,98" m="17930" machi="98" ten="30,1000,0" yaku="8,1" doraHai="57" who="2" fromWho="0" sc="204,-10,257,0,292,20,237,0" />
</Scene>
<Scene>
<INIT seed="5,0,0,3,3,86" ten="194,257,312,237" oya="1" hai0="11,104,90,76,113,73,102,71,7,44,88,68,105" hai1="21,121,106,45,65,128,22,31,30,130,1,27,40" hai2="119,100,75,58,98,51,38,42,120,4,69,129,37" hai3="96,20,23,70,8,80,54,19,50,109,118,14,114"/><U101/><E1/><V55/><F119/><W127/><G109/><T92/><D113/><U17/><E65/><V63/><F120/><W32/><G114/><T46/><D73/><U48/><E121/><V61/><F75/><W18/><G70/><T108/><D76/><U41/><E41/><V84/><F4/><W43/><G127/><T133/><D108/><U112/><E112/><V36/><F129/><W131/><G131/><N who="1" m="50218" /><E22/><V97/><F84/><W78/><G32/><T135/><D92/><U62/><E62/><V103/><F69/><N who="0" m="26698" /><D102/><U53/><E40/><V82/><F82/><W29/><G43/><T67/><D67/><U87/><E87/><V25/><F42/><W89/><G118/><T77/><D77/><U64/><E64/><V16/><F103/><W12/><G78/><T93/><D93/><U3/><E3/><V126/><F98/><AGARI ba="0,0" hai="17,21,27,30,31,45,48,53,98,101,106" m="50218" machi="98" ten="30,1500,0" yaku="19,1" doraHai="86" who="1" fromWho="2" sc="194,0,257,15,312,-15,237,0" />
</Scene>
<Scene>
<INIT seed="5,1,0,4,4,53" ten="194,272,297,237" oya="1" hai0="22,132,85,0,105,29,4,1,89,92,74,104,84" hai1="65,72,79,63,52,55,80,56,99,2,15,44,35" hai2="103,133,109,75,119,76,116,95,135,49,42,57,11" hai3="30,86,17,12,33,91,66,82,98,127,73,25,41"/><U108/><E2/><V3/><F109/><W69/><G127/><T120/><D29/><U59/><E35/><V94/><F3/><W37/><G73/><T97/><D22/><U88/><E108/><V122/><F11/><W81/><G37/><T26/><D26/><U124/><E124/><V38/><F38/><W117/><G41/><T114/><D1/><U43/><E15/><V27/><F27/><W130/><G130/><T125/><D125/><U102/><E88/><V40/><F75/><W61/><G117/><T111/><D4/><U54/><E43/><V100/><F49/><W126/><G126/><T118/><D0/><U129/><E44/><V21/><F21/><W32/><G98/><T8/><D8/><U39/><E39/><V134/><F76/><W58/><G33/><T23/><D23/><U24/><E24/><V6/><F6/><W31/><G31/><T131/><D118/><U93/><E129/><V28/><F135/><W107/><G107/><N who="0" m="41035" /><D111/><U90/><REACH who="1" step="1"/><E102/><REACH who="1" ten="194,262,297,237" step="2"/><V67/><F103/><W10/><G25/><T51/><D131/><U77/><E77/><V46/><F100/><W7/><G32/><T70/><D89/><U36/><E36/><V48/><F42/><W50/><G91/><T110/><D110/><U128/><E128/><V78/><F40/><W14/><G14/><T112/><D132/><U45/><E45/><V96/><F134/><W101/><G12/><T13/><D13/><U18/><E18/><V115/><F133/><W123/><G17/><T19/><D19/><U121/><E121/><V64/><F122/><W71/><G123/><RYUUKYOKU ba="1,1" sc="194,-10,262,30,297,-10,237,-10" hai1="52,54,55,56,59,63,65,72,79,80,90,93,99" />
</Scene>
<Scene>
<INIT seed="5,2,1,0,4,38" ten="184,292,287,227" oya="1" hai0="119,104,41,33,62,120,87,24,131,56,5,84,70" hai1="37,21,79,26,81,15,97,63,48,88,86,51,135" hai2="46,90,123,18,2,94,50,28,4,89,10,83,49" hai3="17,7,114,122,76,64,43,8,66,45,132,1,32"/><U85/><E37/><V25/><F123/><W133/><G122/><T55/><D119/><U82/><E135/><N who="3" m="51786" /><G114/><T40/><D104/><U34/><E34/><V35/><F83/><W53/><G53/><T115/><D120/><U58/><E15/><V68/><F68/><W36/><G32/><T124/><D5/><U111/><E97/><V74/><F74/><W91/><G17/><T67/><D115/><U11/><E11/><V116/><F116/><W102/><G102/><T106/><D106/><U16/><E111/><V22/><F94/><W101/><G101/><T42/><D131/><U54/><AGARI ba="2,1" hai="16,21,26,48,51,54,58,63,79,81,82,85,86,88" machi="54" ten="20,12000,1" yaku="0,1,7,1,8,1,54,2" doraHai="38" who="1" fromWho="1" sc="184,-42,292,136,287,-42,227,-42" />
</Scene>
<Scene>
<INIT seed="5,3,0,0,4,41" ten="142,428,245,185" oya="1" hai0="45,102,70,32,95,35,128,6,109,72,92,115,12" hai1="49,98,36,10,55,132,57,24,80,30,1,27,73" hai2="68,65,81,103,122,78,85,108,133,75,113,104,106" hai3="127,124,135,53,25,120,62,29,130,48,91,134,117"/><U40/><E132/><N who="3" m="50730" /><G91/><T50/><D70/><U0/><E98/><V67/><F133/><W19/><G120/><T129/><D72/><U39/><E27/><V21/><F108/><W17/><G62/><T47/><D109/><U59/><E59/><V93/><F122/><W123/><G123/><T76/><D76/><U118/><E118/><V66/><F68/><W7/><G117/><T107/><D107/><U13/><E73/><V97/><F113/><W38/><G38/><T31/><D50/><U114/><E80/><V14/><REACH who="2" step="1"/><F75/><REACH who="2" ten="142,428,235,185" step="2"/><W20/><G130/><T126/><D115/><U15/><E114/><V69/><F69/><W110/><G110/><T54/><D129/><U77/><E1/><V61/><F61/><W58/><G7/><T96/><D128/><U83/><E0/><V2/><F2/><W125/><AGARI ba="3,1" hai="17,19,20,25,29,48,53,58,124,125,127" m="50730" machi="125" ten="40,2700,0" yaku="18,1,20,1" doraHai="41" who="3" fromWho="3" sc="142,-10,428,-16,235,-10,185,46" />
</Scene>
<Scene>
<INIT seed="6,0,0,1,5,14" ten="132,412,225,231" oya="2" hai0="42,39,22,68,57,105,40,119,34,106,53,23,61" hai1="101,103,67,45,32,52,112,131,71,115,37,35,27" hai2="54,29,116,1,102,74,121,81,33,63,12,79,20" hai3="86,38,4,123,108,55,65,21,109,13,114,76,56"/><V126/><F121/><W70/><G123/><T5/><D34/><U84/><E131/><V82/><F116/><W91/><G38/><T104/><D119/><U0/><E0/><V8/><F126/><W59/><G76/><T69/><D5/><U18/><E84/><V25/><F102/><W46/><G46/><T47/><D42/><U3/><E3/><V98/><F98/><W24/><G70/><T16/><REACH who="0" step="1"/><D23/><REACH who="0" ten="122,412,225,231" step="2"/><U96/><E32/><V15/><F33/><W94/><G21/><T85/><D85/><U135/><E35/><V129/><F129/><W88/><G86/><T9/><D9/><U30/><E96/><V11/><F11/><W111/><G4/><T73/><D73/><U134/><E134/><V83/><F1/><W117/><G117/><T19/><D19/><U66/><E18/><V6/><F15/><AGARI ba="0,1" hai="15,16,22,39,40,47,53,57,61,68,69,104,105,106" machi="15" ten="40,5200,0" yaku="1,1,52,1,54,1,53,0" doraHai="14" doraHaiUra="95" who="0" fromWho="2" sc="122,62,412,0,225,-52,231,0" />
</Scene>
<Scene>
<INIT seed="7,0,0,5,0,25" ten="184,412,173,231" oya="3" hai0="51,89,68,21,73,9,94,123,43,40,83,42,120" hai1="76,77,61,66,130,52,59,127,18,79,27,70,124" hai2="62,4,109,84,71,115,47,101,60,92,16,82,112" hai3="122,110,131,104,81,34,35,87,33,23,17,57,72"/><W126/><G122/><T113/><D68/><U45/><E130/><V24/><F109/><W135/><G104/><T10/><D113/><N who="2" m="43594" /><F4/><W90/><G72/><T2/><D2/><U106/><E106/><V107/><F107/><W20/><G35/><T67/><D67/><U14/><E27/><V97/><F71/><W132/><G34/><T50/><D21/><U116/><E45/><V31/><F16/><W44/><G17/><T22/><D22/><U75/><E116/><V13/><F13/><W121/><G20/><T118/><D118/><U39/><E39/><V53/><F47/><W98/><G44/><T19/><D73/><U100/><E100/><V41/><F41/><W55/><G23/><T48/><D83/><U15/><E75/><V46/><F24/><W1/><G1/><T64/><D64/><U26/><E26/><V117/><F31/><W38/><G33/><T7/><D19/><U105/><E105/><V95/><F95/><W96/><G110/><T65/><D65/><U8/><E15/><V114/><N who="2" m="43602" /><V133/><DORA hai="0" /><F133/><W32/><G135/><T103/><D103/><U29/><E29/><V54/><F117/><W85/><G132/><T80/><D80/><U99/><E99/><V102/><F102/><W28/><G81/><T111/><D111/><U91/><E91/><N who="2" m="51607" /><F46/><W49/><G32/><T5/><D5/><U108/><E108/><V125/><F125/><W78/><G126/><T69/><D69/><U58/><E70/><V63/><AGARI ba="0,0" hai="53,54,60,62,63,92,97,101" m="51607,43602" machi="63" ten="50,1600,0" yaku="15,1" doraHai="25,0" who="2" fromWho="2" sc="184,-4,412,-4,173,16,231,-8" owari="180,-32.0,408,51.0,189,-21.0,223,2.0" />
</Scene>
</mjloggm>