<mjloggm ver="2.3"><GO type="169" lobby="0"/><UN n0="%E7%8B%AC%E6%AD%A9" n1="%41%53%41%50%49%4E" n2="%E5%86%97%E8%AB%87%E7%AC%91%E6%AD%A2%EF%BC%81" n3="%6B%6F%67%65%70%61%6E" dan="18,19,17,18" rate="2202.02,2257.52,2113.43,2262.12" sx="M,M,M,M"/><TAIKYOKU oya="0"/>

<Scene>
<INIT seed="0,0,0,3,2,49" ten="250,250,250,250" oya="0" hai0="43,108,57,82,122,101,2,7,24,15,56,105,98" hai1="74,96,116,69,4,32,17,135,50,34,83,90,72" hai2="92,117,73,18,31,130,16,114,123,125,110,119,37" hai3="45,124,62,89,129,41,6,84,64,11,103,10,5"/><T20/><D122/><U85/><E116/><V21/><F92/><W23/><G124/><T118/><D118/><N who="2" m="45066" /><F37/><W81/><G129/><T121/><D121/><U78/><E69/><V13/><F73/><W70/><G103/><T126/><D2/><U95/><E135/><V113/><F123/><W77/><G23/><T61/><D126/><U36/><E36/><V102/><F102/><W111/><G111/><T76/><D43/><U51/><E4/><V80/><F80/><W71/><G71/><T22/><D108/><U54/><E51/><V30/><F110/><W107/><G107/><T52/><D57/><U94/><E17/><V44/><F44/><W60/><G60/><T97/><D97/><U87/><E72/><V75/><F75/><W79/><G6/><T39/><D39/><U38/><E38/><V66/><F66/><W0/><G11/><T29/><D7/><U112/><E112/><N who="2" m="43115" /><F130/><W59/><G70/><T65/><D65/><U134/><E74/><V128/><F128/><W127/><G127/><T3/><D3/><U115/><E115/><V106/><F106/><W47/><G41/><T33/><REACH who="0" step="1"/><D15/><REACH who="0" ten="240,250,250,250" step="2"/><U19/><E96/><V91/><F125/><W42/><G42/><T28/><D28/><U55/><E134/><V133/><F133/><W48/><G47/><T67/><D67/><U9/><E19/><V25/><F30/><W14/><G0/><T1/><D1/><U26/><E55/><V35/><F18/><W53/><AGARI ba="0,1" hai="5,10,14,45,48,53,59,62,64,77,79,81,84,89" machi="53" ten="20,5200,0" yaku="0,1,7,1,8,1,52,1" doraHai="49" who="3" fromWho="3" sc="240,-26,250,-13,250,-13,250,62" />
</Scene>
<Scene>
<INIT seed="1,0,0,3,1,22" ten="214,237,237,312" oya="1" hai0="48,135,23,35,39,18,70,105,80,27,98,69,102" hai1="41,99,87,133,75,33,63,19,34,47,44,121,9" hai2="79,64,93,96,104,103,111,85,11,42,57,46,55" hai3="130,10,16,126,37,112,115,29,2,131,1,49,95"/><U109/><E121/><V74/><F64/><W0/><G37/><T81/><D39/><U53/><E75/><V30/><F111/><W92/><G49/><T117/><D135/><U62/><E133/><V129/><F129/><N who="3" m="49163" /><G95/><T91/><D117/><U83/><E109/><V125/><F125/><W26/><G92/><T118/><D118/><U38/><E99/><V14/><F30/><W3/><G126/><T67/><D35/><U25/><E63/><V119/><F119/><W72/><G72/><T32/><D32/><U120/><E120/><V116/><F116/><W77/><G77/><T54/><D69/><U71/><E71/><V106/><F74/><W89/><G89/><T101/><D101/><U124/><E124/><V68/><F68/><W94/><G94/><T97/><D97/><U56/><E47/><V6/><F79/><W50/><G50/><T28/><D91/><U128/><E128/><V31/><F85/><W13/><N who="3" m="0" /><DORA hai="7" /><W100/><G100/><T90/><D90/><U60/><E60/><V45/><F45/><W122/><G122/><T107/><D107/><U8/><E83/><V82/><F82/><W61/><G61/><T123/><D123/><U58/><E58/><V24/><F57/><W113/><G113/><T110/><D110/><U43/><E43/><V5/><F55/><W88/><G88/><T78/><D70/><U114/><E114/><V134/><F134/><W76/><G76/><T52/><D78/><U51/><E38/><N who="2" m="21847" /><F106/><W86/><G86/><T17/><D80/><U36/><E87/><V59/><F104/><W65/><G65/><RYUUKYOKU ba="0,0" sc="214,-10,237,-10,237,-10,312,30" hai3="10,13,16,26,29,112,115" />
</Scene>
<Scene>
<INIT seed="2,1,0,5,5,31" ten="204,227,227,342" oya="2" hai0="6,68,15,110,94,113,11,99,29,108,93,47,27" hai1="37,103,55,24,54,53,57,10,50,0,4,123,51" hai2="26,66,5,88,81,63,21,78,19,116,118,133,64" hai3="124,111,122,82,25,38,9,41,97,18,69,102,84"/><V33/><F133/><W62/><G122/><T40/><D68/><U85/><E37/><V119/><F5/><W8/><G111/><N who="0" m="42539" /><D99/><U129/><E129/><V12/><F63/><W49/><G38/><N who="0" m="21911" /><D113/><U43/><E123/><V134/><F134/><W3/><G18/><T128/><D128/><U104/><E103/><V17/><F88/><W36/><G25/><T92/><D92/><U1/><E104/><V106/><F106/><W86/><G69/><T20/><AGARI ba="1,0" hai="6,11,15,20,27,29,93,94" m="21911,42539" machi="20" ten="30,1100,0" yaku="14,1" doraHai="31" who="0" fromWho="0" sc="204,14,227,-4,227,-6,342,-4" />
</Scene>
<Scene>
<INIT seed="3,0,0,2,3,24" ten="218,223,221,338" oya="3" hai0="4,45,59,46,69,107,44,79,83,135,106,96,55" hai1="28,23,132,105,35,61,63,75,30,14,91,94,5" hai2="80,82,89,49,29,10,18,40,68,22,117,62,43" hai3="16,129,31,57,54,26,38,81,15,21,124,112,109"/><W87/><G112/><T126/><D69/><U110/><E75/><V121/><F117/><W103/><G38/><T9/><D126/><U111/><E105/><V123/><F10/><W36/><G36/><T88/><D135/><U92/><E132/><V72/><F89/><W50/><G129/><T41/><D41/><U33/><E23/><V70/><F49/><W97/><G124/><T120/><D120/><N who="2" m="46154" /><F62/><N who="1" m="23561" /><E14/><N who="2" m="9559" /><F29/><N who="1" m="11369" /><E5/><V3/><F3/><W7/><G7/><T101/><D107/><U102/><E102/><V130/><F130/><W11/><G109/><N who="1" m="41482" /><E91/><V58/><F72/><W131/><G131/><T125/><D88/><U118/><E118/><V84/><F70/><W17/><G17/><T34/><D125/><U99/><E99/><V20/><F20/><W39/><G39/><T2/><D96/><U6/><E6/><V67/><F68/><W37/><G37/><T0/><D106/><U116/><E116/><V52/><F67/><W60/><G97/><T32/><D101/><U128/><E128/><V127/><F127/><W74/><G74/><T108/><D108/><U95/><AGARI ba="0,0" hai="33,35,92,94,95" m="41482,11369,23561" machi="95" ten="40,12000,2" yaku="28,2,14,1,52,3" doraHai="24" who="1" fromWho="1" sc="218,-30,223,120,221,-30,338,-60" />
</Scene>
<Scene>
<INIT seed="4,0,0,5,0,90" ten="188,343,191,278" oya="0" hai0="75,38,120,63,133,64,127,78,131,32,134,85,24" hai1="108,96,115,94,52,72,22,74,87,65,8,105,62" hai2="109,56,69,27,124,4,114,37,31,3,68,12,73" hai3="41,35,14,66,101,80,40,128,117,119,44,13,5"/><T83/><D120/><U2/><E108/><V86/><F73/><W17/><G35/><T9/><D38/><U71/><E115/><V30/><F109/><W125/><G125/><T102/><D127/><U98/><E87/><V113/><F124/><W10/><G128/><T121/><D121/><U84/><E84/><V20/><F37/><W7/><G101/><T59/><D131/><U57/><E98/><V111/><F111/><W61/><G80/><T67/><D102/><U47/><E105/><V132/><F30/><W49/><G41/><T126/><D126/><U15/><E47/><V23/><F56/><W97/><G97/><T81/><D9/><U79/><E22/><V55/><F55/><W33/><G33/><T107/><D107/><U110/><E79/><V54/><F54/><W106/><G106/><T45/><D45/><U53/><E53/><V112/><F86/><W116/><REACH who="3" step="1"/><G14/><REACH who="3" ten="188,343,191,268" step="2"/><T50/><D32/><U11/><E15/><V88/><F114/><W118/><N who="3" m="29696" /><DORA hai="95" /><W58/><AGARI ba="0,1" hai="5,7,10,13,17,40,44,49,58,61,66" m="29696" machi="58" ten="60,7900,0" yaku="1,1,4,1,0,1,53,0" doraHai="90,95" doraHaiUra="19,77" who="3" fromWho="3" sc="188,-39,343,-20,191,-20,268,89" />
</Scene>
<Scene>
<INIT seed="5,0,0,5,0,107" ten="149,323,171,357" oya="1" hai0="42,47,1,133,73,95,74,135,108,104,45,100,41" hai1="131,64,52,87,23,98,132,118,117,122,93,128,17" hai2="127,15,103,115,123,110,111,48,12,13,97,57,27" hai3="126,55,129,32,67,124,3,7,102,26,37,101,34"/><U4/><E122/><V43/><F123/><W16/><G37/><T83/><D104/><U50/><E64/><V92/><F127/><W85/><G67/><T75/><D1/><U59/><E87/><V25/><F115/><W40/><G40/><N who="0" m="15467" /><D108/><U109/><E4/><V86/><F86/><W63/><G55/><T0/><D0/><U89/><E132/><N who="0" m="50761" /><D83/><U76/><E76/><V120/><F120/><W8/><G63/><T61/><D61/><U11/><E11/><V72/><F72/><N who="0" m="18434" /><T68/><DORA hai="79" /><D68/><U49/><E109/><V35/><F35/><W90/><G34/><T46/><D95/><U19/><E93/><V31/><F31/><W29/><G126/><T62/><D62/><U44/><E49/><V58/><F111/><W28/><G28/><T70/><D70/><U77/><E50/><V54/><F110/><W30/><G30/><T5/><D5/><U113/><E77/><V9/><F43/><W36/><G29/><T82/><D82/><U130/><E130/><V56/><REACH who="2" step="1"/><F9/><REACH who="2" ten="149,323,161,357" step="2"/><W21/><G8/><T60/><D60/><U39/><E131/><V69/><F69/><W51/><G129/><T114/><D100/><U116/><E128/><V2/><F2/><W96/><G102/><T33/><D114/><U88/><E113/><V125/><F125/><W99/><G101/><T81/><D81/><U6/><E116/><V94/><F94/><W105/><G3/><T24/><D33/><U80/><E80/><V119/><F119/><W134/><G32/><T84/><D84/><U53/><E117/><V106/><F106/><W71/><G134/><RYUUKYOKU ba="0,1" sc="149,15,323,-15,161,15,357,-15" hai0="24,45,46,47" hai2="12,13,15,25,27,48,54,56,57,58,92,97,103" />
</Scene>
<Scene>
<INIT seed="6,1,1,0,5,125" ten="164,308,176,342" oya="2" hai0="64,110,15,99,60,129,9,44,59,30,108,94,58" hai1="21,26,91,71,63,79,25,16,74,107,118,103,50" hai2="8,20,76,39,40,100,23,93,34,19,86,122,38" hai3="126,119,90,135,48,42,6,84,45,96,0,18,105"/><V47/><F122/><W33/><G119/><T73/><D73/><U89/><E118/><V127/><F34/><W68/><G68/><T83/><D83/><U12/><E74/><V128/><F127/><W41/><G126/><T65/><D30/><U78/><E107/><V97/><F39/><W54/><G6/><T98/><D44/><U69/><E103/><V104/><F128/><W7/><G7/><T87/><D87/><U82/><E69/><V4/><F19/><W62/><G0/><T67/><D129/><U124/><E124/><V72/><F72/><W3/><G3/><T117/><D117/><U101/><E101/><V102/><F102/><W88/><G96/><T46/><D46/><U2/><E2/><V61/><F61/><W121/><G62/><T37/><D37/><U49/><E63/><V111/><F111/><W81/><G18/><T51/><D108/><U116/><E71/><V113/><F113/><W134/><G105/><T85/><D110/><U115/><E115/><V120/><F120/><W95/><G33/><T131/><D131/><U66/><E66/><V1/><REACH who="2" step="1"/><F104/><REACH who="2" ten="164,308,166,342" step="2"/><W92/><G121/><T24/><D67/><U27/><E116/><V112/><F112/><W70/><G48/><T36/><D36/><U22/><E50/><V35/><F35/><W43/><G135/><T13/><D65/><U31/><E49/><V132/><F132/><W14/><G134/><T106/><D106/><U57/><E16/><V53/><F53/><W56/><G54/><T29/><D64/><U80/><E31/><V52/><F52/><W32/><G32/><RYUUKYOKU ba="1,2" sc="164,-10,308,-10,166,30,342,-10" hai2="1,4,8,20,23,38,40,47,76,86,93,97,100" />
</Scene>
<Scene>
<INIT seed="6,2,2,4,4,44" ten="154,298,196,332" oya="2" hai0="55,19,53,58,49,129,39,112,122,108,56,51,118" hai1="35,101,7,75,127,36,89,79,40,111,88,37,109" hai2="76,77,130,92,15,135,2,119,12,126,13,6,86" hai3="63,78,29,72,91,42,22,14,0,41,3,123,20"/><V34/><F119/><W26/><G123/><T97/><D122/><U64/><E35/><V124/><F34/><W8/><G22/><T80/><D118/><U70/><E101/><V9/><F135/><W38/><G38/><T94/><D108/><U107/><E107/><V66/><F66/><W69/><G78/><T113/><D129/><U52/><E7/><V132/><F132/><W68/><G72/><T73/><D39/><U117/><E117/><V102/><F130/><W46/><G42/><T50/><D19/><U100/><E100/><V43/><F43/><W54/><G91/><T125/><D125/><N who="2" m="48234" /><F86/><W105/><G105/><T47/><D80/><U120/><E64/><V121/><F121/><W104/><G104/><T61/><D73/><U25/><E75/><V74/><F74/><W59/><G69/><T57/><D61/><U31/><E70/><V82/><F82/><W60/><G60/><T87/><D87/><U133/><E133/><V16/><F16/><W98/><G68/><T23/><D23/><U131/><E120/><V28/><F28/><W4/><G98/><AGARI ba="2,2" hai="2,6,9,12,13,15,76,77,92,98,102" m="48234" machi="98" ten="30,1500,0" yaku="18,1" doraHai="44" who="2" fromWho="3" sc="154,0,298,0,196,41,332,-21" />
</Scene>
<Scene>
<INIT seed="6,3,0,3,2,11" ten="154,298,237,311" oya="2" hai0="13,49,22,62,123,89,106,73,68,4,3,33,111" hai1="102,16,26,118,64,17,90,20,63,47,107,134,122" hai2="133,112,98,86,5,54,53,108,69,99,45,43,31" hai3="58,1,119,79,29,59,72,61,128,7,104,87,36"/><V96/><F69/><W44/><G119/><T25/><D73/><U92/><E118/><V35/><F112/><W19/><G104/><T34/><D106/><U71/><E134/><V40/><F133/><W124/><G29/><T57/><D123/><U70/><E122/><V121/><F121/><W8/><G87/><T41/><D68/><U42/><E70/><V88/><F108/><W28/><G28/><T82/><D3/><U84/><E107/><V85/><F86/><W55/><G59/><T60/><D111/><U67/><E67/><V6/><F31/><W46/><G124/><T74/><D74/><U120/><E120/><V51/><F35/><W101/><G101/><T56/><D82/><U109/><E109/><V38/><F54/><W30/><G30/><T21/><D89/><U125/><E102/><V110/><F110/><W100/><G100/><T132/><D132/><U114/><E114/><V97/><N who="2" m="24576" /><DORA hai="27" /><V77/><F77/><W129/><G79/><T18/><D41/><N who="2" m="15946" /><F38/><W126/><G36/><T10/><D49/><U80/><E125/><V115/><F115/><W66/><G126/><T23/><D34/><U103/><E103/><V24/><F24/><W39/><G39/><T32/><D33/><U135/><E135/><V116/><F116/><W0/><G72/><T117/><D32/><U9/><E42/><V78/><F78/><W91/><G55/><N who="0" m="33823" /><D117/><U95/><E47/><V75/><F75/><W131/><G46/><T2/><D2/><U94/><E80/><AGARI ba="3,0" hai="5,6,45,51,53,80,85,88" m="15946,24576" machi="80" ten="40,3900,0" yaku="8,1,54,1" doraHai="11,27" who="2" fromWho="1" sc="154,0,298,-48,237,48,311,0" />
</Scene>
<Scene>
<INIT seed="6,4,0,0,0,102" ten="154,250,285,311" oya="2" hai0="45,13,78,10,72,76,92,118,58,73,18,68,1" hai1="60,66,120,61,28,95,8,31,129,135,128,79,53" hai2="87,105,39,59,90,25,123,33,23,36,113,14,104" hai3="132,85,67,35,131,54,84,100,2,48,29,115,19"/><V81/><F123/><W7/><G67/><T52/><D118/><U16/><E120/><V42/><F113/><W116/><G116/><T75/><D68/><U21/><E135/><V122/><F122/><W117/><G117/><T77/><D1/><U43/><E8/><V74/><F74/><W126/><G100/><T22/><D45/><U106/><E106/><V49/><F33/><W110/><G19/><T12/><D92/><U93/><E43/><V99/><F14/><W82/><G85/><T40/><D40/><U96/><E79/><V20/><F20/><W97/><G97/><T6/><REACH who="0" step="1"/><D76/><REACH who="0" ten="144,250,285,311" step="2"/><U112/><E95/><V64/><F42/><W107/><G2/><T91/><D91/><U15/><E112/><V38/><F38/><W32/><G115/><T88/><D88/><N who="1" m="55335" /><E129/><V62/><F39/><W101/><G131/><T55/><D55/><U26/><E128/><V0/><F0/><W51/><G54/><T37/><D37/><U65/><E53/><V30/><F36/><W24/><G82/><T127/><D127/><U103/><E66/><V121/><F121/><W46/><G46/><T111/><D111/><U11/><E65/><V63/><F64/><W5/><G126/><T134/><D134/><U114/><E114/><V109/><F109/><W9/><G132/><T130/><D130/><U71/><E71/><V119/><F119/><W41/><G110/><T70/><D70/><U34/><E103/><V56/><F90/><W124/><G41/><T80/><D80/><U17/><E34/><V44/><F81/><W125/><G32/><T86/><D86/><RYUUKYOKU ba="4,1" sc="144,15,250,15,285,-15,311,-15" hai0="6,10,12,13,18,22,52,58,72,73,75,77,78" hai1="11,15,16,17,21,26,28,31,60,61" />
</Scene>
<Scene>
<INIT seed="7,5,1,4,0,126" ten="159,265,270,296" oya="3" hai0="85,97,8,14,52,104,62,117,83,135,87,121,10" hai1="2,13,38,77,39,48,113,12,134,28,49,131,5" hai2="6,51,119,76,63,56,26,92,21,58,128,41,42" hai3="112,95,86,107,84,66,23,118,78,59,114,15,20"/><W130/><G107/><T37/><D121/><U7/><E77/><V40/><F119/><W90/><G130/><T33/><D33/><U110/><E28/><V88/><F128/><W124/><G118/><T93/><D117/><U123/><E131/><V44/><F6/><W74/><G74/><T57/><D135/><U32/><E32/><V60/><F76/><W101/><G101/><T11/><D104/><U16/><E134/><V94/><F94/><W82/><G124/><T100/><D37/><U25/><E25/><V96/><F56/><W122/><G122/><T99/><D99/><U9/><E9/><V102/><F102/><W103/><G103/><T68/><D68/><U81/><E81/><V54/><F60/><N who="3" m="38175" /><G15/><T27/><D27/><U19/><E110/><V105/><F105/><W116/><G116/><T125/><D125/><U106/><E106/><V29/><AGARI ba="5,1" hai="21,26,29,40,41,42,44,51,54,58,63,88,92,96" machi="29" ten="20,5200,0" yaku="0,1,7,1,8,1,54,1" doraHai="126" who="2" fromWho="2" sc="159,-18,265,-18,270,77,296,-31" owari="141,-36.0,247,-15.0,347,44.0,265,7.0" />
</Scene>
</mjloggm>