<mjloggm ver="2.3"><GO type="169" lobby="0"/><UN n0="%61%6E%62%79%33" n1="%E6%AF%94%E5%98%89%E7%A7%80%E4%BB%81" n2="%41%53%41%50%49%4E" n3="%E3%82%B8%E3%83%A7%E3%83%AA%E3%83%BC%EF%BC%92" dan="16,18,19,16" rate="2064.66,2234.88,2259.82,2015.55" sx="M,M,M,M"/><TAIKYOKU oya="0"/>

<Scene>
<INIT seed="0,0,0,1,1,2" ten="250,250,250,250" oya="0" hai0="7,0,111,116,127,71,80,104,73,46,33,94,115" hai1="57,99,81,35,45,131,28,112,59,101,117,122,92" hai2="95,49,75,106,76,30,67,83,18,79,84,87,17" hai3="93,40,52,78,63,72,47,43,29,38,86,27,66"/><T135/><RYUUKYOKU type="yao9" ba="0,0" sc="250,0,250,0,250,0,250,0" hai0="0,7,33,46,71,73,80,94,104,111,115,116,127,135" />
</Scene>
<Scene>
<INIT seed="0,1,0,3,4,73" ten="250,250,250,250" oya="0" hai0="21,46,65,23,128,87,133,112,115,9,44,29,33" hai1="16,119,104,88,83,114,53,123,54,67,11,103,56" hai2="5,26,82,15,79,77,81,37,8,58,105,95,80" hai3="25,14,45,3,36,59,43,48,96,72,51,47,57"/><T40/><D65/><U17/><E123/><V28/><F105/><W126/><G3/><T124/><D33/><U52/><E119/><V38/><F95/><W6/><G126/><T62/><D62/><N who="1" m="38343" /><E104/><V125/><F125/><W135/><G135/><T10/><D124/><U32/><E32/><V19/><F5/><W0/><G0/><T92/><D133/><U93/><E114/><V12/><F12/><W78/><G96/><T22/><D29/><U84/><E11/><V42/><F58/><W39/><G25/><T134/><D134/><U91/><E103/><V60/><F60/><W35/><G35/><T89/><D128/><U13/><E13/><V106/><F106/><W27/><G27/><T94/><D115/><U50/><E50/><V127/><F127/><W4/><G14/><T90/><D112/><U108/><E108/><V63/><F63/><W24/><G24/><T69/><D69/><U116/><E116/><V113/><F113/><W74/><G43/><T98/><REACH who="0" step="1"/><D44/><REACH who="0" ten="240,250,250,250" step="2"/><U2/><E2/><V120/><F28/><W66/><G66/><T61/><D61/><U109/><E109/><V75/><F120/><W122/><G122/><T131/><D131/><U129/><E129/><V18/><F8/><W110/><G45/><T99/><D99/><AGARI ba="1,1" hai="16,17,52,53,54,83,84,88,91,93,99" m="38343" machi="99" ten="30,7700,0" yaku="8,1,54,3" doraHai="73" who="1" fromWho="0" sc="240,-80,250,90,250,0,250,0" />
</Scene>
<Scene>
<INIT seed="1,0,0,2,3,2" ten="160,340,250,250" oya="1" hai0="66,46,11,50,21,119,98,76,109,26,104,5,55" hai1="57,63,100,40,24,17,34,117,91,131,61,106,83" hai2="52,32,65,92,73,134,94,122,79,71,4,60,18" hai3="75,80,78,58,13,125,14,25,59,39,30,68,3"/><U113/><E117/><V48/><F122/><W56/><G68/><T128/><D119/><U29/><E113/><V45/><F32/><W54/><G125/><T97/><D128/><U35/><E131/><V81/><F134/><W72/><G39/><T99/><D109/><U135/><E135/><V77/><F77/><W102/><G102/><T0/><D76/><U44/><E35/><V85/><F73/><W69/><G69/><T51/><D66/><U15/><E106/><V6/><REACH who="2" step="1"/><F18/><REACH who="2" ten="160,340,240,250" step="2"/><W105/><G75/><T8/><D104/><U108/><E17/><V124/><F124/><W127/><G127/><T28/><D8/><U111/><E34/><V16/><F16/><W110/><G105/><T12/><D0/><U9/><E111/><V38/><F38/><W70/><G3/><T121/><D121/><U126/><E108/><V67/><F67/><W31/><G110/><T112/><D112/><U96/><E126/><V90/><F90/><W82/><G78/><T88/><REACH who="0" step="1"/><D50/><REACH who="0" ten="150,340,240,250" step="2"/><U101/><E63/><V22/><F22/><W42/><G72/><T7/><D7/><AGARI ba="0,2" hai="4,6,7,45,48,52,60,65,71,79,81,85,92,94" machi="7" ten="40,12000,2" yaku="1,1,52,3,54,1,53,1" doraHai="2" doraHaiUra="74" who="2" fromWho="0" sc="150,-120,340,0,240,140,250,0" />
</Scene>
<Scene>
<INIT seed="2,0,0,2,3,99" ten="30,340,380,250" oya="2" hai0="49,135,61,96,58,38,87,120,43,13,103,5,62" hai1="133,72,65,94,121,6,46,25,30,37,108,32,114" hai2="20,127,104,117,110,123,92,7,57,115,132,52,21" hai3="125,40,89,88,68,129,2,124,33,111,51,56,73"/><V22/><F117/><W91/><G111/><T28/><D120/><U95/><E114/><V55/><F123/><W67/><G73/><T97/><D135/><U35/><E133/><V118/><F118/><W45/><G2/><T4/><D38/><U16/><E108/><V17/><F132/><W83/><G33/><T90/><D28/><U14/><E72/><V134/><F134/><W76/><G129/><T81/><D97/><U126/><E121/><V112/><F104/><W84/><G68/><T102/><D96/><U1/><E35/><V53/><F110/><W119/><G119/><T85/><D85/><U31/><E31/><V15/><F127/><N who="3" m="48715" /><G56/><T9/><D4/><U3/><E65/><AGARI ba="0,0" hai="40,45,51,65,67,76,83,84,88,89,91" m="48715" machi="65" ten="30,2000,0" yaku="18,1,54,1" doraHai="99" who="3" fromWho="1" sc="30,0,340,-20,380,0,250,20" />
</Scene>
<Scene>
<INIT seed="3,0,0,0,4,134" ten="30,320,380,270" oya="3" hai0="30,7,100,129,74,108,3,61,126,22,1,105,20" hai1="89,94,82,120,40,75,13,99,21,64,11,44,114" hai2="52,110,106,57,97,48,31,38,93,103,72,122,2" hai3="58,80,79,92,9,96,51,32,14,88,37,68,27"/><W77/><G68/><T29/><D74/><U66/><E120/><V6/><F38/><W56/><G37/><T84/><D84/><U101/><E114/><V131/><F72/><W87/><G32/><T111/><D61/><U83/><E21/><N who="0" m="8297" /><D100/><U69/><E69/><V71/><F71/><W49/><G27/><T8/><D105/><U50/><E75/><V91/><F122/><W135/><G135/><T34/><D129/><U62/><E62/><V39/><F39/><W12/><G79/><T117/><D117/><U118/><E118/><V86/><F131/><W109/><G109/><N who="0" m="42059" /><D126/><U123/><E123/><V43/><F110/><W78/><G78/><T85/><D85/><N who="1" m="50367" /><E82/><V113/><F106/><W47/><G51/><T65/><D65/><U95/><E95/><V128/><F128/><W59/><REACH who="3" step="1"/><G9/><REACH who="3" ten="30,320,380,260" step="2"/><N who="0" m="2287" /><D34/><U28/><E28/><V16/><F31/><W4/><G4/><AGARI ba="0,1" hai="3,4,8,29,30" m="2287,42059,8297" machi="4" ten="30,3900,0" yaku="14,1,34,2" doraHai="134" who="0" fromWho="3" sc="30,49,320,0,380,0,260,-39" /><AGARI ba="0,0" hai="4,11,13,40,44,50,64,66,94,99,101" m="50367" machi="4" ten="30,1000,0" yaku="8,1" doraHai="134" who="1" fromWho="3" sc="79,0,320,10,380,0,221,-10" />
</Scene>
<Scene>
<INIT seed="4,0,0,5,2,130" ten="79,330,380,211" oya="0" hai0="127,108,76,111,14,96,122,123,12,98,110,38,2" hai1="13,33,28,90,69,115,44,51,107,129,7,15,92" hai2="20,117,99,66,49,118,94,112,116,1,56,88,121" hai3="8,134,40,73,55,95,109,114,3,135,87,48,17"/><T25/><D38/><U9/><E107/><V70/><F121/><N who="0" m="46090" /><D76/><U47/><E69/><V46/><F1/><W43/><G73/><T35/><D2/><U23/><E33/><V5/><F5/><W126/><G126/><T50/><D50/><U75/><E75/><V57/><F112/><W65/><G109/><N who="0" m="27907" /><T0/><DORA hai="29" /><D0/><U81/><E115/><V124/><F124/><W113/><G65/><T133/><D127/><U102/><E129/><V10/><F10/><W36/><G36/><T101/><D133/><N who="3" m="50697" /><G113/><T79/><D79/><U30/><E47/><V59/><F20/><W24/><G3/><T128/><D128/><U91/><E23/><V60/><F70/><W120/><G120/><T64/><D64/><U58/><E15/><N who="0" m="5673" /><D101/><U34/><E102/><V72/><F72/><W85/><G8/><T37/><D37/><U103/><E103/><V42/><AGARI ba="0,0" hai="42,46,49,56,57,59,60,66,88,94,99,116,117,118" machi="42" ten="30,4000,0" yaku="0,1,12,1,54,1" doraHai="130,29" who="2" fromWho="2" sc="79,-20,330,-10,380,40,211,-10" />
</Scene>
<Scene>
<INIT seed="5,0,0,1,0,17" ten="59,320,420,201" oya="1" hai0="77,18,10,102,28,52,126,73,57,118,34,63,79" hai1="26,89,113,12,3,4,37,45,70,83,114,67,46" hai2="24,72,15,134,56,22,98,23,120,130,53,100,21" hai3="75,103,105,90,109,47,93,38,64,60,65,80,31"/><U95/><E3/><V1/><F1/><W119/><G109/><T131/><D118/><U39/><E83/><V74/><F120/><W133/><G133/><T135/><D135/><U41/><E26/><V58/><F134/><W116/><G103/><T8/><D131/><U121/><E121/><V33/><F130/><W59/><G105/><T123/><D123/><U85/><E67/><V40/><F40/><W81/><G31/><T82/><D126/><U66/><E66/><V42/><F42/><W6/><G6/><T86/><D102/><U29/><E29/><V14/><F33/><W125/><G125/><T124/><D124/><U122/><E70/><V35/><F35/><W76/><G80/><T91/><D77/><U101/><E101/><V25/><F25/><W88/><G64/><T71/><D71/><U92/><E122/><V51/><F56/><W7/><G7/><T5/><D5/><U20/><E95/><V108/><F24/><W0/><G0/><T16/><D28/><U61/><E61/><V50/><F50/><W99/><G38/><T129/><D34/><U132/><E132/><V69/><F108/><W78/><G78/><T48/><D63/><U127/><E127/><V44/><F58/><W115/><G47/><N who="1" m="17930" /><E41/><V106/><REACH who="2" step="1"/><F69/><REACH who="2" ten="59,320,410,201" step="2"/><W9/><G60/><T128/><D129/><U96/><E39/><V43/><F43/><W111/><G111/><T107/><D128/><U30/><E37/><V110/><F110/><W54/><G59/><T87/><D57/><U104/><E114/><V13/><AGARI ba="0,1" hai="13,14,15,21,22,23,44,51,53,72,74,98,100,106" machi="13" ten="30,8000,1" yaku="1,1,0,1,52,3,53,0" doraHai="17" doraHaiUra="84" who="2" fromWho="2" sc="59,-20,320,-40,410,90,201,-20" />
</Scene>
<Scene>
<INIT seed="6,0,0,3,4,101" ten="39,280,500,181" oya="2" hai0="106,62,77,49,92,29,32,109,24,67,35,65,76" hai1="107,52,4,33,91,80,108,117,19,38,127,98,115" hai2="28,56,79,11,3,111,10,120,55,20,12,87,48" hai3="0,13,88,122,82,60,105,22,34,119,53,96,130"/><V113/><F120/><W18/><G122/><T27/><D109/><U112/><E117/><V128/><F111/><W43/><G119/><T97/><D49/><U8/><E108/><V64/><F113/><N who="1" m="43593" /><E33/><V134/><F134/><W132/><G34/><T89/><D67/><U23/><E38/><V131/><F64/><W102/><G0/><T123/><D123/><U83/><E127/><V74/><F74/><W21/><G43/><T103/><D24/><N who="1" m="14463" /><E52/><V125/><F125/><W1/><G132/><T100/><D100/><N who="1" m="62871" /><E91/><V93/><F55/><W15/><G1/><AGARI ba="0,0" hai="1,4,8,80,83" m="62871,14463,43593" machi="1" ten="30,2000,0" yaku="15,1,52,1" doraHai="101" who="1" fromWho="3" sc="39,0,280,20,500,0,181,-20" />
</Scene>
<Scene>
<INIT seed="7,0,0,2,4,49" ten="39,300,500,161" oya="3" hai0="85,127,114,5,76,130,72,129,0,105,124,16,126" hai1="32,79,97,33,95,74,65,91,1,10,70,89,69" hai2="67,45,132,34,18,113,36,81,21,56,42,96,111" hai3="25,133,119,115,118,43,29,93,37,7,78,44,109"/><W87/><G115/><T48/><D48/><U50/><E74/><V24/><F111/><W62/><G133/><T104/><D5/><U98/><E79/><V30/><F132/><W108/><G7/><T92/><D0/><U11/><E50/><V4/><F113/><W88/><G62/><T102/><D16/><U55/><E65/><V125/><F125/><W106/><G106/><T2/><D2/><U47/><E47/><V64/><F81/><W134/><G78/><T15/><D15/><U26/><E26/><V131/><F131/><W59/><G59/><T31/><D31/><U61/><E61/><V9/><F96/><W63/><G63/><T20/><D20/><U80/><E1/><N who="2" m="143" /><F56/><W75/><G75/><T110/><D110/><N who="3" m="42601" /><G134/><T23/><D23/><AGARI ba="0,0" hai="23,25,29,37,43,44,87,88,93,118,119" m="42601" machi="23" ten="30,2900,0" yaku="10,1,54,1" doraHai="49" who="3" fromWho="0" sc="39,-29,300,0,500,0,161,29" />
</Scene>
<Scene>
<INIT seed="7,1,0,3,1,59" ten="10,300,500,190" oya="3" hai0="129,108,64,35,121,40,122,50,97,128,29,39,5" hai1="6,94,57,126,81,68,133,119,87,20,117,48,71" hai2="83,12,77,88,75,113,51,105,61,95,124,84,1" hai3="53,22,8,4,46,3,62,111,26,90,63,23,118"/><W30/><G118/><N who="1" m="45066" /><E133/><V42/><F1/><W72/><G72/><T74/><D74/><U120/><E126/><V60/><F105/><W76/><G111/><T132/><D5/><U102/><E120/><V98/><F124/><W13/><G76/><T21/><D21/><U36/><E36/><V89/><F113/><W116/><G116/><T99/><D29/><U56/><E6/><V19/><F51/><N who="3" m="28919" /><G3/><T110/><D35/><U91/><E20/><V38/><F42/><W0/><G0/><T25/><D39/><U67/><E48/><V28/><F28/><N who="3" m="17503" /><G90/><T134/><D40/><U58/><E67/><V54/><F38/><W32/><G32/><T7/><D64/><U135/><E135/><N who="0" m="51753" /><D7/><U17/><E17/><V15/><F19/><W107/><G107/><T104/><D50/><U44/><E44/><V47/><F89/><W65/><G65/><T85/><D104/><U79/><E102/><V115/><F75/><AGARI ba="1,0" hai="56,57,58,68,71,75,79,81,87,91,94" m="45066" machi="75" ten="30,1000,0" yaku="12,1" doraHai="59" who="1" fromWho="2" sc="10,0,300,13,500,-13,190,0" owari="10,-49.0,313,11.0,487,59.0,190,-21.0" />
</Scene>
</mjloggm>