<mjloggm ver="2.3"><GO type="169" lobby="0"/><UN n0="%E5%86%97%E8%AB%87%E7%AC%91%E6%AD%A2%EF%BC%81" n1="%41%53%41%50%49%4E" n2="%E6%AF%94%E5%98%89%E7%A7%80%E4%BB%81" n3="%E5%AD%90%E4%BE%9B%E4%BC%9A%E5%93%A1" dan="17,19,17,16" rate="2129.27,2246.06,2109.54,2096.73" sx="F,M,M,M"/><TAIKYOKU oya="0"/>

<Scene>
<INIT seed="0,0,0,1,5,78" ten="250,250,250,250" oya="0" hai0="132,38,105,43,13,50,12,63,116,89,72,17,126" hai1="29,28,42,27,94,65,104,41,112,97,46,83,84" hai2="77,87,44,134,99,16,114,91,106,108,54,6,79" hai3="14,3,60,36,74,22,102,59,113,71,101,128,24"/><T90/><D116/><U92/><E112/><V75/><F114/><W67/><G3/><T10/><D105/><U49/><E65/><V93/><F108/><W100/><G113/><T123/><D123/><U31/><E27/><V51/><F6/><W130/><G36/><T26/><D38/><U9/><E41/><V15/><F134/><W57/><G14/><T21/><D72/><U118/><E118/><V95/><F106/><W129/><REACH who="3" step="1"/><G74/><REACH who="3" ten="250,250,250,240" step="2"/><T111/><D132/><U133/><E133/><V40/><F75/><W56/><G56/><T68/><D111/><U124/><E124/><V61/><F61/><W4/><G4/><T30/><D126/><U66/><E49/><V109/><F109/><W120/><G120/><T52/><D13/><U64/><E46/><V119/><F119/><W18/><AGARI ba="0,1" hai="18,22,24,57,59,60,67,71,100,101,102,128,129,130" machi="18" ten="40,12000,2" yaku="1,1,0,1,19,1,53,3" doraHai="78" doraHaiUra="98" who="3" fromWho="3" sc="250,-60,250,-30,250,-30,240,130" />
</Scene>
<Scene>
<INIT seed="1,0,0,4,3,61" ten="190,220,220,370" oya="1" hai0="80,93,54,70,63,113,74,66,19,58,15,130,36" hai1="13,90,59,12,25,94,32,37,43,95,62,3,41" hai2="46,67,68,104,114,76,1,84,135,97,126,4,51" hai3="82,73,52,56,9,134,28,2,49,100,103,131,71"/><U121/><E121/><V108/><F108/><W5/><G5/><T55/><D113/><U34/><E3/><V72/><F114/><W33/><G71/><T107/><D130/><U118/><E118/><V133/><F72/><W127/><G2/><T77/><D107/><U87/><E94/><V102/><F4/><W11/><G134/><T78/><D36/><U132/><E132/><N who="2" m="50763" /><F1/><W27/><G127/><T18/><D78/><U88/><E90/><V128/><F126/><W38/><G38/><T111/><D111/><U110/><E110/><V16/><F128/><W98/><G131/><T117/><D117/><U129/><E129/><V42/><F84/><W81/><G103/><T124/><D124/><U79/><E79/><V53/><F76/><W60/><G60/><T21/><D70/><U123/><E123/><V105/><F42/><W120/><G120/><T6/><D6/><U115/><E115/><V101/><F101/><W65/><G73/><T91/><REACH who="0" step="1"/><D19/><REACH who="0" ten="180,220,220,370" step="2"/><U85/><E37/><V0/><F105/><W14/><G28/><T69/><D69/><U109/><E109/><V20/><F68/><W24/><G82/><T92/><D92/><U116/><E116/><V30/><F30/><W112/><G81/><T17/><D17/><U125/><E125/><V47/><F104/><W45/><G112/><T29/><D29/><U64/><E95/><V48/><F16/><W39/><G39/><T50/><D50/><U89/><E34/><V96/><F51/><W86/><G49/><T22/><D22/><U57/><E32/><V44/><F20/><W75/><G33/><RYUUKYOKU ba="0,1" sc="180,30,220,-10,220,-10,370,-10" hai0="15,18,21,54,55,58,63,66,74,77,80,91,93" />
</Scene>
<Scene>
<INIT seed="2,1,1,0,0,106" ten="210,210,210,360" oya="2" hai0="93,41,58,16,77,108,7,73,68,94,56,13,3" hai1="17,30,133,0,29,87,11,79,96,131,23,103,43" hai2="83,51,47,90,66,102,74,98,65,117,69,88,39" hai3="125,27,107,18,4,40,5,126,130,120,127,89,92"/><V45/><F117/><W9/><G120/><T122/><D122/><U84/><E131/><V114/><F114/><W78/><G130/><T80/><D68/><U123/><E123/><V24/><F39/><W6/><G107/><T113/><D113/><U91/><E133/><V26/><F47/><W134/><G134/><T60/><D41/><U57/><E43/><V52/><F69/><W49/><G78/><T44/><D44/><U42/><E42/><V112/><F112/><W128/><G128/><T67/><D108/><U72/><E87/><N who="2" m="50303" /><F102/><W35/><G49/><T104/><D104/><U100/><E11/><V20/><F74/><W70/><G70/><T118/><D118/><U75/><E0/><V15/><F15/><N who="3" m="7535" /><G40/><T105/><D105/><U34/><E34/><V99/><F26/><W54/><G54/><T97/><D97/><N who="2" m="36874" /><F90/><W19/><G89/><T132/><D132/><U38/><E38/><V46/><F46/><W129/><G129/><T33/><D33/><U101/><E79/><V48/><F48/><W110/><G35/><T63/><D3/><U62/><E96/><V12/><F12/><W10/><G27/><T115/><D115/><U50/><E50/><V55/><F55/><W81/><G127/><T119/><D119/><U64/><E72/><V25/><F25/><W124/><G126/><T86/><D73/><U95/><E75/><V28/><AGARI ba="1,1" hai="20,24,28,45,51,52,65,66" m="36874,50303" machi="28" ten="30,6000,0" yaku="8,1,54,2" doraHai="106" who="2" fromWho="2" sc="210,-21,210,-21,210,73,360,-21" />
</Scene>
<Scene>
<INIT seed="2,2,0,3,1,87" ten="189,189,283,339" oya="2" hai0="79,124,29,37,98,39,33,129,76,57,5,67,104" hai1="118,105,77,78,81,4,86,94,50,9,65,90,2" hai2="85,16,133,93,6,95,103,61,97,130,100,102,120" hai3="51,18,17,135,134,59,15,62,1,71,74,34,0"/><V108/><F120/><W13/><G74/><T3/><D124/><U45/><E118/><V26/><F133/><N who="3" m="50699" /><G34/><T58/><D129/><U47/><E105/><V75/><F130/><W64/><G51/><T115/><D115/><U70/><E77/><V122/><F75/><W80/><G59/><T116/><D116/><U101/><E101/><V32/><F122/><W72/><G80/><T28/><D33/><U119/><E119/><V10/><F61/><W56/><G56/><T126/><D126/><U132/><E132/><V91/><F108/><W11/><G72/><T54/><D3/><U84/><REACH who="1" step="1"/><E50/><REACH who="1" ten="189,179,283,339" step="2"/><V128/><F128/><W106/><G106/><T49/><D104/><U113/><E113/><V82/><F103/><W8/><AGARI ba="2,1" hai="0,1,8,11,13,15,17,18,62,64,71" m="50699" machi="8" ten="30,1100,0" yaku="20,1" doraHai="87" who="3" fromWho="3" sc="189,-5,179,-5,283,-7,339,27" />
</Scene>
<Scene>
<INIT seed="3,0,0,1,1,111" ten="184,174,276,366" oya="3" hai0="116,118,1,30,106,19,110,48,100,129,104,76,41" hai1="9,14,98,43,50,125,99,62,25,6,66,127,133" hai2="10,36,108,2,95,16,27,71,21,37,51,109,33" hai3="56,59,89,65,46,103,114,26,29,122,92,42,93"/><W105/><G122/><T112/><D110/><N who="2" m="42602" /><F71/><W39/><G105/><T53/><D1/><U35/><E133/><V124/><F124/><N who="1" m="47689" /><E43/><V70/><F70/><W8/><G8/><T20/><D129/><U3/><E50/><V87/><F51/><N who="3" m="27095" /><G114/><T49/><D76/><U126/><E3/><V67/><F67/><W60/><G39/><T15/><D30/><N who="1" m="19919" /><E126/><V81/><F95/><W69/><G69/><AGARI ba="0,0" hai="6,9,14,62,66,69,98,99" m="19919,47689" machi="69" ten="30,1000,0" yaku="18,1" doraHai="111" who="1" fromWho="3" sc="184,0,174,10,276,0,366,-10" />
</Scene>
<Scene>
<INIT seed="4,0,0,0,3,80" ten="184,184,276,356" oya="0" hai0="42,117,37,75,35,120,95,106,82,36,60,11,61" hai1="44,128,67,33,86,110,91,78,99,48,135,19,54" hai2="84,107,25,100,9,8,87,24,64,32,46,83,50" hai3="129,98,74,34,97,94,55,26,131,15,79,114,31"/><T1/><D117/><U53/><E110/><V49/><F32/><W130/><G114/><T92/><D35/><U113/><E33/><V2/><F2/><W89/><G55/><T81/><D106/><U47/><E128/><V16/><F107/><W90/><G15/><T133/><D133/><U45/><E135/><V20/><F100/><W85/><REACH who="3" step="1"/><G90/><REACH who="3" ten="184,184,276,346" step="2"/><T77/><D120/><U40/><E53/><V69/><F64/><W51/><G51/><T105/><D1/><U122/><E67/><V121/><F50/><W22/><G22/><T66/><D66/><U59/><E113/><V41/><F49/><W4/><G4/><T7/><D37/><U71/><E91/><V23/><F23/><W29/><G29/><T132/><D132/><U38/><E54/><V116/><F20/><W12/><G12/><T27/><D27/><U43/><E48/><V108/><F25/><W127/><G127/><T123/><D123/><U30/><E30/><V18/><F24/><W14/><G14/><T57/><D36/><U96/><E38/><V102/><F121/><W70/><G70/><T3/><D3/><U104/><E71/><V109/><F69/><W115/><G115/><T17/><D7/><U88/><E122/><V28/><F28/><W112/><G112/><T68/><D68/><U56/><E43/><V125/><F41/><W126/><G126/><T73/><D42/><U39/><E40/><V58/><F125/><W119/><G119/><T13/><D13/><U72/><E39/><V124/><F116/><W76/><G76/><T103/><D77/><U0/><E78/><RYUUKYOKU ba="0,1" sc="184,-10,184,-10,276,-10,346,30" hai3="26,31,34,74,79,85,89,94,97,98,129,130,131" />
</Scene>
<Scene>
<INIT seed="5,1,1,2,0,26" ten="174,174,266,376" oya="1" hai0="13,0,7,104,112,42,135,53,44,25,123,101,95" hai1="107,134,121,73,4,41,23,11,57,111,97,67,98" hai2="29,133,55,90,65,18,45,103,64,37,24,93,87" hai3="75,109,32,43,70,132,8,10,6,74,120,84,52"/><U38/><E121/><V46/><F133/><W110/><G120/><T31/><D123/><U131/><E73/><V35/><F37/><W59/><G70/><T118/><D118/><U80/><E134/><V9/><F103/><W63/><G132/><T126/><D135/><U89/><E131/><V50/><F46/><W127/><G32/><T113/><D126/><U21/><E111/><V54/><F54/><W48/><G127/><T47/><D104/><U19/><E41/><V79/><F79/><W96/><G96/><N who="0" m="59551" /><D0/><U119/><E38/><V78/><F78/><W94/><G75/><T22/><D53/><U128/><E128/><V76/><F76/><W12/><G74/><T116/><D42/><U30/><E119/><V14/><AGARI ba="1,1" hai="9,14,18,24,29,35,45,50,55,64,65,87,90,93" machi="14" ten="30,2000,0" yaku="0,1,52,1" doraHai="26" who="2" fromWho="2" sc="174,-6,174,-11,266,33,376,-6" />
</Scene>
<Scene>
<INIT seed="6,0,0,2,2,135" ten="168,163,299,370" oya="2" hai0="34,70,101,48,0,127,108,123,22,130,128,47,17" hai1="25,42,54,114,134,15,20,33,129,61,50,5,58" hai2="94,13,75,24,79,87,83,72,104,73,89,52,88" hai3="6,106,81,77,16,65,115,30,67,38,118,62,44"/><V102/><F24/><W80/><G106/><T11/><D108/><U46/><E134/><V36/><F36/><W86/><G118/><T95/><D70/><U91/><E114/><V111/><F13/><W39/><G30/><T66/><D66/><U55/><E129/><V23/><F23/><W90/><G6/><T82/><D34/><U9/><E91/><N who="2" m="53631" /><F52/><W131/><G131/><N who="0" m="50219" /><D82/><U8/><E8/><V120/><F120/><W125/><G115/><T99/><D123/><U41/><REACH who="1" step="1"/><E33/><REACH who="1" ten="168,153,299,370" step="2"/><V117/><F117/><W31/><G39/><T2/><D11/><U27/><E27/><V63/><F111/><W10/><G38/><T40/><D127/><U43/><E43/><V126/><F126/><W121/><G125/><T60/><D60/><U68/><E68/><V28/><F63/><W14/><G62/><T93/><D93/><U37/><E37/><V12/><F28/><AGARI ba="0,1" hai="5,9,15,20,25,28,41,42,46,50,54,55,58,61" machi="28" ten="30,7700,0" yaku="1,1,7,1,8,1,53,1" doraHai="135" doraHaiUra="45" who="1" fromWho="2" sc="168,0,153,87,299,-77,370,0" />
</Scene>
<Scene>
<INIT seed="7,0,0,2,4,75" ten="168,240,222,370" oya="3" hai0="18,89,67,61,87,83,59,133,9,117,105,55,123" hai1="132,62,45,113,86,22,127,94,37,111,84,80,52" hai2="44,26,24,33,104,78,91,60,25,108,4,42,90" hai3="71,109,73,100,34,103,96,66,19,118,40,6,68"/><W131/><G34/><T57/><D123/><U130/><E111/><V20/><F104/><W7/><G96/><T16/><D117/><U32/><E32/><V93/><F33/><W11/><G19/><T31/><D133/><U39/><E132/><V95/><F108/><W70/><G11/><T79/><D105/><U99/><E113/><V126/><F126/><W8/><G40/><T116/><D116/><U29/><E130/><V64/><F4/><W101/><G8/><T110/><D110/><U41/><E127/><V30/><F78/><W49/><G103/><T128/><D128/><U88/><E39/><V82/><F82/><W65/><G101/><T12/><D31/><U107/><E107/><V98/><F44/><W53/><G100/><T54/><D67/><U51/><E80/><V119/><F42/><W35/><G66/><T69/><D69/><U10/><E10/><V47/><F47/><W5/><G65/><T28/><D28/><U3/><E3/><V17/><F30/><W58/><G71/><T92/><D18/><U114/><E37/><V46/><F46/><W63/><G68/><T15/><D15/><U43/><E114/><V56/><F119/><W115/><G70/><T135/><D135/><U77/><E43/><V106/><F106/><W48/><G6/><T0/><D0/><U14/><E29/><V50/><F50/><W112/><G49/><N who="0" m="30927" /><D92/><U27/><E94/><V38/><F38/><W122/><G131/><T23/><D23/><U74/><E22/><V97/><AGARI ba="0,0" hai="17,20,24,25,26,56,60,64,90,91,93,95,97,98" machi="97" ten="20,5200,0" yaku="0,1,7,1,9,1,8,1" doraHai="75" who="2" fromWho="2" sc="168,-13,240,-13,222,52,370,-26" owari="155,-34.0,227,-17.0,274,7.0,344,44.0" />
</Scene>
</mjloggm>