<mjloggm ver="2.3"><GO type="169" lobby="0"/><UN n0="%41%53%41%50%49%4E" n1="%E3%81%8B%E3%82%89%E3%81%8F%E3%82%8A%E5%B1%8B%E6%95%B7" n2="%E9%B7%B9%E6%AD%A3%E3%81%AE%E5%80%85%EF%BC%9D%E5%AF%8C%E7%8C%AB" n3="%28%3E%CF%89%3C%2A%29" dan="19,16,17,16" rate="2255.65,2064.73,2142.29,2101.25" sx="M,M,M,F"/><TAIKYOKU oya="0"/>

<Scene>
<INIT seed="0,0,0,3,1,9" ten="250,250,250,250" oya="0" hai0="103,128,38,40,126,132,99,13,100,85,82,50,47" hai1="0,20,79,121,16,130,83,129,54,19,87,18,78" hai2="112,43,28,59,14,134,60,15,8,104,107,120,94" hai3="53,29,117,51,80,44,17,24,111,7,45,86,32"/><T131/><D132/><U133/><E0/><V41/><F120/><W127/><G117/><T106/><D126/><U3/><E3/><V61/><F112/><W31/><G127/><T116/><D116/><U70/><E70/><V101/><F28/><W12/><G111/><T65/><D65/><U39/><E39/><V30/><F30/><W92/><G7/><T115/><D115/><U97/><E121/><V57/><F8/><W68/><G68/><T96/><D38/><U102/><E133/><V22/><F22/><W71/><G71/><T64/><D64/><U114/><E114/><V55/><F134/><W2/><G2/><T37/><D37/><U46/><E78/><V10/><F10/><W69/><G69/><T88/><REACH who="0" step="1"/><D13/><REACH who="0" ten="240,250,250,250" step="2"/><N who="2" m="4618" /><F107/><AGARI ba="0,1" hai="40,47,50,82,85,88,96,99,100,103,106,107,128,131" machi="107" ten="40,7700,0" yaku="1,1,9,1,54,1,53,0" doraHai="9" doraHaiUra="109" who="0" fromWho="2" sc="240,87,250,0,250,-77,250,0" />
</Scene>
<Scene>
<INIT seed="0,1,0,1,3,124" ten="327,250,173,250" oya="0" hai0="121,17,45,19,31,113,81,122,66,41,9,86,88" hai1="16,34,114,77,1,129,53,43,126,70,4,10,33" hai2="2,98,100,96,59,12,56,50,99,123,18,71,131" hai3="118,42,57,93,85,107,78,62,48,30,3,65,15"/><T52/><D113/><U110/><E114/><V25/><F71/><W29/><G3/><T37/><D66/><U91/><E126/><V84/><F2/><W51/><G107/><T40/><D40/><U130/><E77/><V63/><F123/><W26/><G118/><T64/><D64/><U106/><E70/><V82/><F25/><W24/><G15/><T116/><D116/><U83/><E106/><V74/><F74/><W117/><G117/><T104/><D104/><U135/><E43/><V6/><F6/><W125/><G125/><T97/><D31/><U89/><E135/><V115/><F100/><W132/><G132/><T103/><D9/><U39/><E39/><V120/><F120/><W133/><G133/><T87/><D19/><U8/><E110/><V108/><F108/><W68/><G68/><T69/><D69/><U75/><E53/><V109/><F109/><W111/><G111/><T11/><D86/><U119/><E75/><V21/><F63/><W22/><G42/><T32/><D32/><U101/><E101/><V105/><F105/><W58/><G58/><T79/><D79/><U35/><E83/><V27/><F27/><W127/><G127/><T80/><D80/><U28/><E119/><V90/><F115/><W54/><G78/><T49/><D41/><U60/><E60/><V20/><F20/><N who="3" m="15495" /><G65/><T92/><D37/><U7/><E16/><V73/><F73/><W128/><G62/><T46/><D46/><U36/><E36/><V38/><F38/><W95/><G26/><T61/><D61/><U13/><E28/><V76/><F76/><RYUUKYOKU ba="1,0" sc="327,15,250,15,173,-15,250,-15" hai0="11,17,45,49,52,81,87,88,92,97,103,121,122" hai1="1,4,7,8,10,13,33,34,35,89,91,129,130" />
</Scene>
<Scene>
<INIT seed="0,2,0,3,4,104" ten="342,265,158,235" oya="0" hai0="71,90,34,76,114,33,23,68,109,5,102,15,130" hai1="116,36,95,97,112,124,93,127,45,9,41,56,133" hai2="30,25,54,122,49,66,99,85,59,43,20,81,29" hai3="121,40,87,28,1,24,13,17,69,31,51,113,65"/><T126/><D114/><U47/><E112/><V50/><F122/><W53/><G113/><T61/><D130/><U67/><E116/><V83/><F66/><W131/><G1/><T100/><D126/><U64/><E133/><V8/><F30/><W48/><G121/><T10/><D76/><U82/><E82/><V21/><F21/><W37/><G131/><T44/><D109/><U118/><E118/><V57/><F99/><W18/><G37/><T22/><D22/><U110/><E110/><V115/><F115/><W0/><G0/><T132/><D132/><U38/><E9/><V12/><F85/><W103/><G103/><T129/><D129/><U77/><E77/><V88/><F88/><W78/><G87/><T63/><D44/><U111/><E111/><V7/><REACH who="2" step="1"/><F43/><REACH who="2" ten="342,265,148,235" step="2"/><W125/><G40/><T55/><D23/><U101/><E41/><V108/><F108/><W74/><G65/><T73/><D90/><U26/><E97/><V70/><F70/><W107/><G69/><T119/><D71/><U117/><E117/><V72/><F72/><W6/><G74/><T128/><D73/><U96/><E96/><V2/><F2/><W92/><G28/><T3/><D3/><U62/><E67/><V98/><F98/><W91/><G31/><T94/><D119/><U84/><E64/><V19/><F19/><W32/><G18/><T89/><D128/><U120/><E84/><V27/><F27/><W39/><G24/><T123/><D68/><U58/><E26/><V106/><F106/><W42/><G107/><T4/><D123/><U75/><E120/><RYUUKYOKU ba="2,1" sc="342,-10,265,-10,148,30,235,-10" hai2="7,8,12,20,25,29,49,50,54,57,59,81,83" />
</Scene>
<Scene>
<INIT seed="1,3,1,0,3,39" ten="332,255,178,225" oya="1" hai0="124,125,54,116,83,74,43,47,27,79,65,10,81" hai1="105,106,77,14,69,29,117,90,100,40,114,130,30" hai2="51,107,26,118,24,56,22,12,11,32,38,9,53" hai3="35,109,60,108,111,55,120,36,34,5,135,82,132"/><U115/><E69/><V121/><F118/><W131/><G36/><T61/><D116/><U78/><E117/><V102/><F121/><W52/><G120/><T113/><D113/><U6/><E130/><V75/><F75/><W2/><G131/><T70/><D81/><U58/><E6/><V133/><F38/><W20/><G82/><T46/><D54/><N who="3" m="20521" /><G60/><T31/><D10/><U93/><E14/><V123/><F133/><N who="3" m="51275" /><G20/><T91/><D61/><U45/><E58/><V37/><F37/><W49/><G49/><T87/><D83/><U41/><E45/><V99/><F32/><N who="3" m="12331" /><G5/><T16/><D74/><U66/><E66/><V59/><F59/><W84/><G84/><T72/><D87/><U88/><E100/><V18/><F123/><W98/><G98/><T62/><D72/><U103/><E103/><V25/><AGARI ba="3,1" hai="9,11,12,18,22,24,25,26,51,53,56,99,102,107" machi="25" ten="30,1100,0" yaku="0,1" doraHai="39" who="2" fromWho="2" sc="332,-6,255,-8,178,30,225,-6" />
</Scene>
<Scene>
<INIT seed="2,0,0,4,2,81" ten="326,247,208,219" oya="2" hai0="99,73,93,109,77,7,59,17,49,22,135,9,32" hai1="1,33,117,125,69,20,18,67,63,54,76,97,30" hai2="75,10,0,118,122,12,29,102,85,4,101,72,91" hai3="61,121,100,79,36,45,53,11,35,23,28,25,50"/><V70/><F122/><W134/><G121/><T74/><D32/><U128/><E117/><V41/><F118/><W57/><G134/><T26/><D135/><U78/><E128/><V82/><F70/><W13/><G100/><T108/><D49/><U31/><E125/><V80/><F41/><W56/><G36/><T42/><D42/><U113/><E1/><V64/><F64/><W98/><G98/><T66/><D59/><U62/><E113/><V15/><F29/><W14/><G79/><T37/><D37/><U114/><E114/><V55/><F55/><W43/><G56/><T90/><D66/><U83/><E97/><V2/><F15/><W21/><REACH who="3" step="1"/><G13/><REACH who="3" ten="326,247,208,209" step="2"/><N who="0" m="5311" /><D77/><U124/><E78/><V129/><F129/><W48/><G48/><T95/><D99/><U60/><E60/><V39/><F39/><W40/><G40/><T105/><D105/><U131/><E63/><V126/><F126/><W132/><G132/><T65/><D74/><U123/><E124/><V84/><F75/><W24/><G24/><T103/><D73/><U89/><E123/><V110/><F72/><W58/><G58/><T106/><D106/><U3/><E76/><V92/><F102/><W46/><G46/><T34/><D103/><U107/><E131/><V87/><F101/><W120/><G120/><T5/><D26/><U16/><E107/><V88/><REACH who="2" step="1"/><F110/><REACH who="2" ten="326,247,198,209" step="2"/><W119/><G119/><T96/><D109/><U47/><E69/><V68/><F68/><W127/><G127/><T130/><D108/><U19/><E3/><V6/><F6/><AGARI ba="0,2" hai="6,11,14,21,23,25,28,35,43,45,50,53,57,61" machi="6" ten="30,2000,0" yaku="1,1,7,1,53,0" doraHai="81" doraHaiUra="94" who="3" fromWho="2" sc="326,0,247,0,198,-20,209,40" />
</Scene>
<Scene>
<INIT seed="3,0,0,3,2,90" ten="326,247,178,249" oya="3" hai0="82,0,111,120,95,72,15,107,100,71,48,4,59" hai1="119,51,36,43,16,110,3,77,41,118,8,132,124" hai2="52,114,20,34,54,97,53,2,1,11,29,103,47" hai3="62,86,112,113,93,98,78,128,5,79,9,80,30"/><W84/><G30/><T75/><D120/><U39/><E110/><V135/><F34/><W49/><G128/><T65/><D0/><U69/><E69/><V126/><F114/><W109/><G109/><T63/><D107/><U94/><E77/><V87/><F126/><W33/><G33/><T27/><D111/><U104/><E104/><V106/><F135/><W64/><G49/><T60/><D82/><U61/><E61/><V92/><F106/><W45/><G45/><T123/><D123/><U25/><E132/><V102/><F102/><W68/><G86/><T83/><D83/><U38/><E51/><V56/><F87/><W99/><G78/><T105/><D105/><U127/><E3/><V26/><F47/><W12/><REACH who="3" step="1"/><G99/><REACH who="3" ten="326,247,178,239" step="2"/><T115/><D48/><U70/><E127/><V131/><F131/><W74/><G74/><T81/><D75/><U28/><E124/><V108/><F108/><W121/><G121/><T35/><D35/><U6/><E28/><V133/><F133/><W19/><G19/><T134/><D72/><U13/><E39/><V57/><F2/><W88/><AGARI ba="0,1" hai="5,9,12,62,64,68,79,80,84,88,93,98,112,113" machi="88" ten="20,12000,1" yaku="1,1,0,1,7,1,52,1,54,1,53,0" doraHai="90" doraHaiUra="50" who="3" fromWho="3" sc="326,-40,247,-40,178,-40,239,130" />
</Scene>
<Scene>
<INIT seed="3,1,0,2,4,35" ten="286,207,138,369" oya="3" hai0="111,79,66,38,15,128,64,83,43,7,109,33,26" hai1="12,115,81,10,74,84,17,93,65,55,98,125,41" hai2="132,0,122,91,8,62,86,123,92,21,13,103,102" hai3="90,113,54,18,46,40,73,118,114,106,107,24,88"/><W121/><G118/><T76/><D128/><U69/><E125/><V77/><F132/><W131/><G121/><N who="2" m="46089" /><F77/><W52/><G73/><T50/><D79/><U59/><E115/><V95/><F95/><W85/><G131/><T29/><D38/><U5/><E74/><V51/><F51/><W72/><G72/><T112/><D112/><U71/><E65/><V34/><F34/><W58/><G24/><T94/><D94/><U119/><E41/><V20/><F62/><W124/><G124/><T80/><D64/><U61/><E119/><V82/><F92/><W104/><G18/><T130/><D66/><U89/><REACH who="1" step="1"/><E17/><REACH who="1" ten="286,197,138,369" step="2"/><V70/><F70/><W25/><G114/><T116/><D43/><U135/><E135/><V3/><F103/><AGARI ba="1,1" hai="5,10,12,55,59,61,69,71,81,84,89,93,98,103" machi="103" ten="30,2000,0" yaku="1,1,7,1,53,0" doraHai="35" doraHaiUra="19" who="1" fromWho="2" sc="286,0,197,33,138,-23,369,0" />
</Scene>
<Scene>
<INIT seed="4,0,0,4,1,24" ten="286,230,115,369" oya="0" hai0="26,2,116,98,95,18,58,67,29,99,23,127,60" hai1="12,31,64,57,106,38,88,27,47,92,120,73,74" hai2="123,135,62,105,81,113,110,11,111,0,22,125,52" hai3="32,117,102,86,101,97,41,68,5,16,103,6,55"/><T109/><D127/><U76/><E106/><V90/><F123/><W19/><G68/><T49/><D109/><U115/><E120/><V96/><F113/><W37/><G117/><T72/><D116/><U121/><E121/><V104/><F125/><W70/><G70/><T46/><D72/><U13/><E115/><V17/><F135/><W15/><G32/><T100/><D99/><U130/><E130/><V34/><F34/><W33/><G33/><T35/><D2/><U28/><E74/><V7/><F105/><W20/><G97/><T30/><D35/><U94/><E73/><V45/><F104/><W21/><G55/><AGARI ba="0,0" hai="18,23,26,29,30,46,49,55,58,60,67,95,98,100" machi="55" ten="30,11600,0" yaku="7,1,8,1,52,2" doraHai="24" who="0" fromWho="3" sc="286,116,230,0,115,0,369,-116" />
</Scene>
<Scene>
<INIT seed="4,1,0,5,0,112" ten="402,230,115,253" oya="0" hai0="62,35,2,71,41,6,76,105,95,18,9,79,94" hai1="16,117,77,87,116,99,125,4,44,0,69,89,8" hai2="63,30,17,29,121,119,72,93,39,24,74,131,19" hai3="27,56,25,60,78,68,38,32,122,90,54,42,123"/><T84/><D105/><U109/><E69/><V21/><F121/><N who="3" m="46091" /><G78/><T101/><D35/><U65/><E65/><V40/><F131/><W47/><G32/><T120/><D120/><U49/><E109/><V82/><F30/><W67/><G90/><T91/><D41/><U106/><E125/><V33/><F19/><W57/><G57/><T48/><D48/><AGARI ba="1,0" hai="25,27,38,42,47,48,54,56,60,67,68" m="46091" machi="48" ten="30,2000,0" yaku="24,1,13,1" doraHai="112" who="3" fromWho="0" sc="402,-23,230,0,115,0,253,23" />
</Scene>
<Scene>
<INIT seed="5,0,0,3,5,122" ten="379,230,115,276" oya="1" hai0="66,106,79,124,8,74,19,114,111,121,89,20,41" hai1="115,35,100,69,38,9,105,21,60,63,61,113,55" hai2="49,98,1,30,77,67,28,104,133,25,13,75,71" hai3="132,22,16,12,47,48,18,91,51,131,44,90,97"/><U23/><E35/><V72/><F133/><W17/><G132/><T94/><D111/><U3/><E38/><V112/><F1/><W116/><G131/><T129/><D106/><U126/><E69/><V45/><F77/><W85/><G97/><T119/><D119/><U68/><E68/><V32/><F28/><W29/><G29/><T110/><D110/><U59/><E126/><V43/><F13/><W14/><G116/><T6/><D66/><U82/><E82/><V34/><F34/><W65/><G65/><T103/><D103/><U120/><E120/><V108/><F108/><W84/><G17/><T0/><D41/><U10/><E100/><V36/><F49/><W83/><G22/><N who="1" m="8202" /><E105/><V2/><F2/><W127/><REACH who="3" step="1"/><G83/><REACH who="3" ten="379,230,115,266" step="2"/><T27/><D19/><U33/><E33/><V24/><F24/><W93/><G93/><T80/><D94/><U57/><E3/><V87/><F98/><W109/><G109/><T88/><D20/><U125/><E125/><AGARI ba="0,1" hai="12,14,16,18,44,47,48,51,84,85,90,91,125,127" machi="125" ten="25,6400,0" yaku="1,1,22,2,54,1,53,0" doraHai="122" doraHaiUra="78" who="3" fromWho="1" sc="379,0,230,-64,115,0,266,74" />
</Scene>
<Scene>
<INIT seed="6,0,0,2,4,34" ten="379,166,115,340" oya="2" hai0="98,1,129,122,65,100,4,117,81,118,16,52,83" hai1="50,49,38,31,51,123,101,7,86,0,54,91,114" hai2="9,102,107,116,80,29,94,108,135,43,53,105,58" hai3="60,30,133,19,68,132,66,28,104,115,78,26,20"/><V63/><F116/><N who="0" m="44650" /><D122/><U47/><E123/><V88/><F135/><N who="3" m="51787" /><G104/><T85/><D129/><U119/><E119/><V82/><F108/><W127/><G127/><T2/><D4/><U12/><E114/><V126/><F126/><W24/><G115/><T8/><D65/><U62/><E101/><V77/><F43/><W35/><G78/><N who="0" m="46263" /><D52/><U42/><E31/><AGARI ba="0,0" hai="19,20,24,26,28,30,31,35,60,66,68" m="51787" machi="31" ten="30,1000,0" yaku="20,1" doraHai="34" who="3" fromWho="1" sc="379,0,166,-10,115,0,340,10" />
</Scene>
<Scene>
<INIT seed="7,0,0,0,4,101" ten="379,156,115,350" oya="3" hai0="8,80,67,96,120,102,105,54,65,22,127,112,99" hai1="37,38,130,115,76,32,97,5,84,41,57,73,59" hai2="78,36,90,24,134,75,39,123,42,17,45,68,77" hai3="81,64,47,43,85,21,95,46,100,122,129,33,7"/><W72/><G33/><T110/><D110/><U116/><E32/><V61/><F36/><W19/><G122/><T118/><D120/><U98/><E73/><V86/><F75/><W87/><G72/><T51/><D118/><U34/><E34/><V125/><F123/><W3/><G64/><T53/><D112/><U26/><E26/><V60/><F134/><W48/><G129/><T52/><D127/><U49/><E130/><V124/><F24/><W126/><G126/><T82/><D51/><U28/><E28/><V16/><F125/><W18/><G46/><T109/><D109/><U14/><E115/><V107/><F107/><W108/><G108/><T12/><D22/><U133/><E133/><V128/><F128/><W93/><G7/><T66/><REACH who="0" step="1"/><D96/><REACH who="0" ten="369,156,115,350" step="2"/><U44/><E98/><V29/><F124/><W2/><G3/><T117/><D117/><U88/><E116/><V35/><F35/><W40/><G2/><T58/><D58/><U113/><E113/><V63/><F68/><W83/><G48/><T31/><D31/><U94/><E38/><V111/><F29/><W74/><G74/><T11/><D11/><N who="1" m="4463" /><E37/><V114/><F114/><W104/><G47/><T1/><D1/><U121/><E121/><V132/><F132/><W103/><G21/><T79/><D79/><U4/><E59/><V15/><F111/><W10/><G10/><T92/><D92/><U91/><E57/><V69/><F69/><W20/><G20/><T25/><D25/><U23/><E23/><V71/><F71/><W106/><AGARI ba="0,1" hai="18,19,40,43,81,83,85,87,93,95,100,103,104,106" machi="106" ten="25,12000,1" yaku="0,1,22,2,52,2" doraHai="101" who="3" fromWho="3" sc="369,-40,156,-40,115,-40,350,130" owari="329,13.0,116,-28.0,75,-42.0,480,57.0" />
</Scene>
</mjloggm>