<mjloggm ver="2.3"><GO type="169" lobby="0"/><UN n0="%E3%83%87%E3%82%B8%E3%82%BF%E3%83%AB%E4%BB%99%E4%BA%BA" n1="%70%65%72%6F%32" n2="%41%53%41%50%49%4E" n3="%E3%83%9F%E3%82%B9%E5%8C%97%E5%8D%83%E4%BD%8F" dan="19,16,19,16" rate="2253.34,2059.42,2234.54,2089.32" sx="F,M,M,F"/><TAIKYOKU oya="0"/>

<Scene>
<INIT seed="0,0,0,4,1,78" ten="250,250,250,250" oya="0" hai0="25,30,64,35,82,129,9,100,124,93,19,106,50" hai1="85,17,73,31,48,22,71,114,8,15,108,58,123" hai2="56,12,86,3,74,125,59,38,65,81,51,14,6" hai3="29,131,116,89,60,37,102,40,121,43,2,55,70"/><T27/><D129/><U88/><E123/><V84/><F38/><W118/><G131/><T49/><D124/><U95/><E114/><V18/><F125/><W63/><G121/><T42/><D106/><U119/><E119/><V21/><F3/><W77/><G2/><T10/><D64/><U44/><E71/><V54/><F74/><W23/><G102/><T111/><D111/><U101/><E73/><V115/><F115/><W39/><G77/><T53/><D42/><U110/><E101/><V33/><F33/><W90/><G23/><T80/><D50/><U1/><E58/><V94/><F94/><W47/><G29/><T36/><D36/><U126/><E126/><V41/><F41/><W87/><G55/><T13/><D10/><U134/><E134/><V98/><F98/><W127/><G127/><T92/><D27/><U24/><REACH who="1" step="1"/><E1/><REACH who="1" ten="250,240,250,250" step="2"/><V75/><F75/><W45/><G87/><T128/><D128/><U112/><E112/><V46/><F84/><W72/><G72/><T135/><D135/><U105/><E105/><V62/><F86/><W120/><G120/><T57/><REACH who="0" step="1"/><D100/><REACH who="0" ten="240,240,250,250" step="2"/><U5/><E5/><V107/><F6/><W96/><G70/><T113/><D113/><U79/><E79/><V104/><F107/><W91/><G118/><T103/><D103/><U97/><E97/><V99/><F99/><W52/><G116/><T132/><D132/><U11/><E11/><V67/><F104/><W32/><G96/><T117/><D117/><U16/><E16/><V76/><F18/><W133/><G133/><T122/><D122/><U7/><E7/><RYUUKYOKU ba="0,2" sc="240,15,240,15,250,-15,250,-15" hai0="9,13,19,25,30,35,49,53,57,80,82,92,93" hai1="8,15,17,22,24,31,44,48,85,88,95,108,110" />
</Scene>
<Scene>
<INIT seed="0,1,2,4,5,64" ten="255,255,235,235" oya="0" hai0="0,98,85,100,91,126,129,30,49,83,68,88,95" hai1="53,63,33,48,84,42,125,6,77,62,3,56,104" hai2="130,90,13,89,132,66,21,36,54,35,78,46,135" hai3="28,39,112,9,12,27,116,16,113,8,38,92,99"/><T15/><D0/><U31/><E104/><V23/><F35/><W20/><G116/><T73/><D129/><U103/><E125/><V34/><F34/><W79/><G79/><T37/><D37/><U7/><E103/><V101/><F130/><W22/><G39/><T70/><D126/><U44/><E3/><V51/><F36/><W111/><G38/><T122/><D122/><U14/><E33/><V109/><F109/><W93/><G111/><T134/><D134/><N who="2" m="51242" /><F101/><W75/><G75/><T5/><D30/><U2/><E31/><V119/><F119/><W47/><G47/><T76/><D49/><N who="1" m="26775" /><E2/><V121/><F121/><W19/><G93/><T94/><REACH who="0" step="1"/><D100/><REACH who="0" ten="245,255,235,235" step="2"/><U74/><E48/><V10/><F51/><W67/><G113/><T55/><D55/><U123/><E53/><V106/><F54/><W4/><G112/><T29/><D29/><U127/><E123/><V24/><F46/><W59/><G67/><T18/><D18/><U58/><E127/><V52/><F52/><W82/><G19/><T26/><D26/><U108/><E108/><V80/><F24/><W50/><G28/><T11/><AGARI ba="1,3" hai="5,11,15,68,70,73,76,83,85,88,91,94,95,98" machi="11" ten="30,12000,1" yaku="1,1,0,1,52,2,54,1,53,0" doraHai="64" doraHaiUra="128" who="0" fromWho="0" sc="245,153,255,-41,235,-41,235,-41" />
</Scene>
<Scene>
<INIT seed="0,2,0,3,0,75" ten="398,214,194,194" oya="0" hai0="28,113,123,17,50,44,47,72,27,115,78,95,122" hai1="117,111,9,127,29,85,129,135,88,7,62,79,66" hai2="118,3,125,103,98,107,116,77,59,43,14,108,54" hai3="45,57,32,87,15,97,56,106,120,105,126,2,124"/><T12/><D115/><U34/><E117/><V48/><F3/><W86/><G2/><T73/><D113/><U38/><E111/><V99/><F108/><W82/><G32/><T65/><D65/><U46/><E129/><V131/><F131/><W40/><G120/><T24/><D95/><U60/><E135/><V69/><F69/><W53/><G15/><T90/><D90/><U81/><E127/><N who="3" m="48682" /><G87/><T0/><D0/><U119/><E119/><V61/><F125/><W11/><G11/><T67/><D67/><U104/><E104/><N who="3" m="40042" /><G97/><T94/><D73/><U110/><E110/><V51/><F98/><W16/><G16/><T112/><D112/><U130/><E130/><V132/><F132/><W26/><G26/><T35/><D27/><U80/><E34/><V42/><F118/><W83/><G53/><T100/><D12/><U55/><E66/><V128/><F116/><W20/><G20/><T22/><D17/><U114/><E114/><V6/><F128/><W68/><G68/><T92/><D35/><U121/><E121/><V64/><F64/><W101/><G101/><T91/><D100/><U19/><E19/><V31/><F31/><W134/><G134/><T41/><D123/><U33/><E29/><V1/><F1/><W74/><G74/><T23/><D28/><U89/><E33/><V96/><F103/><W133/><G133/><T36/><D72/><N who="1" m="43111" /><E55/><V39/><F54/><W5/><G5/><T8/><D122/><U10/><E7/><V63/><F6/><W93/><G93/><T58/><D92/><U30/><E30/><V71/><F107/><RYUUKYOKU ba="2,0" sc="398,0,214,0,194,0,194,0" />
</Scene>
<Scene>
<INIT seed="1,3,0,4,4,99" ten="398,214,194,194" oya="1" hai0="96,5,50,103,116,42,93,44,10,32,70,91,58" hai1="74,110,113,114,111,38,78,104,57,84,3,48,60" hai2="122,24,37,0,7,72,112,13,82,54,65,51,105" hai3="108,123,87,68,22,107,8,109,12,117,45,2,62"/><U129/><E3/><V132/><F122/><W33/><G33/><T61/><D32/><U39/><E74/><V11/><F132/><W47/><G123/><T1/><D70/><U46/><E104/><V63/><F112/><N who="1" m="43113" /><E84/><V4/><F37/><N who="1" m="13833" /><E78/><V49/><F105/><W14/><G87/><T23/><D23/><U30/><E30/><V19/><F0/><W56/><G68/><T59/><D116/><U134/><E134/><V73/><F51/><W85/><G85/><T34/><D34/><U16/><E16/><V127/><F72/><W29/><G107/><T102/><REACH who="0" step="1"/><D59/><REACH who="0" ten="388,214,194,194" step="2"/><U80/><E129/><V17/><F24/><W36/><G22/><T90/><D90/><U86/><E80/><V97/><F82/><W115/><G117/><T67/><AGARI ba="3,1" hai="1,5,10,42,44,50,58,61,67,91,93,96,102,103" machi="67" ten="20,8000,1" yaku="1,1,0,1,7,1,52,2,53,0" doraHai="99" doraHaiUra="25" who="0" fromWho="0" sc="388,99,214,-43,194,-23,194,-23" />
</Scene>
<Scene>
<INIT seed="2,0,0,2,3,102" ten="487,171,171,171" oya="2" hai0="83,67,57,9,15,113,112,13,74,107,14,34,53" hai1="29,40,69,31,17,44,93,54,4,26,5,25,76" hai2="121,8,46,81,89,16,18,123,129,50,66,64,72" hai3="75,130,86,1,0,106,55,60,61,118,42,99,92"/><V125/><F129/><W88/><G118/><T95/><D34/><U23/><E69/><V32/><F32/><W36/><G75/><T122/><D122/><U38/><E54/><V84/><F125/><W105/><G1/><T56/><D107/><U30/><E76/><V28/><F28/><W2/><G2/><T131/><D131/><U77/><E77/><V104/><F72/><W20/><G0/><T11/><D67/><U82/><E82/><V49/><F104/><W80/><G130/><T127/><D127/><U103/><REACH who="1" step="1"/><E25/><REACH who="1" ten="487,161,171,171" step="2"/><V41/><F123/><W85/><G55/><T3/><D83/><U10/><E10/><V96/><F121/><W134/><G80/><T73/><D53/><U101/><E101/><V94/><F8/><W98/><G88/><T37/><D14/><U48/><E48/><V119/><F49/><W70/><G70/><T7/><D3/><U120/><E120/><V6/><F119/><W128/><G128/><T24/><D24/><U71/><E71/><V114/><F114/><W91/><G91/><T117/><D117/><U43/><E43/><V33/><F66/><W78/><G78/><T68/><D68/><U27/><E27/><V58/><F64/><W90/><G90/><T12/><D12/><U116/><E116/><V111/><F41/><W35/><G42/><T135/><D113/><U47/><E47/><V52/><F46/><W115/><G115/><T21/><D112/><U133/><E133/><V63/><F89/><W100/><G134/><T110/><D135/><U45/><E45/><V124/><F81/><W59/><G100/><RYUUKYOKU ba="0,1" sc="487,-10,161,30,171,-10,171,-10" hai1="4,5,17,23,26,29,30,31,38,40,44,93,103" />
</Scene>
<Scene>
<INIT seed="3,1,1,2,5,118" ten="477,191,161,161" oya="3" hai0="13,83,55,15,14,113,101,29,121,20,60,12,87" hai1="9,35,27,1,108,86,92,8,133,71,39,76,4" hai2="134,132,19,73,135,70,72,127,96,100,28,105,75" hai3="109,48,10,94,89,124,78,129,23,114,93,30,103"/><W44/><G114/><T116/><D116/><U95/><E71/><V56/><F70/><W45/><G129/><T40/><D121/><U131/><E39/><V2/><F2/><W52/><G124/><T98/><D40/><U126/><E126/><V81/><F127/><W106/><G106/><T111/><D111/><U107/><E107/><V62/><F28/><W41/><G109/><T59/><D113/><U54/><E108/><V88/><F19/><W91/><G78/><T53/><D53/><U122/><E122/><V84/><F56/><W120/><G120/><T17/><D29/><U97/><E133/><V123/><F62/><W85/><G10/><T3/><D3/><U7/><E131/><V99/><F123/><W68/><G68/><T43/><D43/><U25/><E35/><V67/><F67/><W21/><G103/><T104/><D14/><U115/><E54/><V16/><F16/><W18/><G30/><T82/><D82/><U37/><E37/><V74/><F74/><W66/><G66/><T117/><D117/><U46/><E115/><V57/><F57/><W125/><G125/><T42/><D42/><U24/><E46/><V36/><F36/><W32/><G32/><T119/><D119/><U61/><E61/><V112/><F112/><W38/><REACH who="3" step="1"/><G18/><REACH who="3" ten="477,191,161,151" step="2"/><T77/><AGARI ba="1,2" hai="12,13,15,17,20,55,59,60,77,83,87,98,101,104" machi="77" ten="20,1500,0" yaku="0,1,7,1" doraHai="118" who="0" fromWho="0" sc="477,38,191,-5,161,-5,151,-8" />
</Scene>
<Scene>
<INIT seed="4,0,0,1,1,42" ten="515,186,156,143" oya="0" hai0="25,83,88,134,67,9,58,131,65,0,2,109,129" hai1="115,116,10,43,21,108,99,82,28,70,106,132,13" hai2="35,26,68,77,103,105,55,22,15,54,62,41,60" hai3="72,39,20,87,75,71,97,92,24,79,84,86,32"/><T38/><D38/><U118/><E70/><V49/><F35/><W46/><G71/><T52/><D25/><U102/><E108/><V120/><F120/><W124/><G32/><T44/><D134/><U94/><E132/><V30/><F77/><W50/><G39/><T33/><D33/><U16/><E115/><V18/><F41/><W73/><G124/><T128/><D109/><U27/><E43/><V23/><F68/><W4/><G4/><N who="0" m="1159" /><D44/><U47/><E47/><V95/><F105/><W130/><G130/><T12/><D12/><U96/><REACH who="1" step="1"/><E82/><REACH who="1" ten="515,176,156,143" step="2"/><V69/><F69/><W45/><G50/><N who="0" m="30999" /><D83/><U8/><E8/><V122/><F122/><W93/><G79/><T123/><D123/><U19/><E19/><V36/><F36/><W51/><G51/><T121/><D121/><U110/><E110/><V76/><F76/><W81/><G81/><T63/><D128/><U85/><E85/><V133/><F133/><W53/><G53/><T61/><D129/><U57/><E57/><V127/><F127/><W5/><G5/><T31/><D131/><U37/><E37/><V117/><F55/><W66/><G66/><T40/><D67/><U34/><E34/><V80/><F80/><W78/><G78/><T7/><D65/><U119/><E119/><V48/><F117/><W114/><G114/><T100/><D7/><U11/><E11/><V56/><F49/><W98/><G46/><T64/><D64/><U74/><E74/><V91/><F103/><AGARI ba="0,1" hai="10,13,16,21,27,28,94,96,99,102,103,106,116,118" machi="103" ten="30,3900,0" yaku="1,1,7,1,54,1,53,0" doraHai="42" doraHaiUra="125" who="1" fromWho="2" sc="515,0,176,49,156,-39,143,0" />
</Scene>
<Scene>
<INIT seed="5,0,0,1,1,28" ten="515,225,117,143" oya="1" hai0="18,100,81,38,98,41,82,19,6,62,116,1,89" hai1="57,8,66,85,122,106,50,39,17,125,120,80,73" hai2="15,56,117,99,47,13,87,4,131,95,119,69,32" hai3="103,42,92,71,74,58,5,91,2,114,51,55,124"/><U75/><E39/><V26/><F69/><W104/><G71/><T63/><D116/><U45/><E106/><V52/><F131/><W43/><G74/><T40/><D6/><U36/><E36/><V22/><F87/><W11/><G114/><T16/><D1/><U112/><E112/><V48/><F32/><W76/><G124/><T88/><D38/><U35/><E35/><V102/><F4/><W64/><G76/><T113/><D113/><U86/><E125/><V97/><F117/><W72/><G72/><T20/><D20/><U134/><E134/><V14/><F119/><W133/><G133/><T29/><D29/><U110/><E110/><V105/><F47/><W70/><G103/><T132/><D100/><U34/><E34/><V27/><REACH who="2" step="1"/><F22/><REACH who="2" ten="515,225,107,143" step="2"/><W24/><G104/><T101/><D132/><U9/><E73/><V123/><F123/><W59/><G70/><T23/><D23/><U54/><E75/><V60/><F60/><W67/><G5/><T109/><D63/><N who="1" m="38255" /><E122/><V83/><F83/><W130/><G130/><T84/><D62/><U127/><E120/><V79/><F79/><W31/><G31/><T129/><D129/><U46/><E127/><V135/><F135/><W25/><G25/><T3/><D82/><U93/><E46/><V61/><F61/><W126/><G24/><T10/><D81/><U0/><E85/><V115/><F115/><W118/><G126/><T21/><D84/><U78/><E86/><V121/><F121/><W107/><G118/><T108/><D21/><U90/><E80/><V65/><F65/><W49/><G67/><RYUUKYOKU ba="0,1" sc="515,-10,225,-10,107,30,143,-10" hai2="13,14,15,26,27,48,52,56,95,97,99,102,105" />
</Scene>
<Scene>
<INIT seed="6,1,1,0,3,41" ten="505,215,137,133" oya="2" hai0="21,20,51,43,116,114,47,102,130,128,122,125,89" hai1="112,129,7,100,96,40,23,109,85,111,55,107,1" hai2="67,103,57,90,66,49,5,27,6,48,117,95,53" hai3="131,86,33,0,134,71,74,119,127,104,24,17,42"/><V10/><F117/><W133/><RYUUKYOKU type="yao9" ba="1,1" sc="505,0,215,0,137,0,133,0" hai3="0,17,24,33,42,71,74,86,104,119,127,131,133,134" />
</Scene>
<Scene>
<INIT seed="6,2,1,2,3,68" ten="505,215,137,133" oya="2" hai0="46,64,76,2,107,118,85,55,32,116,104,36,33" hai1="95,7,131,19,67,135,28,69,105,53,78,1,126" hai2="133,13,26,54,110,90,50,128,96,21,38,52,98" hai3="16,121,43,62,35,83,9,71,70,15,80,88,99"/><V58/><F128/><W23/><G121/><T11/><D64/><U61/><E105/><V66/><F133/><W73/><G35/><T3/><D85/><U34/><E126/><V8/><F110/><W132/><G132/><T100/><D76/><U5/><E19/><V81/><F38/><W92/><G73/><T75/><D75/><U124/><E124/><V93/><F66/><W101/><G43/><N who="0" m="22887" /><D55/><U111/><E53/><N who="2" m="32055" /><F81/><N who="3" m="31307" /><G71/><T87/><D87/><U18/><E135/><V109/><F98/><W59/><G70/><T30/><D33/><U56/><E131/><V37/><F37/><W127/><G127/><T112/><D104/><U108/><E69/><V25/><F109/><W0/><G0/><T114/><D2/><U29/><E1/><V134/><F134/><W63/><G101/><T31/><D32/><U123/><E123/><V82/><F82/><W119/><G119/><T129/><D129/><U51/><E108/><V79/><F79/><W20/><G63/><T57/><D118/><U91/><E78/><V24/><F21/><W84/><G99/><T12/><D3/><U130/><E111/><V14/><F14/><W74/><G74/><T49/><D12/><U22/><E130/><V6/><AGARI ba="2,1" hai="6,8,13,24,25,26,52,54,90,93,96" m="32055" machi="6" ten="30,3000,0" yaku="8,1,54,1" doraHai="68" who="2" fromWho="2" sc="505,-12,215,-12,137,46,133,-12" />
</Scene>
<Scene>
<INIT seed="6,3,0,4,5,71" ten="493,203,183,121" oya="2" hai0="135,48,14,122,38,21,118,54,7,133,11,74,16" hai1="109,102,116,70,56,51,104,120,66,57,115,97,87" hai2="10,67,1,83,29,88,103,28,91,119,79,129,41" hai3="36,18,76,46,86,65,112,95,27,101,131,108,73"/><V33/><F119/><W90/><G108/><T5/><D38/><U4/><E116/><V127/><F129/><W111/><G111/><T93/><D118/><U61/><E109/><V58/><F127/><W80/><G131/><T13/><D74/><U24/><E120/><V106/><F41/><W63/><G112/><T53/><D122/><U117/><E117/><V81/><F81/><W45/><G36/><T3/><D93/><U62/><E115/><V59/><F106/><W55/><G55/><T98/><D98/><U30/><E4/><V99/><F10/><W128/><G128/><T0/><D53/><U84/><E51/><V50/><F1/><W8/><G101/><T134/><D7/><U78/><E78/><V35/><F50/><W96/><G73/><T121/><D121/><U37/><E37/><V39/><F39/><W85/><G96/><T82/><D82/><U89/><E89/><V124/><F124/><W132/><G132/><T123/><D123/><U68/><E68/><V77/><F99/><W72/><G72/><T110/><D110/><U125/><E125/><V40/><F83/><W2/><G2/><T6/><D5/><U25/><E70/><V15/><F40/><W12/><G27/><T64/><D64/><N who="1" m="38951" /><E25/><V43/><F43/><W26/><G26/><T20/><D21/><N who="1" m="15631" /><E104/><V23/><F103/><W32/><REACH who="3" step="1"/><G32/><REACH who="3" ten="493,203,183,111" step="2"/><T34/><D34/><U31/><E97/><V22/><F15/><W17/><G17/><T69/><D3/><U94/><E31/><V75/><F75/><W52/><G52/><T9/><D0/><U60/><E102/><RYUUKYOKU ba="3,1" sc="493,-15,203,-15,183,15,111,15" hai2="22,23,28,29,33,35,58,59,67,77,79,88,91" hai3="8,12,18,45,46,63,65,76,80,85,86,90,95" />
</Scene>
<Scene>
<INIT seed="6,4,1,4,2,20" ten="478,188,198,126" oya="2" hai0="110,59,10,78,134,133,33,96,29,106,94,102,101" hai1="12,80,13,19,60,90,41,66,89,128,65,17,0" hai2="5,93,31,118,43,82,36,30,107,39,113,92,83" hai3="98,99,47,46,81,131,84,44,79,127,114,40,38"/><V24/><F118/><W132/><G132/><N who="0" m="50795" /><D110/><U122/><E122/><V88/><F107/><W15/><G131/><T8/><D78/><U23/><E0/><V67/><F113/><W103/><G114/><T50/><D102/><U112/><E112/><V64/><F5/><W37/><G127/><T120/><D120/><U58/><E128/><V68/><F43/><W48/><G99/><T121/><D121/><U63/><E41/><V9/><F9/><W73/><G73/><T26/><D94/><U130/><E80/><V2/><F2/><W55/><G38/><T70/><D70/><U111/><E111/><V97/><F92/><W14/><REACH who="3" step="1"/><G47/><REACH who="3" ten="478,188,198,116" step="2"/><T21/><D96/><U35/><E130/><V51/><F39/><W72/><G72/><T57/><D106/><AGARI ba="4,2" hai="14,15,37,40,44,46,48,55,79,81,84,98,103,106" machi="106" ten="30,2000,0" yaku="1,1,7,1,53,0" doraHai="20" doraHaiUra="18" who="3" fromWho="0" sc="478,-32,188,0,198,0,116,52" />
</Scene>
<Scene>
<INIT seed="7,0,0,5,3,74" ten="446,188,198,168" oya="3" hai0="83,71,135,34,116,40,1,86,58,99,85,32,88" hai1="31,60,109,126,54,84,91,9,15,106,0,13,129" hai2="76,29,87,94,37,79,63,39,49,133,103,44,41" hai3="21,26,55,111,51,70,67,28,132,95,22,18,4"/><W52/><G132/><T92/><D71/><U82/><E106/><V11/><F133/><W134/><G134/><T97/><D1/><U3/><E109/><V27/><F63/><W16/><G111/><T20/><D116/><U125/><E31/><V115/><F115/><W96/><G4/><T102/><D40/><U117/><E117/><V61/><F61/><W130/><G130/><T6/><D6/><N who="1" m="3255" /><E15/><V53/><F11/><W105/><G105/><T101/><D58/><N who="1" m="34903" /><E129/><V68/><F68/><W121/><G121/><T5/><D86/><U120/><E120/><V56/><F39/><W47/><G55/><T72/><D88/><U30/><E30/><V66/><F66/><W48/><G48/><T17/><D92/><U114/><E114/><V14/><F14/><N who="3" m="9367" /><G67/><T122/><D5/><U59/><E59/><V81/><F94/><W2/><G2/><T69/><D69/><U75/><E75/><V50/><F37/><W123/><G123/><T113/><D72/><U25/><E25/><V43/><F43/><W78/><G70/><T118/><D122/><U98/><E98/><V108/><F108/><W36/><G36/><T100/><D97/><U64/><E64/><V35/><F103/><N who="3" m="60831" /><G28/><T62/><D100/><U128/><E128/><V89/><AGARI ba="0,0" hai="27,29,35,41,44,49,50,53,56,76,79,81,87,89" machi="89" ten="20,5200,0" yaku="0,1,7,1,52,2" doraHai="74" who="2" fromWho="2" sc="446,-13,188,-13,198,52,168,-26" owari="433,53.0,175,-22.0,250,5.0,142,-36.0" />
</Scene>
</mjloggm>