<mjloggm ver="2.3"><GO type="169" lobby="0"/><UN n0="%E8%B6%8A%E6%99%BA%E3%81%AB%E3%82%83%E3%82%93" n1="%E3%83%95%E3%83%AA%E3%83%86%E3%83%B3" n2="%6D%61%63%6A%72" n3="%41%53%41%50%49%4E" dan="16,16,16,19" rate="2006.22,2072.38,2157.51,2255.81" sx="M,M,F,M"/><TAIKYOKU oya="0"/>

<Scene>
<INIT seed="0,0,0,3,3,90" ten="250,250,250,250" oya="0" hai0="115,4,42,79,46,116,94,45,59,82,44,7,1" hai1="37,88,69,130,58,97,71,18,36,43,92,49,125" hai2="14,81,20,117,91,70,123,26,15,75,76,131,107" hai3="33,57,100,55,60,127,122,35,51,34,40,96,29"/><T134/><D116/><U6/><E125/><V98/><F123/><W5/><G127/><T108/><D115/><U120/><E120/><V101/><F117/><W52/><G122/><T111/><D134/><U38/><E130/><V27/><F131/><W56/><G5/><T24/><D59/><U99/><E6/><V28/><F70/><W74/><G40/><T12/><D1/><U54/><E43/><V11/><F11/><W50/><G74/><T132/><D132/><U16/><REACH who="1" step="1"/><E99/><REACH who="1" ten="250,240,250,250" step="2"/><V19/><REACH who="2" step="1"/><F91/><REACH who="2" ten="250,240,240,250" step="2"/><W86/><G96/><T83/><D42/><U67/><E67/><V110/><F110/><W114/><G114/><T23/><D108/><U63/><E63/><V121/><F121/><W77/><G60/><T61/><D61/><U118/><E118/><V89/><F89/><W128/><G128/><T22/><D111/><U105/><E105/><V66/><F66/><W3/><G100/><T129/><D129/><U126/><E126/><V109/><F109/><W48/><G55/><T135/><D135/><U104/><E104/><V64/><F64/><W47/><G52/><T113/><D113/><U72/><E72/><V102/><F102/><W39/><G86/><T80/><D79/><U32/><E32/><AGARI ba="0,2" hai="14,15,19,20,26,27,28,32,75,76,81,98,101,107" machi="32" ten="30,3900,0" yaku="1,1,7,1,53,1" doraHai="90" doraHaiUra="95" who="2" fromWho="1" sc="250,0,240,-39,240,59,250,0" />
</Scene>
<Scene>
<INIT seed="1,0,0,2,5,30" ten="250,201,299,250" oya="1" hai0="92,116,33,25,18,9,131,102,31,3,71,126,57" hai1="87,50,54,78,107,105,6,90,133,27,0,106,118" hai2="16,88,129,73,2,115,84,75,124,86,34,85,36" hai3="120,39,60,32,132,64,114,72,13,37,108,52,22"/><U26/><E118/><V93/><F36/><W103/><G120/><T41/><D116/><U99/><E133/><V35/><F2/><W109/><G114/><T77/><D71/><U51/><E78/><V130/><F115/><W91/><G72/><N who="2" m="27721" /><F16/><N who="3" m="10511" /><G132/><T76/><D131/><N who="2" m="50186" /><F124/><W94/><G103/><T122/><D126/><U63/><E99/><AGARI ba="0,0" hai="34,35,84,85,86,88,93,99" m="50186,27721" machi="99" ten="40,8000,1" yaku="19,1,52,2,54,1" doraHai="30" who="2" fromWho="1" sc="250,0,201,-80,299,80,250,0" />
</Scene>
<Scene>
<INIT seed="2,0,0,4,3,9" ten="250,121,379,250" oya="2" hai0="85,109,45,97,95,130,115,30,118,39,135,53,14" hai1="92,121,105,3,0,23,77,69,7,71,35,98,31" hai2="41,49,12,54,16,110,79,117,26,125,119,124,34" hai3="42,94,131,37,120,65,6,78,13,133,93,56,127"/><V75/><F41/><W70/><G120/><T17/><D115/><U55/><E105/><V101/><F101/><W128/><G70/><T66/><D109/><U63/><E35/><V2/><F2/><W106/><G106/><T99/><D130/><U61/><E121/><V38/><F38/><W43/><G78/><T25/><D135/><U104/><E104/><V129/><F129/><W91/><G56/><T18/><D118/><U33/><E33/><V126/><F110/><W83/><G65/><T68/><D66/><U44/><E77/><V21/><F79/><W113/><G83/><T4/><D4/><U64/><E71/><V11/><F34/><W20/><G20/><T1/><D1/><U96/><E7/><V116/><F75/><W74/><G6/><T134/><D134/><U87/><E87/><V52/><F49/><W62/><G133/><T114/><D114/><U5/><E5/><AGARI ba="0,0" hai="5,11,12,16,21,26,52,54,116,117,119,124,125,126" machi="5" ten="50,12000,1" yaku="18,1,52,1,54,2" doraHai="9" who="2" fromWho="1" sc="250,0,121,-120,379,120,250,0" />
</Scene>
<Scene>
<INIT seed="2,1,0,5,0,56" ten="250,1,499,250" oya="2" hai0="85,20,87,75,17,104,61,100,94,108,67,102,66" hai1="117,71,89,23,134,123,97,57,19,46,101,96,120" hai2="109,40,58,12,39,110,11,63,55,26,54,69,121" hai3="4,60,105,38,122,72,28,52,22,18,37,16,115"/><V130/><F121/><N who="1" m="46665" /><E71/><V65/><F130/><W5/><G122/><T76/><D75/><U21/><E117/><V118/><F118/><W3/><G72/><T90/><D104/><U77/><E134/><V53/><F26/><W49/><G105/><T81/><D108/><N who="2" m="41578" /><F40/><W70/><G28/><T125/><D125/><U7/><E77/><V129/><F39/><W62/><G115/><T32/><D32/><U15/><E7/><N who="3" m="2634" /><G70/><T14/><REACH who="0" step="1"/><D67/><REACH who="0" ten="240,1,499,250" step="2"/><U116/><E116/><V43/><F129/><W131/><G131/><T48/><D48/><U10/><E46/><V95/><F65/><W133/><G37/><T33/><D33/><U44/><E44/><V91/><F69/><AGARI ba="1,1" hai="14,17,20,61,66,69,76,81,85,87,90,94,100,102" machi="69" ten="30,3900,0" yaku="1,1,7,1,52,1,53,0" doraHai="56" doraHaiUra="35" who="0" fromWho="2" sc="240,52,1,0,499,-42,250,0" />
</Scene>
<Scene>
<INIT seed="3,0,0,1,0,35" ten="292,1,457,250" oya="3" hai0="65,134,130,26,100,85,113,21,42,92,110,38,13" hai1="12,17,84,123,97,60,67,102,93,81,127,82,61" hai2="62,112,106,23,133,50,55,116,118,52,94,54,16" hai3="34,115,98,105,57,89,129,49,53,96,44,108,95"/><W48/><G115/><T74/><D74/><U30/><E123/><V73/><F106/><W69/><G34/><T76/><D113/><U14/><E127/><V107/><F107/><W88/><G69/><T20/><D110/><U37/><E37/><V40/><F73/><W91/><G108/><T126/><D126/><U87/><E30/><V72/><F72/><W4/><G129/><T45/><D130/><U18/><E67/><V124/><F112/><W27/><G27/><T8/><D134/><U58/><E58/><V5/><F5/><W47/><G57/><T120/><D65/><U6/><E6/><V0/><F0/><W101/><REACH who="3" step="1"/><G4/><REACH who="3" ten="292,1,457,240" step="2"/><T109/><D109/><U78/><E18/><V128/><F16/><W103/><G103/><T41/><D26/><U122/><E122/><V43/><F128/><W119/><G119/><T63/><D100/><U131/><E131/><V114/><F114/><W121/><G121/><T39/><D120/><U99/><E99/><V3/><F116/><W22/><G22/><T59/><D20/><N who="1" m="11303" /><E14/><V75/><F23/><W24/><G24/><T29/><D21/><U71/><E71/><V132/><F118/><W70/><G70/><T2/><D29/><U7/><E7/><V51/><F124/><W56/><G56/><T31/><D31/><U68/><E68/><V36/><F132/><W79/><G79/><AGARI ba="0,1" hai="60,61,78,79,81,82,84,87,93,97,102" m="11303" machi="79" ten="30,1000,0" yaku="8,1" doraHai="35" who="1" fromWho="3" sc="292,0,1,20,457,0,240,-10" />
</Scene>
<Scene>
<INIT seed="4,0,0,1,1,88" ten="292,21,457,230" oya="0" hai0="105,68,27,78,17,1,85,59,11,67,55,65,81" hai1="124,38,109,116,125,0,61,13,107,48,96,94,76" hai2="111,70,135,71,129,126,23,102,66,24,106,51,108" hai3="127,30,113,15,54,35,18,87,49,16,118,91,64"/><T117/><D117/><U14/><E38/><V7/><F126/><N who="1" m="48745" /><E0/><V130/><F135/><W3/><G127/><T74/><D105/><U99/><E116/><V43/><F7/><W97/><G118/><T31/><D68/><U4/><E109/><V83/><F83/><W50/><G3/><T20/><D74/><U121/><E121/><V112/><F112/><W39/><G113/><T77/><D77/><U101/><E4/><V22/><F102/><W32/><G39/><T37/><D37/><U134/><E134/><V53/><F43/><W80/><G64/><T36/><D36/><U26/><E76/><V9/><F9/><W69/><G69/><T120/><D120/><U82/><E82/><V58/><F106/><W57/><G30/><T6/><REACH who="0" step="1"/><D31/><REACH who="0" ten="282,21,457,230" step="2"/><U114/><E114/><V122/><F122/><W60/><G18/><T93/><D93/><U62/><E107/><V52/><F70/><W103/><G16/><T5/><D5/><U119/><E94/><V133/><F133/><W92/><G15/><T63/><AGARI ba="0,1" hai="1,6,11,17,20,27,55,59,63,65,67,78,81,85" machi="63" ten="20,3900,0" yaku="1,1,0,1,7,1,53,0" doraHai="88" doraHaiUra="46" who="0" fromWho="0" sc="282,49,21,-13,457,-13,230,-13" />
</Scene>
<Scene>
<INIT seed="4,1,0,4,0,17" ten="331,8,444,217" oya="0" hai0="34,67,81,37,110,114,101,93,69,39,65,88,109" hai1="22,13,105,31,90,63,86,19,53,26,33,117,71" hai2="62,5,103,75,111,92,6,68,87,100,128,35,118" hai3="59,40,44,106,64,129,124,115,70,4,9,96,49"/><T27/><D114/><U50/><E105/><V122/><F75/><W25/><G115/><T85/><D69/><U18/><E117/><V16/><F111/><N who="0" m="42506" /><D101/><U30/><E63/><V14/><F35/><W41/><G70/><T54/><D54/><U21/><E71/><V29/><F29/><W20/><G129/><T72/><D34/><U46/><E33/><V102/><F122/><W15/><G124/><T94/><D27/><U131/><E131/><V135/><F135/><W7/><G106/><T125/><D125/><U126/><E126/><V77/><F118/><W23/><G96/><T76/><D94/><AGARI ba="1,0" hai="13,18,19,21,22,26,30,31,46,50,53,86,90,94" machi="94" ten="30,7700,0" yaku="7,1,8,1,52,2" doraHai="17" who="1" fromWho="0" sc="331,-80,8,80,444,0,217,0" />
</Scene>
<Scene>
<INIT seed="5,0,0,1,1,124" ten="251,88,444,217" oya="1" hai0="100,59,83,79,129,45,0,31,20,4,87,48,102" hai1="60,34,39,112,86,123,94,72,121,120,103,95,13" hai2="85,78,99,63,92,104,135,116,42,17,93,7,132" hai3="25,46,96,30,70,44,23,90,110,57,68,64,36"/><U53/><E72/><V73/><F7/><W41/><G110/><T76/><D129/><U27/><E39/><V84/><F42/><W43/><G64/><T119/><D119/><U47/><E112/><V89/><F63/><W82/><G57/><T109/><D109/><U106/><E86/><V107/><F17/><W101/><G90/><T111/><D111/><U108/><E108/><V28/><F28/><W32/><G82/><T50/><D76/><U91/><E91/><N who="2" m="55711" /><F73/><W115/><G115/><T130/><D130/><U38/><E38/><V11/><F11/><W15/><G15/><T2/><D4/><U12/><E106/><N who="2" m="40491" /><F116/><W105/><G23/><T126/><D126/><U1/><E1/><V71/><F71/><W37/><AGARI ba="0,0" hai="25,30,32,36,37,41,43,44,46,68,70,96,101,105" machi="37" ten="20,12000,2" yaku="0,1,7,1,9,1,33,3" doraHai="124" who="3" fromWho="3" sc="251,-30,88,-60,444,-30,217,120" />
</Scene>
<Scene>
<INIT seed="6,0,0,0,5,130" ten="221,28,414,337" oya="2" hai0="17,104,89,5,54,30,116,25,3,125,50,0,103" hai1="49,63,59,118,113,128,105,123,40,55,83,99,80" hai2="14,33,23,75,12,24,8,68,79,51,119,15,43" hai3="52,122,106,132,73,19,91,126,11,1,81,7,27"/><V96/><F68/><W117/><G122/><T53/><D116/><U107/><E99/><V36/><F119/><W90/><G117/><T92/><D125/><U62/><E118/><V112/><F36/><W66/><G106/><T82/><D17/><U38/><E128/><V65/><F33/><W35/><G126/><T60/><D104/><U39/><E59/><V32/><F32/><W131/><G131/><T47/><D5/><U58/><E58/><V37/><F37/><W6/><G66/><T100/><D0/><U94/><E49/><V135/><F75/><W69/><G69/><T48/><D3/><U10/><E40/><V93/><F79/><W46/><G6/><T133/><D60/><U28/><E28/><V26/><F112/><W129/><G129/><T101/><D82/><U98/><E98/><V34/><F34/><W64/><G64/><T31/><D133/><U42/><E42/><V95/><F8/><W115/><G132/><T16/><D16/><U20/><E10/><V108/><F108/><W114/><G73/><T134/><D134/><U18/><E123/><V71/><F23/><N who="3" m="13823" /><G35/><T120/><D120/><U88/><E113/><N who="3" m="43018" /><G81/><T78/><D78/><U127/><E127/><V4/><F4/><W41/><G41/><T70/><D70/><U9/><E94/><V121/><F121/><W2/><G2/><T102/><N who="0" m="26112" /><DORA hai="72" /><T45/><D25/><U86/><E107/><V21/><F135/><W84/><G84/><AGARI ba="0,0" hai="30,31,45,47,48,50,53,54,84,89,92" m="26112" machi="84" ten="50,3200,0" yaku="9,1,8,1" doraHai="130,72" who="0" fromWho="3" sc="221,32,28,0,414,0,337,-32" />
</Scene>
<Scene>
<INIT seed="7,0,0,4,2,100" ten="253,28,414,305" oya="3" hai0="27,118,102,90,77,96,30,66,121,127,132,15,17" hai1="93,116,26,21,46,95,86,123,79,41,8,58,120" hai2="69,104,81,32,101,108,135,18,0,60,78,62,114" hai3="4,23,73,12,25,33,75,5,134,82,7,67,80"/><W105/><G134/><T42/><D118/><U24/><E116/><V84/><F108/><W97/><G33/><T103/><D121/><U37/><E37/><V113/><F135/><W88/><G12/><T38/><D132/><U56/><E8/><V57/><F0/><W65/><G75/><T50/><D38/><U117/><E46/><V47/><F32/><W94/><G105/><T76/><D127/><U59/><E117/><V92/><F104/><W71/><G71/><T20/><D66/><N who="3" m="25097" /><G73/><T6/><D6/><N who="3" m="1537" /><W126/><DORA hai="34" /><G126/><T39/><D39/><U111/><E111/><V1/><F1/><W72/><G72/><T35/><D102/><U51/><E51/><V106/><F106/><W49/><G49/><T122/><D122/><U16/><E41/><V54/><F69/><W14/><G14/><T45/><REACH who="0" step="1"/><D90/><REACH who="0" ten="243,28,414,305" step="2"/><U110/><E110/><V131/><F101/><W85/><G85/><T53/><D53/><U133/><E133/><V87/><F87/><W31/><AGARI ba="0,1" hai="23,25,31,80,82,88,94,97" m="1537,25097" machi="31" ten="40,3900,0" yaku="8,1,54,1" doraHai="100,34" who="3" fromWho="3" sc="243,-13,28,-13,414,-13,305,49" />
</Scene>
<Scene>
<INIT seed="7,1,0,1,1,14" ten="230,15,401,354" oya="3" hai0="80,135,17,104,22,79,61,125,4,23,83,10,59" hai1="85,105,52,67,51,76,44,11,45,39,77,82,2" hai2="130,35,129,102,60,75,78,106,53,6,65,15,115" hai3="108,42,97,40,34,62,29,48,46,64,86,95,99"/><W57/><G108/><T90/><D104/><U24/><E105/><V81/><F115/><W127/><G127/><T50/><D125/><U131/><E131/><N who="2" m="50187" /><F35/><W100/><G97/><T88/><D135/><U114/><E114/><V56/><F106/><W13/><G34/><T28/><D50/><U123/><E123/><V134/><F102/><W12/><G29/><T121/><D121/><U71/><E71/><V72/><F134/><W112/><G112/><T91/><D28/><U92/><E67/><V103/><F103/><W38/><G38/><T16/><D79/><U126/><E126/><V109/><F109/><W5/><G5/><T1/><D80/><U41/><E92/><V107/><F107/><W21/><G21/><T32/><D32/><U25/><E76/><V66/><F72/><W18/><G42/><T128/><D83/><U63/><E63/><V74/><F75/><W36/><G36/><T98/><D98/><U120/><E120/><V58/><F58/><W69/><G69/><T47/><D47/><U132/><E132/><V94/><F94/><W26/><G86/><T8/><D128/><U3/><E3/><V30/><F30/><W19/><G26/><N who="0" m="14663" /><D4/><U116/><E116/><V20/><F20/><W113/><G113/><T117/><D1/><U70/><E70/><V133/><F133/><W110/><G110/><T0/><D0/><U68/><E68/><V37/><F37/><W54/><G40/><T7/><D7/><U9/><E2/><V111/><F111/><W101/><G101/><T84/><D84/><U55/><E55/><V73/><F73/><RYUUKYOKU ba="1,0" sc="230,-30,15,10,401,10,354,10" hai1="9,11,24,25,39,41,44,45,51,52,77,82,85" hai2="6,15,53,56,60,65,66,74,78,81" hai3="12,13,18,19,46,48,54,57,62,64,95,99,100" />
</Scene>
<Scene>
<INIT seed="7,2,0,2,3,21" ten="200,25,411,364" oya="3" hai0="103,96,99,86,11,80,2,17,14,47,33,51,27" hai1="130,117,42,72,120,4,10,20,53,85,125,12,54" hai2="60,29,121,113,69,109,70,112,122,44,48,110,57" hai3="55,127,75,3,116,91,106,59,24,101,65,67,92"/><W87/><G116/><T84/><D2/><U132/><E72/><V31/><F31/><W30/><G3/><T76/><D84/><U133/><E120/><N who="2" m="46187" /><F29/><W123/><G123/><T63/><D63/><U22/><E42/><N who="2" m="24599" /><F69/><W134/><G75/><T15/><D103/><U82/><E117/><V13/><F13/><W77/><G77/><T64/><D64/><U68/><E68/><V66/><F70/><W88/><G134/><T89/><D33/><U73/><E73/><V124/><F124/><W16/><G127/><T126/><D126/><U1/><E125/><V62/><F62/><N who="3" m="36223" /><G106/><T41/><D27/><U23/><E130/><V8/><F8/><W95/><G101/><T114/><D114/><AGARI ba="2,0" hai="57,60,66,109,110,112,113,114" m="24599,46187" machi="114" ten="30,7700,0" yaku="15,1,13,1,34,2" doraHai="21" who="2" fromWho="0" sc="200,-83,25,0,411,83,364,0" owari="117,-28.0,25,-47.0,494,59.0,364,16.0" />
</Scene>
</mjloggm>