<mjloggm ver="2.3"><GO type="169" lobby="0"/><UN n0="%E3%82%BF%E3%82%B1%E3%82%AA%E3%81%97%E3%82%83%E3%82%93" n1="%EF%BD%B1%EF%BE%9D%EF%BE%8A%EF%BE%9E%EF%BD%B0" n2="%41%53%41%50%49%4E" n3="%55%4E%73%61%6E" dan="16,16,19,16" rate="2147.06,2113.48,2255.28,2020.74" sx="M,F,M,F"/><TAIKYOKU oya="0"/>

<Scene>
<INIT seed="0,0,0,2,3,102" ten="250,250,250,250" oya="0" hai0="72,89,35,109,98,21,57,68,103,94,83,15,126" hai1="39,61,32,30,46,6,45,49,97,107,90,41,70" hai2="20,34,86,108,56,9,77,19,65,18,22,91,4" hai3="73,3,85,119,63,66,133,112,58,11,125,7,64"/><T12/><D68/><U131/><E131/><V134/><F34/><W124/><G119/><T116/><D35/><U48/><E6/><V38/><F38/><W25/><G112/><T96/><D116/><U100/><E90/><V50/><F108/><W8/><G73/><T111/><D126/><N who="3" m="48745" /><G133/><T88/><D57/><U27/><E46/><V51/><F134/><W81/><G25/><T0/><D0/><U10/><E10/><V114/><F77/><N who="3" m="46255" /><G11/><T69/><D69/><U62/><E62/><V16/><F114/><W82/><G82/><T37/><D37/><U121/><E121/><V60/><F22/><W31/><G31/><T17/><D15/><U115/><E115/><V47/><F20/><W132/><G132/><T74/><D89/><U52/><E52/><AGARI ba="0,0" hai="3,7,8,52,58,63,64,66" m="46255,48745" machi="52" ten="30,2000,0" yaku="18,1,54,1" doraHai="102" who="3" fromWho="1" sc="250,0,250,-20,250,0,250,20" />
</Scene>
<Scene>
<INIT seed="1,0,0,5,4,13" ten="250,230,250,270" oya="1" hai0="71,122,31,104,8,106,121,124,46,37,135,108,50" hai1="28,18,101,4,19,112,9,32,44,130,43,132,30" hai2="72,22,128,78,74,21,69,64,83,24,67,39,26" hai3="48,16,38,133,95,10,114,115,120,66,89,102,81"/><U53/><E112/><V94/><F39/><W36/><G120/><T131/><D31/><U49/><E132/><V40/><F40/><W127/><G133/><T125/><D8/><U3/><E130/><V79/><F94/><W80/><G127/><N who="0" m="48715" /><D135/><U103/><E30/><V62/><F62/><W7/><G115/><T126/><N who="0" m="48723" /><T109/><DORA hai="129" /><D71/><U42/><E28/><V55/><F128/><W6/><G114/><T90/><D37/><U27/><E32/><V107/><F83/><N who="3" m="31819" /><G38/><T98/><D131/><U118/><E118/><V41/><F41/><W17/><G36/><T1/><D1/><U73/><E73/><V5/><F69/><W99/><G66/><T23/><D23/><U86/><E27/><V105/><F55/><W117/><G117/><T93/><D50/><U100/><REACH who="1" step="1"/><E86/><REACH who="1" ten="250,220,250,270" step="2"/><V45/><F72/><W11/><G48/><T77/><D121/><U15/><E15/><V113/><F74/><W91/><G102/><T0/><D122/><U65/><E65/><V61/><F113/><W85/><G85/><T52/><D0/><U92/><E92/><V33/><F67/><W14/><G91/><T58/><D106/><U35/><E35/><V88/><F33/><W70/><G70/><T20/><D104/><U2/><E2/><V63/><F64/><W54/><G54/><T110/><D52/><U12/><E12/><AGARI ba="0,1" hai="6,7,10,11,12,14,16,17,89,95,99" m="31819" machi="12" ten="30,7700,0" yaku="8,1,52,2,54,1" doraHai="13,129" who="3" fromWho="1" sc="250,0,220,-77,250,0,270,87" />
</Scene>
<Scene>
<INIT seed="2,0,0,2,5,129" ten="250,143,250,357" oya="2" hai0="58,32,77,71,0,18,121,114,99,117,94,101,49" hai1="1,29,43,6,54,123,100,102,135,134,59,53,132" hai2="115,22,19,74,46,39,91,64,14,38,90,34,15" hai3="33,48,104,88,108,7,98,65,83,55,128,13,63"/><V111/><F115/><W73/><G33/><T36/><D71/><U57/><E123/><V93/><F34/><W120/><G120/><T105/><D36/><U106/><E43/><V69/><F74/><W126/><G128/><T28/><D0/><U37/><E37/><V80/><F111/><W20/><G108/><T9/><D121/><U25/><E6/><V96/><F46/><W87/><G126/><T35/><D32/><U67/><E1/><V40/><F40/><W107/><G73/><T3/><D35/><U16/><E16/><V68/><F68/><W62/><G98/><T52/><D28/><U131/><E131/><V110/><F110/><W5/><G63/><T125/><D77/><U92/><E106/><V45/><F45/><W79/><G79/><T2/><D114/><U95/><E25/><V11/><F64/><W42/><G42/><T24/><D125/><U133/><N who="1" m="33792" /><DORA hai="44" /><U85/><E29/><V72/><F39/><W112/><G5/><T41/><D3/><U119/><E119/><V56/><F38/><W10/><G112/><T17/><D24/><U89/><E95/><V130/><F93/><W78/><G107/><T30/><D30/><U26/><E26/><V127/><F130/><W21/><G104/><T23/><D2/><U116/><E116/><V4/><F4/><W76/><G7/><T47/><D105/><U12/><E12/><V60/><F15/><W84/><G13/><T82/><D117/><U75/><E75/><V51/><F14/><W113/><G113/><T8/><D94/><U122/><E122/><V118/><F72/><RYUUKYOKU ba="0,0" sc="250,0,143,0,250,0,357,0" />
</Scene>
<Scene>
<INIT seed="3,1,0,0,4,90" ten="250,143,250,357" oya="3" hai0="120,59,95,114,57,6,40,92,87,20,86,71,118" hai1="127,65,8,46,52,2,22,1,112,60,34,130,16" hai2="121,5,124,32,97,39,125,110,109,89,113,12,58" hai3="68,69,38,134,9,98,79,49,73,7,107,123,27"/><W117/><G117/><T48/><D71/><U85/><E112/><V67/><F113/><W13/><G123/><T83/><D120/><U3/><E34/><V122/><F32/><W53/><G38/><T17/><D118/><U75/><E75/><V21/><F39/><W115/><G115/><T103/><D6/><U35/><E35/><V133/><F133/><W62/><G134/><T101/><D114/><U126/><E130/><V64/><F121/><W88/><G79/><T11/><D11/><U81/><E8/><N who="2" m="4111" /><F21/><W78/><G78/><N who="0" m="46455" /><D87/><U70/><E46/><V77/><F77/><W51/><G73/><T47/><D57/><U94/><E94/><N who="0" m="35881" /><D59/><U30/><E30/><V132/><F58/><W15/><G69/><T43/><D43/><U37/><E37/><V99/><F132/><W128/><G68/><T24/><AGARI ba="1,0" hai="17,20,24,40,47,48,101,103" m="35881,46455" machi="24" ten="30,7900,0" yaku="8,1,52,3" doraHai="90" who="0" fromWho="0" sc="250,82,143,-21,250,-21,357,-40" />
</Scene>
<Scene>
<INIT seed="4,0,0,4,0,63" ten="332,122,229,317" oya="0" hai0="54,115,50,12,85,15,77,102,40,61,84,24,94" hai1="36,11,38,96,58,120,100,39,25,5,89,121,73" hai2="83,13,46,80,35,68,103,122,14,53,131,60,33" hai3="18,32,133,113,62,57,69,20,4,2,87,108,48"/><T21/><D115/><U81/><E25/><V111/><F111/><W52/><G108/><T45/><D84/><U82/><E73/><V27/><F122/><W19/><G32/><T43/><D77/><U79/><E79/><V88/><F131/><W22/><G113/><T76/><D76/><U16/><E5/><V70/><F103/><W91/><G133/><T119/><D119/><U117/><E117/><V101/><F101/><W47/><G69/><T56/><D43/><U127/><E127/><V37/><F37/><W31/><G4/><T98/><REACH who="0" step="1"/><D85/><REACH who="0" ten="322,122,229,317" step="2"/><U130/><E130/><V129/><F129/><W118/><G118/><T124/><D124/><U112/><E112/><V106/><F80/><W92/><G87/><T3/><D3/><U97/><E120/><V109/><F83/><W41/><G2/><T55/><D55/><U71/><E121/><V105/><F53/><W128/><G128/><T110/><D110/><U7/><E82/><V132/><F109/><W59/><G41/><T126/><D126/><U116/><E81/><V67/><F132/><W8/><G52/><T66/><D66/><U44/><E116/><V135/><F67/><W65/><G65/><T34/><D34/><U93/><E97/><V134/><F35/><W90/><G90/><T17/><AGARI ba="0,1" hai="12,15,17,21,24,40,45,50,54,56,61,94,98,102" machi="17" ten="20,7800,0" yaku="1,1,0,1,7,1,8,1,53,0" doraHai="63" doraHaiUra="78" who="0" fromWho="0" sc="322,88,122,-26,229,-26,317,-26" />
</Scene>
<Scene>
<INIT seed="4,1,0,0,4,103" ten="410,96,203,291" oya="0" hai0="12,117,54,1,99,3,63,17,115,15,111,128,97" hai1="5,121,112,37,41,73,7,110,102,55,120,88,49" hai2="61,105,119,118,109,72,31,78,36,86,67,20,33" hai3="62,98,10,8,24,116,34,44,107,53,21,127,14"/><T75/><D75/><U50/><E73/><V84/><F109/><W58/><G116/><N who="2" m="44585" /><F36/><W76/><G34/><T6/><D117/><U79/><E110/><V45/><F33/><W93/><G127/><T132/><D111/><U134/><E79/><V100/><F45/><W83/><G44/><T38/><D38/><U23/><E37/><V29/><F72/><W133/><G133/><T35/><D35/><U0/><E102/><V91/><F78/><W96/><G107/><T77/><D77/><U92/><E134/><V13/><F13/><W101/><G98/><T126/><D132/><U43/><E92/><V26/><F29/><W82/><G76/><T64/><D15/><U123/><E123/><V131/><F131/><W46/><G46/><T130/><D12/><U108/><E108/><V4/><F4/><W90/><G101/><T104/><D6/><U87/><E23/><V30/><F30/><W18/><REACH who="3" step="1"/><G8/><REACH who="3" ten="410,96,203,281" step="2"/><T81/><D130/><U28/><E121/><V48/><F105/><W9/><G9/><T2/><D104/><U40/><E120/><V135/><F100/><W27/><G27/><T69/><D99/><U94/><E88/><V85/><F91/><W19/><AGARI ba="1,1" hai="10,14,18,19,21,24,53,58,62,82,83,90,93,96" machi="19" ten="20,12000,2" yaku="1,1,0,1,7,1,25,2,8,1,53,0" doraHai="103" doraHaiUra="70" who="3" fromWho="3" sc="410,-61,96,-31,203,-31,281,133" />
</Scene>
<Scene>
<INIT seed="5,0,0,5,0,104" ten="349,65,172,414" oya="1" hai0="75,129,92,69,133,12,118,88,10,119,120,11,101" hai1="66,95,38,87,17,121,124,81,123,46,45,60,58" hai2="42,1,53,49,130,25,86,5,14,73,127,23,128" hai3="26,131,6,108,31,99,100,50,52,89,39,122,105"/><U107/><E107/><V7/><F1/><W40/><G122/><T109/><D69/><U33/><E33/><V135/><F73/><W77/><G108/><T2/><D75/><U113/><E113/><V82/><F42/><W110/><G110/><T62/><D109/><U97/><E124/><V36/><F36/><W126/><G126/><T112/><D101/><U18/><E123/><V132/><F127/><W90/><G131/><N who="2" m="50217" /><F14/><W61/><G39/><T64/><D112/><U116/><E121/><V37/><F37/><W114/><G114/><T44/><D129/><U79/><E116/><V102/><F102/><W96/><G40/><T54/><D120/><U9/><E38/><V47/><F7/><W67/><G77/><T117/><D2/><U20/><E9/><V72/><F5/><W48/><G6/><T0/><D0/><U27/><REACH who="1" step="1"/><E17/><REACH who="1" ten="349,55,172,414" step="2"/><N who="2" m="12527" /><F72/><W106/><G106/><T51/><D118/><U4/><E4/><V29/><F29/><W70/><G31/><T63/><D117/><U35/><E35/><V76/><AGARI ba="0,1" hai="47,49,53,76,82,86,132,135" m="12527,50217" machi="76" ten="30,1100,0" yaku="19,1" doraHai="104" who="2" fromWho="2" sc="349,-3,55,-5,172,21,414,-3" />
</Scene>
<Scene>
<INIT seed="6,0,0,0,5,132" ten="346,50,193,411" oya="2" hai0="122,8,118,27,80,81,82,23,116,78,71,129,54" hai1="103,91,85,14,79,1,42,110,53,3,15,87,108" hai2="67,95,115,20,16,133,106,123,125,74,56,52,93" hai3="121,11,92,66,7,21,69,114,101,88,64,70,96"/><V58/><F123/><W45/><G121/><T51/><D71/><U113/><E103/><V127/><F74/><W55/><G114/><T10/><D122/><U84/><E42/><V102/><F133/><W28/><G70/><T4/><D78/><U128/><E87/><V57/><F115/><W43/><G55/><T111/><D111/><U46/><E113/><V18/><F67/><W22/><G101/><T63/><D63/><U31/><E46/><V19/><F20/><W120/><G120/><T77/><D77/><U75/><E79/><V76/><F76/><W33/><G33/><T17/><D129/><U50/><E50/><V97/><F52/><W36/><G69/><T100/><D100/><U26/><E53/><V30/><F30/><W5/><G5/><T99/><D4/><U62/><E62/><V6/><F6/><W49/><G36/><T44/><D99/><U0/><E0/><V12/><F12/><N who="3" m="5247" /><G21/><T109/><D109/><U38/><E38/><V90/><F90/><W39/><G39/><T117/><AGARI ba="0,0" hai="8,10,17,23,27,44,51,54,80,81,82,116,117,118" machi="117" ten="40,2700,0" yaku="0,1,12,1" doraHai="132" who="0" fromWho="0" sc="346,27,50,-7,193,-13,411,-7" />
</Scene>
<Scene>
<INIT seed="7,0,0,4,0,106" ten="373,43,180,404" oya="3" hai0="6,115,15,29,61,74,135,0,38,101,62,97,132" hai1="11,52,4,75,37,63,26,44,125,130,128,41,59" hai2="91,83,110,34,96,24,86,116,122,70,133,14,77" hai3="55,127,120,19,94,21,112,57,89,20,72,23,56"/><W33/><G120/><T118/><D118/><U47/><E26/><V25/><F110/><W35/><G112/><T80/><D29/><U9/><E9/><V3/><F3/><W85/><G127/><T1/><D15/><U16/><E125/><V129/><F86/><W30/><G19/><T2/><D6/><U123/><E123/><V13/><F13/><W39/><G39/><T111/><D111/><U45/><E16/><V67/><F14/><W27/><G35/><T22/><D22/><U65/><E11/><V78/><F24/><W126/><G126/><T64/><D38/><U36/><E4/><V31/><F31/><W131/><G131/><T95/><D115/><U28/><E28/><V73/><F67/><W51/><REACH who="3" step="1"/><G72/><REACH who="3" ten="373,43,180,394" step="2"/><T17/><D17/><U98/><E98/><V100/><F73/><W42/><G42/><T81/><D74/><U99/><E99/><V87/><F96/><W53/><G53/><T109/><D109/><U58/><E75/><V105/><F34/><W103/><G103/><T10/><D10/><U5/><E5/><V18/><F18/><W60/><G60/><T121/><D121/><U12/><E12/><V88/><F122/><W134/><G134/><T48/><D48/><U119/><E119/><V43/><F116/><W104/><G104/><T124/><D124/><U108/><E108/><V90/><F105/><W69/><G69/><T117/><D117/><U107/><E107/><V114/><F25/><W113/><G113/><T7/><D7/><U84/><E84/><V40/><F87/><W32/><G32/><T50/><D132/><RYUUKYOKU ba="0,1" sc="373,-10,43,-10,180,-10,394,30" hai3="20,21,23,27,30,33,51,55,56,57,85,89,94" owari="363,16.0,33,-47.0,170,-23.0,434,54.0" />
</Scene>
</mjloggm>