<mjloggm ver="2.3"><GO type="169" lobby="0"/><UN n0="%E5%A4%A9%E5%B2%A9%E6%88%B8" n1="%E3%83%96%E3%83%83%E3%83%91%E7%A5%9E" n2="%41%53%41%50%49%4E" n3="%E3%81%B4%E3%81%AE" dan="17,17,19,16" rate="2184.25,2178.16,2254.98,2078.26" sx="M,M,M,M"/><TAIKYOKU oya="0"/>

<Scene>
<INIT seed="0,0,0,4,4,88" ten="250,250,250,250" oya="0" hai0="72,10,121,104,69,0,50,16,22,61,122,111,36" hai1="117,115,98,130,86,107,60,74,128,62,20,29,113" hai2="106,47,134,71,6,43,18,81,9,97,17,112,124" hai3="67,32,52,101,70,2,48,76,80,96,21,116,79"/><T118/><D36/><U119/><E29/><V95/><F112/><N who="1" m="43081" /><E20/><V56/><F71/><W129/><G32/><T127/><D118/><N who="1" m="45067" /><E60/><V14/><F124/><W126/><G126/><T83/><D127/><U123/><E62/><V105/><F134/><W89/><G116/><T93/><D104/><U37/><E37/><V24/><F56/><W3/><G2/><T12/><D50/><U91/><E74/><V54/><F54/><W132/><G3/><T73/><D61/><U1/><E1/><V110/><F24/><W34/><G21/><T92/><D69/><U11/><E11/><V44/><F9/><W66/><G34/><T28/><D72/><U78/><E78/><V133/><F14/><W84/><G70/><T125/><D125/><U23/><E23/><V87/><F17/><W27/><G76/><T31/><D31/><U94/><E123/><V40/><F18/><W75/><G79/><T57/><D57/><U99/><E99/><V39/><F97/><W58/><G75/><T90/><D73/><U63/><E63/><V35/><F39/><W49/><G67/><T19/><D28/><U38/><E38/><V55/><F35/><W102/><G66/><T85/><D121/><U120/><E120/><V131/><F44/><W103/><G58/><T45/><D122/><U114/><N who="1" m="43089" /><U53/><DORA hai="42" /><E53/><V25/><F47/><W26/><G48/><T51/><D0/><U65/><E65/><V33/><F55/><W13/><G49/><T100/><D51/><U15/><E15/><V68/><F68/><W30/><G13/><T5/><D12/><RYUUKYOKU ba="0,0" sc="250,-10,250,30,250,-10,250,-10" hai1="86,91,94,98,107,128,130" />
</Scene>
<Scene>
<INIT seed="1,1,0,0,3,110" ten="240,280,240,240" oya="1" hai0="51,7,90,105,50,13,69,125,116,92,36,0,74" hai1="8,15,40,133,42,109,19,120,106,71,94,49,68" hai2="97,9,24,26,60,86,118,107,98,63,35,96,100" hai3="113,89,87,127,44,61,66,10,132,95,58,126,73"/><U121/><E106/><V82/><F118/><W45/><G113/><T16/><D116/><U17/><E133/><V75/><F75/><W29/><G132/><T131/><D105/><U18/><E109/><V77/><F100/><W72/><G29/><T23/><D36/><U70/><E94/><V12/><F107/><W111/><G111/><T115/><D74/><N who="3" m="28777" /><G10/><T43/><D115/><U27/><E49/><V83/><F83/><W130/><G130/><T48/><D69/><U67/><E67/><V41/><F41/><W25/><G25/><N who="2" m="9833" /><F35/><W99/><G99/><N who="0" m="57751" /><D0/><U6/><REACH who="1" step="1"/><E27/><REACH who="1" ten="240,270,240,240" step="2"/><V93/><F93/><W80/><G95/><T55/><D131/><U59/><E59/><V134/><F134/><W122/><G58/><T76/><D50/><U114/><E114/><V32/><F97/><W124/><G66/><T65/><D48/><U53/><E53/><V129/><F98/><W20/><G127/><T56/><D125/><U102/><E102/><V28/><F96/><W30/><G126/><T52/><D65/><U57/><E57/><V21/><F129/><W103/><G124/><T104/><D104/><U39/><E39/><V47/><F63/><W34/><G61/><T38/><D38/><U4/><E4/><V85/><F60/><W117/><G103/><T5/><D55/><U112/><E112/><V101/><F101/><W78/><G117/><T123/><D43/><AGARI ba="1,1" hai="6,8,15,17,18,19,40,42,43,68,70,71,120,121" machi="43" ten="50,4800,0" yaku="1,1,53,1" doraHai="110" doraHaiUra="11" who="1" fromWho="0" sc="240,-51,270,61,240,0,240,0" />
</Scene>
<Scene>
<INIT seed="1,2,0,4,5,20" ten="189,331,240,240" oya="1" hai0="131,95,129,99,69,102,93,115,54,9,100,105,29" hai1="28,106,40,121,98,97,112,22,17,41,12,94,64" hai2="52,135,57,56,75,87,35,27,62,0,86,74,7" hai3="67,48,13,61,81,25,33,104,78,117,113,72,116"/><U65/><E112/><V84/><F135/><W120/><G113/><T128/><D115/><U71/><E121/><V18/><F7/><W108/><G120/><T73/><D73/><U14/><E28/><V8/><F0/><W90/><G108/><T89/><D69/><U70/><E94/><V16/><F8/><W60/><G104/><T103/><D29/><U55/><E22/><V132/><F132/><W127/><G127/><T39/><D39/><U42/><E55/><V63/><F35/><W130/><G130/><T34/><D34/><U38/><E17/><V122/><F122/><W134/><G134/><T133/><D133/><U109/><E109/><V6/><F6/><W110/><G110/><T43/><D43/><U15/><E38/><V125/><F125/><W114/><G114/><T47/><D9/><U53/><E53/><V50/><F50/><W32/><G32/><T119/><D119/><U107/><E107/><V77/><F77/><W3/><G33/><T11/><D11/><U123/><E123/><V118/><F118/><W96/><G3/><T10/><D10/><U88/><E106/><V45/><F45/><W82/><G72/><T79/><D79/><U24/><E70/><V23/><REACH who="2" step="1"/><F18/><REACH who="2" ten="189,331,230,240" step="2"/><W46/><G117/><T5/><D5/><U26/><E71/><V66/><AGARI ba="2,1" hai="16,23,27,52,56,57,62,63,66,74,75,84,86,87" machi="66" ten="30,16000,3" yaku="1,1,2,1,0,1,52,1,54,2,53,3" doraHai="20" doraHaiUra="83" who="2" fromWho="2" sc="189,-42,331,-82,230,176,240,-42" />
</Scene>
<Scene>
<INIT seed="2,0,0,4,2,92" ten="147,249,406,198" oya="2" hai0="77,123,5,88,126,124,75,55,67,102,94,3,51" hai1="132,120,118,29,111,23,9,91,21,44,35,79,7" hai2="76,117,43,56,72,70,128,73,61,121,65,63,57" hai3="112,116,66,53,108,22,47,34,45,87,95,36,110"/><V52/><F121/><W131/><G34/><T86/><D123/><U30/><E120/><V80/><F117/><W59/><G116/><T50/><D67/><U78/><E118/><V84/><F128/><W20/><G112/><T19/><D102/><U39/><E35/><V96/><F43/><W90/><G131/><T6/><D19/><U54/><E111/><N who="3" m="42538" /><G66/><T38/><D38/><U71/><E71/><V101/><REACH who="2" step="1"/><F70/><REACH who="2" ten="147,249,396,198" step="2"/><W115/><G115/><T12/><D3/><U68/><E68/><V27/><F27/><W106/><G36/><T62/><D12/><U15/><E39/><V129/><F129/><W26/><G26/><T28/><D28/><U89/><E30/><V40/><F40/><W18/><G106/><AGARI ba="0,1" hai="52,56,57,61,63,65,72,73,76,80,84,96,101,106" machi="106" ten="30,11600,0" yaku="1,1,7,1,52,1,54,1,53,0" doraHai="92" doraHaiUra="17" who="2" fromWho="3" sc="147,0,249,0,396,126,198,-116" />
</Scene>
<Scene>
<INIT seed="2,1,0,1,4,5" ten="147,249,522,82" oya="2" hai0="37,76,1,7,102,19,104,99,120,87,115,41,62" hai1="11,55,60,131,129,108,65,8,88,13,71,63,30" hai2="15,46,112,50,81,113,127,0,27,14,34,21,128" hai3="38,16,67,90,96,4,24,93,122,109,45,89,3"/><V25/><F0/><W125/><G122/><T54/><D120/><U56/><E108/><V6/><F128/><N who="1" m="49225" /><E13/><V10/><F127/><W18/><G109/><T94/><D115/><U74/><E74/><V91/><F34/><W123/><G123/><T36/><D41/><U29/><E88/><V116/><F116/><W53/><G125/><T42/><D42/><U49/><E63/><V68/><F68/><W86/><G67/><T69/><D19/><U12/><E12/><N who="2" m="5207" /><F113/><W80/><G24/><N who="2" m="9289" /><F21/><W2/><G2/><T70/><D70/><U64/><E64/><V84/><F112/><W92/><G38/><T118/><D118/><U103/><E103/><V124/><F124/><W134/><G134/><T73/><D69/><U106/><E106/><V105/><F105/><W35/><G35/><T111/><D111/><U101/><E101/><V40/><AGARI ba="1,0" hai="14,15,40,46,50,81,84,91" m="9289,5207" machi="40" ten="30,3000,0" yaku="8,1,52,1" doraHai="5" who="2" fromWho="2" sc="147,-11,249,-11,522,33,82,-11" />
</Scene>
<Scene>
<INIT seed="2,2,0,5,5,72" ten="136,238,555,71" oya="2" hai0="62,55,56,94,117,122,42,38,131,82,83,70,109" hai1="121,88,16,24,124,75,33,20,87,114,135,101,21" hai2="86,100,31,129,71,59,10,25,3,65,17,127,126" hai3="74,112,113,14,49,93,91,89,44,97,26,54,34"/><V22/><F71/><W0/><G0/><T64/><D122/><U9/><E114/><N who="3" m="44138" /><G74/><T53/><D109/><U46/><E75/><V68/><F68/><W85/><G14/><T104/><D104/><U2/><E33/><V108/><F129/><W130/><G130/><T102/><D131/><U45/><E121/><V5/><F108/><W58/><G58/><T30/><D30/><U61/><E124/><N who="2" m="47659" /><F100/><N who="3" m="60463" /><G85/><T18/><D117/><U92/><E135/><V41/><F41/><W28/><AGARI ba="2,0" hai="26,28,34,44,49,54,89,91" m="60463,44138" machi="28" ten="30,1100,0" yaku="11,1" doraHai="72" who="3" fromWho="3" sc="136,-5,238,-5,555,-7,71,17" />
</Scene>
<Scene>
<INIT seed="3,0,0,0,0,132" ten="131,233,548,88" oya="3" hai0="23,24,15,53,56,127,101,118,125,25,119,66,45" hai1="28,128,4,109,6,31,16,115,21,22,0,76,59" hai2="62,89,83,106,29,18,105,49,63,111,107,126,78" hai3="131,3,52,48,57,30,47,72,88,55,82,32,71"/><W112/><G112/><T12/><D101/><U81/><E115/><V44/><F29/><W46/><G71/><T27/><D66/><U104/><E104/><V20/><F89/><W39/><G3/><T11/><D45/><U73/><E128/><V80/><F111/><W65/><G131/><T14/><D23/><U26/><E109/><V35/><F35/><W43/><G65/><T113/><D11/><U61/><E0/><V116/><F116/><W110/><G110/><T84/><D84/><U75/><E73/><V58/><F49/><W9/><G9/><T108/><D113/><U33/><E33/><V92/><F44/><W41/><G55/><T135/><D135/><U1/><E1/><V97/><F20/><W67/><G67/><T96/><D96/><U77/><E77/><V36/><F36/><W99/><G72/><T51/><REACH who="0" step="1"/><D108/><REACH who="0" ten="121,233,548,88" step="2"/><U13/><REACH who="1" step="1"/><E31/><REACH who="1" ten="121,223,548,88" step="2"/><V60/><F105/><W50/><G32/><T54/><D54/><AGARI ba="0,2" hai="4,6,13,16,21,22,26,28,54,59,61,75,76,81" machi="54" ten="30,12000,2" yaku="1,1,2,1,7,1,54,1,53,2" doraHai="132" doraHaiUra="17" who="1" fromWho="0" sc="121,-120,223,140,548,0,88,0" />
</Scene>
<Scene>
<INIT seed="4,0,0,5,1,71" ten="1,363,548,88" oya="0" hai0="51,19,56,119,26,113,95,40,37,79,68,115,103" hai1="55,118,67,84,49,90,116,93,99,15,102,75,13" hai2="0,28,98,63,114,52,78,47,8,31,101,69,57" hai3="48,88,36,97,24,43,123,22,134,12,125,129,80"/><T35/><D119/><U104/><E67/><V16/><F114/><N who="0" m="43530" /><D68/><U30/><E30/><V3/><F69/><W121/><G134/><T112/><N who="0" m="43538" /><T131/><DORA hai="39" /><D131/><U72/><E13/><N who="2" m="7207" /><F0/><W109/><G129/><T6/><D6/><U87/><E15/><V9/><F9/><W122/><G125/><T20/><D79/><U2/><E2/><V11/><F11/><W94/><G109/><T14/><D103/><U65/><E65/><V4/><F4/><W111/><G111/><T124/><D124/><U81/><E55/><V107/><F78/><W91/><G123/><T7/><D95/><U45/><E49/><V110/><F3/><W96/><G94/><T60/><D51/><U86/><E45/><V42/><F101/><W85/><G48/><T74/><D74/><U17/><E17/><V83/><F47/><W29/><G122/><T128/><D128/><U76/><REACH who="1" step="1"/><E72/><REACH who="1" ten="1,353,548,88" step="2"/><V1/><F1/><W44/><G121/><T117/><D117/><AGARI ba="0,1" hai="75,76,81,84,86,87,90,93,99,102,104,116,117,118" machi="117" ten="40,16000,3" yaku="1,1,2,1,24,2,34,3,53,3" doraHai="71,39" doraHaiUra="82,127" who="1" fromWho="0" sc="1,-160,353,170,548,0,88,0" owari="-159,-66.0,523,32.0,548,65.0,88,-31.0" />
</Scene>
</mjloggm>