<mjloggm ver="2.3"><GO type="169" lobby="0"/><UN n0="%41%53%41%50%49%4E" n1="%E3%82%80%E3%81%A8%E3%81%85%E3%83%BC" n2="%E3%83%96%E3%83%BC%E3%83%BC%E3%83%BC%E3%83%B3" n3="%E5%AE%89%E8%97%A4%E8%A3%95%E5%AD%90" dan="19,17,16,18" rate="2269.38,2136.29,2107.17,2245.74" sx="M,M,M,F"/><TAIKYOKU oya="0"/>

<Scene>
<INIT seed="0,0,0,5,1,82" ten="250,250,250,250" oya="0" hai0="87,106,26,34,21,66,43,96,13,107,52,98,115" hai1="126,84,99,62,22,4,121,133,57,28,71,94,124" hai2="40,53,24,9,93,19,122,15,0,8,35,6,129" hai3="123,117,91,23,46,3,74,55,45,128,80,64,76"/><T1/><D115/><U131/><E121/><V112/><F40/><W75/><G117/><T39/><D1/><U102/><E71/><V67/><F67/><W10/><G75/><T119/><D119/><U7/><E131/><V88/><F112/><W61/><G128/><T134/><D134/><U73/><E73/><V113/><F113/><W11/><G123/><T108/><D34/><U31/><E133/><V44/><F129/><W56/><G3/><T32/><D32/><U59/><E59/><V81/><F122/><W60/><G23/><T105/><D108/><U86/><E4/><V103/><F103/><W47/><REACH who="3" step="1"/><G91/><REACH who="3" ten="250,250,250,240" step="2"/><T5/><D21/><U70/><E22/><V50/><F0/><W116/><G116/><T54/><D105/><U69/><E126/><V111/><F35/><W89/><G89/><T14/><D106/><U85/><E124/><V25/><F111/><W77/><G77/><T127/><D107/><U37/><E28/><V90/><F90/><W125/><G125/><T51/><D127/><U92/><E31/><V38/><F88/><W65/><G65/><T101/><D66/><U33/><E33/><V17/><F9/><W72/><G72/><T41/><D96/><U100/><E99/><V104/><F8/><W12/><G12/><T2/><D98/><U114/><E114/><V118/><F104/><W36/><G36/><T58/><D39/><U18/><E37/><V120/><F38/><W49/><G49/><T83/><D51/><U109/><E109/><V68/><F50/><W16/><G16/><T130/><D2/><U20/><E18/><RYUUKYOKU ba="0,1" sc="250,-10,250,-10,250,-10,240,30" hai3="10,11,45,46,47,55,56,60,61,64,74,76,80" />
</Scene>
<Scene>
<INIT seed="1,1,1,2,2,116" ten="240,240,240,270" oya="1" hai0="51,108,62,60,39,127,49,33,40,12,87,44,43" hai1="132,21,37,42,119,72,20,101,78,85,11,0,36" hai2="8,107,6,29,92,58,18,86,99,7,69,122,83" hai3="70,82,23,46,4,25,117,2,61,48,32,97,110"/><U3/><E119/><V30/><F69/><W88/><G117/><T34/><D108/><U53/><E72/><V112/><F107/><W79/><G32/><T1/><D1/><U9/><E101/><N who="2" m="60647" /><F122/><W124/><G124/><T96/><D127/><U13/><E53/><V135/><F135/><W54/><G110/><T84/><D12/><U27/><E13/><N who="2" m="7463" /><F58/><W15/><G2/><T133/><D96/><U24/><E85/><V10/><F112/><W98/><G70/><T80/><D80/><U89/><E89/><N who="2" m="51423" /><F10/><N who="3" m="4551" /><G61/><T47/><REACH who="0" step="1"/><D39/><REACH who="0" ten="230,240,240,270" step="2"/><U115/><E37/><V76/><F76/><W22/><G79/><T64/><D64/><U128/><E36/><V35/><F35/><W114/><G97/><T52/><D52/><U91/><E78/><V100/><F100/><W123/><G98/><T63/><D63/><U28/><E0/><V120/><F120/><W41/><G123/><T45/><D45/><U73/><E3/><V126/><F126/><W38/><G38/><T81/><D81/><U118/><E118/><V90/><F90/><W5/><G88/><T95/><D95/><U68/><E91/><V50/><F50/><W125/><G125/><T106/><D106/><U14/><E14/><V67/><F67/><W104/><G104/><T93/><D93/><U59/><E115/><V111/><F111/><W130/><G114/><T17/><D17/><U75/><E75/><V105/><F105/><W77/><G54/><T102/><D102/><U55/><E55/><V94/><F94/><W66/><G66/><T71/><D71/><U19/><E68/><V129/><F129/><RYUUKYOKU ba="1,2" sc="230,15,240,-15,240,15,270,-15" hai0="33,34,40,43,44,47,49,51,60,62,84,87,133" hai2="6,7,29,30" />
</Scene>
<Scene>
<INIT seed="2,2,2,2,4,121" ten="245,225,255,255" oya="2" hai0="95,60,124,75,4,115,18,77,80,79,123,62,53" hai1="30,49,98,29,9,105,48,13,56,45,103,16,76" hai2="44,90,27,21,117,23,72,33,8,122,39,87,101" hai3="54,81,104,25,128,92,7,6,68,55,111,130,129"/><V85/><F117/><W20/><G104/><T100/><D123/><U12/><E76/><V51/><F72/><W134/><G68/><T88/><D115/><U43/><REACH who="1" step="1"/><E13/><REACH who="1" ten="245,215,255,255" step="2"/><V47/><F122/><W46/><G129/><T22/><D79/><U1/><E1/><V93/><F27/><W91/><G25/><T31/><D77/><U120/><E120/><V28/><F47/><W78/><G78/><T84/><D75/><U94/><E94/><V110/><F44/><W50/><G128/><T69/><D95/><U2/><E2/><V106/><F93/><W42/><G130/><T102/><D80/><U113/><E113/><V112/><F112/><W86/><G81/><T11/><D124/><U97/><E97/><V133/><F106/><W38/><G46/><T89/><D84/><U82/><E82/><V40/><F87/><W96/><G86/><T10/><D89/><U73/><E73/><V131/><F90/><W17/><G91/><T32/><D88/><U125/><E125/><V127/><F85/><W14/><G92/><T99/><D99/><U126/><E126/><V41/><F131/><W107/><G107/><T59/><D102/><U118/><E118/><V64/><F101/><W71/><G96/><T63/><D100/><U116/><E116/><V66/><F127/><W135/><G14/><T70/><D70/><U67/><E67/><V35/><F66/><W3/><G71/><T109/><D69/><U74/><E74/><V24/><F64/><W52/><G3/><T83/><D83/><U61/><E61/><V132/><F24/><W57/><G57/><RYUUKYOKU ba="2,3" sc="245,-10,215,30,255,-10,255,-10" hai1="9,12,16,29,30,43,45,48,49,56,98,103,105" />
</Scene>
<Scene>
<INIT seed="3,3,3,1,3,114" ten="235,245,245,245" oya="3" hai0="22,29,26,74,46,127,45,123,53,41,75,99,58" hai1="47,81,89,60,102,132,56,20,103,108,24,82,133" hai2="70,21,65,119,49,14,33,66,94,37,128,87,25" hai3="31,54,59,77,48,125,80,1,38,88,129,112,68"/><W98/><G112/><T97/><D123/><U39/><E108/><V115/><F37/><W64/><G1/><T28/><D127/><U13/><E13/><V19/><F115/><W51/><G38/><T32/><D32/><U67/><E47/><V71/><F128/><W130/><G125/><T42/><D22/><U100/><E39/><V18/><F71/><W61/><G31/><T34/><D58/><U126/><E126/><V111/><F111/><W107/><G51/><T72/><D53/><U110/><E110/><V23/><F33/><W62/><G62/><T105/><D34/><U69/><E69/><V78/><F70/><W16/><G16/><T79/><D79/><U135/><E89/><N who="2" m="53567" /><F119/><W73/><REACH who="3" step="1"/><G88/><REACH who="3" ten="235,245,245,235" step="2"/><T116/><D28/><AGARI ba="3,4" hai="20,24,28,56,60,67,81,82,100,102,103,132,133,135" machi="28" ten="50,1600,0" yaku="20,1" doraHai="114" who="1" fromWho="0" sc="235,-25,245,65,245,0,235,0" />
</Scene>
<Scene>
<INIT seed="4,0,0,5,2,108" ten="210,310,245,235" oya="0" hai0="48,30,131,5,41,3,32,112,81,18,70,88,82" hai1="50,128,93,132,63,114,39,67,59,110,65,53,102" hai2="21,46,101,105,100,107,92,116,124,9,85,95,2" hai3="104,113,118,52,14,68,135,75,61,49,79,19,8"/><T60/><D131/><U119/><E119/><V15/><F2/><W94/><G104/><N who="2" m="40009" /><F21/><W26/><G118/><T83/><D112/><U91/><E102/><N who="2" m="39531" /><F15/><W98/><G135/><T1/><D18/><U28/><E114/><V133/><F46/><W120/><G120/><T20/><D32/><U27/><E132/><V38/><F38/><W42/><G113/><T33/><D33/><U90/><E39/><V4/><F4/><W111/><G111/><T23/><D23/><U0/><E0/><V11/><F116/><W64/><G42/><T58/><D70/><U54/><E128/><V6/><F6/><W13/><G26/><N who="0" m="16711" /><D5/><U51/><E27/><V126/><F133/><W25/><G25/><T69/><D69/><U134/><E28/><V123/><F123/><W130/><G130/><T44/><D1/><U72/><E134/><V40/><F40/><W97/><G14/><T125/><D125/><N who="2" m="48234" /><F85/><W57/><G19/><T129/><D3/><U29/><E29/><V78/><F78/><W74/><G79/><T71/><D71/><U80/><E110/><V73/><F73/><N who="3" m="27659" /><G13/><T76/><D76/><U66/><E72/><V122/><F122/><W62/><G8/><AGARI ba="0,0" hai="8,9,11,92,95" m="48234,39531,40009" machi="8" ten="40,5200,0" yaku="28,2,18,1" doraHai="108" who="2" fromWho="3" sc="210,0,310,0,245,52,235,-52" />
</Scene>
<Scene>
<INIT seed="5,0,0,5,1,96" ten="210,310,297,183" oya="1" hai0="58,42,89,112,102,92,28,57,3,134,120,81,70" hai1="83,39,32,95,53,73,40,21,36,68,50,121,129" hai2="82,23,78,94,30,27,72,116,86,85,5,63,125" hai3="51,54,77,29,35,46,16,33,76,109,2,26,6"/><U131/><E32/><V100/><F116/><W71/><G109/><T99/><D70/><U79/><E68/><V104/><F125/><W67/><G35/><T90/><D3/><U114/><E40/><V132/><F132/><W62/><G2/><T127/><D134/><U110/><E121/><V60/><F5/><W124/><G6/><T123/><D127/><U17/><E95/><V38/><F38/><W43/><G124/><T61/><D112/><U45/><E114/><V84/><REACH who="2" step="1"/><F94/><REACH who="2" ten="210,310,287,183" step="2"/><W0/><G0/><T14/><D92/><U59/><E110/><V56/><F56/><W65/><G65/><T12/><D58/><U49/><E59/><V106/><F106/><W8/><REACH who="3" step="1"/><G43/><REACH who="3" ten="210,310,287,173" step="2"/><T13/><D42/><U37/><E129/><V44/><F44/><W69/><G69/><T25/><D123/><U52/><E131/><V9/><F9/><W19/><G19/><T108/><D120/><U75/><E45/><V18/><F18/><W64/><G64/><T130/><D130/><U98/><E17/><V88/><F88/><W97/><G97/><AGARI ba="0,2" hai="23,27,30,60,63,72,78,82,84,85,86,97,100,104" machi="97" ten="40,2600,0" yaku="1,1,52,1,53,0" doraHai="96" doraHaiUra="10" who="2" fromWho="3" sc="210,0,310,0,287,46,173,-26" />
</Scene>
<Scene>
<INIT seed="6,0,0,0,1,29" ten="210,310,333,147" oya="2" hai0="46,59,70,62,74,131,112,122,18,108,114,91,25" hai1="67,30,20,105,135,31,82,80,11,99,8,103,5" hai2="87,127,27,43,33,124,69,45,10,102,83,37,101" hai3="26,39,88,58,109,23,14,35,100,121,97,64,128"/><V89/><F69/><W92/><G109/><T36/><D108/><U76/><E67/><V7/><F27/><W71/><G121/><T2/><D122/><U118/><E118/><V52/><F33/><W1/><G1/><T129/><D2/><U90/><E135/><V60/><F60/><W34/><G39/><T49/><D74/><U21/><E90/><V66/><F66/><W0/><G0/><T104/><D104/><U28/><E82/><V120/><F52/><W17/><G71/><T3/><D3/><U98/><E98/><V16/><F7/><W55/><G128/><N who="0" m="49227" /><D91/><U42/><E42/><V123/><F123/><W32/><G64/><N who="0" m="41239" /><D18/><U4/><E4/><V86/><F86/><W73/><G73/><T53/><D25/><U77/><E5/><V117/><F120/><W72/><G72/><T78/><D78/><U12/><E12/><N who="2" m="7191" /><F117/><W106/><G26/><T119/><D119/><U81/><E76/><V95/><F83/><W107/><REACH who="3" step="1"/><G100/><REACH who="3" ten="210,310,333,137" step="2"/><T85/><D85/><U56/><E103/><V65/><F102/><W9/><G9/><T96/><D96/><U132/><E8/><V110/><F101/><W93/><G93/><T38/><D38/><U51/><E11/><V22/><F37/><W94/><G94/><T54/><D36/><U133/><E99/><V15/><F110/><W48/><AGARI ba="0,1" hai="14,17,23,32,34,35,48,55,58,88,92,97,106,107" machi="48" ten="30,12000,2" yaku="1,1,0,1,52,3,54,1,53,0" doraHai="29" doraHaiUra="125" who="3" fromWho="3" sc="210,-30,310,-30,333,-60,137,130" />
</Scene>
<Scene>
<INIT seed="7,0,0,3,5,39" ten="180,280,273,267" oya="3" hai0="126,61,120,130,34,47,9,114,66,41,27,125,40" hai1="28,24,51,35,99,70,38,56,18,26,111,53,25" hai2="112,10,89,87,16,48,93,135,6,30,65,123,90" hai3="33,82,102,127,131,94,92,49,132,3,88,32,133"/><W11/><G131/><T128/><D9/><U1/><E1/><V43/><F112/><W105/><G105/><T0/><D0/><U115/><E111/><V58/><F135/><N who="3" m="51787" /><G127/><N who="0" m="48651" /><D27/><U73/><E73/><V117/><F117/><W121/><G121/><T109/><D34/><N who="3" m="13417" /><G102/><T86/><D86/><U108/><E70/><V81/><F123/><W57/><G3/><T72/><D72/><U71/><E71/><V69/><F69/><W98/><G11/><T124/><N who="0" m="48659" /><T97/><DORA hai="55" /><D97/><U110/><E110/><V22/><F30/><W85/><G98/><T74/><D74/><U101/><E38/><V2/><F65/><W8/><G8/><T104/><D104/><U91/><E115/><V62/><F2/><W37/><G37/><N who="0" m="21903" /><D109/><U23/><E108/><V50/><F10/><W52/><AGARI ba="0,0" hai="49,52,57,82,85,88,92,94" m="13417,51787" machi="52" ten="40,12000,1" yaku="20,1,52,1,54,2" doraHai="39,55" who="3" fromWho="3" sc="180,-40,280,-40,273,-40,267,120" owari="140,-36.0,240,4.0,233,-17.0,387,49.0" />
</Scene>
</mjloggm>