<mjloggm ver="2.3"><GO type="169" lobby="0"/><UN n0="%28%2A%C2%B4%33%EF%BD%80%2A%29" n1="%41%53%41%50%49%4E" n2="%E5%8C%97%E9%81%93%E5%B1%B1" n3="%E3%83%9A%E3%83%81%E3%83%A7%E3%83%BC%E3%83%AA%E3%83%B3" dan="16,19,17,17" rate="2035.49,2258.69,2097.64,2140.49" sx="F,M,M,M"/><TAIKYOKU oya="0"/>

<Scene>
<INIT seed="0,0,0,5,3,52" ten="250,250,250,250" oya="0" hai0="113,89,3,77,92,119,97,100,41,26,126,48,102" hai1="83,34,112,43,106,15,82,40,66,64,23,80,14" hai2="110,25,95,101,38,62,115,111,86,8,56,2,93" hai3="45,84,51,88,59,75,19,121,96,29,17,36,31"/><T50/><D119/><U60/><E106/><V109/><F38/><W120/><G75/><T11/><D113/><U49/><E34/><V133/><F115/><W27/><G96/><T5/><D126/><U79/><E112/><V63/><F133/><W90/><G36/><T18/><D77/><U1/><E1/><V35/><F63/><W58/><G90/><T107/><D41/><U46/><E79/><V132/><F132/><W134/><G134/><T9/><D102/><U131/><E131/><V61/><F61/><W104/><G104/><T76/><D76/><U70/><E64/><V81/><F101/><W16/><G29/><T53/><D53/><U105/><E105/><V28/><F2/><W57/><G31/><T68/><D68/><U7/><E7/><V37/><F37/><W85/><G27/><T122/><D122/><N who="3" m="47209" /><G88/><T12/><REACH who="0" step="1"/><D26/><REACH who="0" ten="240,250,250,250" step="2"/><U135/><E135/><V123/><F123/><W33/><G33/><T13/><D13/><U39/><E15/><V128/><F128/><W32/><G32/><T91/><D91/><U69/><E14/><V0/><F0/><W117/><G117/><T55/><D55/><AGARI ba="0,1" hai="16,17,19,45,51,55,57,58,59,84,85" m="47209" machi="55" ten="40,8000,1" yaku="13,1,52,3,54,1" doraHai="52" who="3" fromWho="0" sc="240,-80,250,0,250,0,250,90" />
</Scene>
<Scene>
<INIT seed="1,0,0,5,2,116" ten="160,250,250,340" oya="1" hai0="104,85,52,86,114,80,4,107,58,23,77,96,41" hai1="64,129,61,118,110,102,65,81,128,26,124,126,88" hai2="105,39,73,46,32,62,51,135,36,10,29,112,71" hai3="75,133,42,125,12,13,1,30,2,7,54,100,37"/><U68/><E118/><V109/><F73/><W35/><G75/><T25/><D114/><U92/><E65/><V99/><F109/><W9/><G100/><T79/><D41/><U74/><E110/><V83/><F135/><W18/><G54/><T5/><D104/><U47/><E102/><V3/><F112/><W67/><G67/><T84/><D96/><U50/><E26/><V120/><F83/><W45/><G133/><T130/><D107/><U134/><E134/><V53/><F3/><W38/><G38/><T20/><D20/><U34/><E34/><V127/><F10/><W132/><G132/><T63/><D130/><N who="1" m="50283" /><E81/><V82/><F82/><W98/><G98/><T57/><D79/><U55/><E74/><V31/><F31/><W56/><G125/><N who="1" m="48234" /><E92/><V101/><F127/><W78/><G30/><T14/><D80/><U95/><E95/><V43/><F29/><W24/><G78/><T33/><D33/><U123/><E88/><V48/><F32/><W49/><G24/><T111/><D77/><U28/><E28/><V8/><F101/><W16/><G35/><T27/><D111/><U15/><E15/><V70/><F105/><W91/><G13/><T103/><D103/><U22/><E22/><V6/><F99/><W59/><G91/><T19/><D27/><U117/><E117/><V17/><F8/><W94/><G12/><T21/><D21/><U122/><AGARI ba="0,0" hai="47,50,55,61,64,68,122,123" m="48234,50283" machi="122" ten="40,18000,2" yaku="19,1,18,1,34,2,52,2" doraHai="116" who="1" fromWho="1" sc="160,-60,250,180,250,-60,340,-60" />
</Scene>
<Scene>
<INIT seed="1,1,0,2,0,125" ten="100,430,190,280" oya="1" hai0="20,129,120,81,121,106,57,31,89,47,132,95,3" hai1="21,36,32,110,68,15,30,16,117,98,79,115,83" hai2="74,23,18,90,5,44,25,0,2,43,19,96,60" hai3="58,50,1,48,55,73,87,116,63,102,45,111,134"/><U100/><E115/><V103/><F74/><W42/><G73/><T76/><D106/><U4/><E117/><V91/><F60/><W109/><G1/><T127/><D3/><U59/><E68/><V105/><F19/><W24/><G102/><T99/><D127/><U9/><E36/><V26/><F26/><W133/><G87/><T56/><D132/><N who="3" m="50793" /><G24/><T97/><D47/><U122/><E122/><V52/><F5/><W11/><G11/><T10/><D10/><U82/><E110/><N who="3" m="41994" /><G116/><T94/><D20/><U33/><E59/><V38/><F2/><W64/><G64/><T54/><D31/><U114/><E114/><V101/><F0/><W107/><G107/><T8/><D8/><U80/><E79/><V62/><F103/><W39/><AGARI ba="1,0" hai="39,42,45,48,50,55,58,63" m="41994,50793" machi="39" ten="30,7900,0" yaku="20,1,14,1,34,2" doraHai="125" who="3" fromWho="3" sc="100,-21,430,-40,190,-21,280,82" />
</Scene>
<Scene>
<INIT seed="2,0,0,2,1,2" ten="79,390,169,362" oya="2" hai0="31,58,25,112,126,50,82,59,28,62,135,11,86" hai1="54,73,90,29,8,119,101,98,51,71,43,37,94" hai2="95,1,121,125,27,107,106,34,68,129,63,46,30" hai3="42,127,134,109,132,17,26,45,118,99,130,7,105"/><V12/><F1/><W41/><G118/><T64/><D112/><U96/><E119/><V123/><F129/><W72/><G72/><T21/><D126/><U44/><E73/><V61/><F125/><W111/><G127/><T88/><D135/><N who="3" m="51753" /><G130/><T77/><D11/><U115/><E115/><V35/><F46/><W38/><G42/><T13/><D13/><U40/><E71/><V10/><F35/><W76/><G76/><T18/><REACH who="0" step="1"/><D77/><REACH who="0" ten="69,390,169,362" step="2"/><U23/><E8/><V110/><F110/><W14/><G111/><T20/><D20/><U78/><E78/><V100/><F121/><W60/><G109/><T57/><D57/><U3/><E3/><V113/><F123/><W91/><G26/><T85/><D85/><U69/><E69/><V33/><F33/><W52/><G14/><T74/><D74/><U16/><E23/><V79/><F79/><W19/><G99/><T67/><D67/><U48/><E96/><V5/><F113/><W80/><G105/><T108/><D108/><U83/><E98/><V81/><F68/><W32/><G32/><T47/><D47/><U102/><E44/><V66/><F66/><W6/><G19/><T93/><D93/><U133/><E16/><V39/><F95/><W75/><G17/><T128/><D128/><U22/><E94/><V65/><F65/><W114/><G114/><T92/><D92/><U120/><E133/><V55/><F107/><W49/><G75/><T0/><D0/><U53/><E120/><V36/><F106/><W97/><G97/><T117/><D117/><U116/><E116/><V103/><F10/><RYUUKYOKU ba="0,1" sc="69,30,390,-10,169,-10,362,-10" hai0="18,21,25,28,31,50,58,59,62,64,82,86,88" />
</Scene>
<Scene>
<INIT seed="3,1,1,4,2,54" ten="99,380,159,352" oya="3" hai0="59,110,122,135,80,24,23,30,46,36,68,124,41" hai1="99,8,31,78,10,104,100,12,14,33,91,43,53" hai2="17,18,65,6,38,56,13,44,87,63,102,126,128" hai3="42,71,127,49,114,93,132,118,11,121,15,101,7"/><W81/><G114/><T1/><D122/><U113/><E113/><V3/><F128/><W86/><G121/><T2/><D68/><U133/><E133/><V83/><F3/><W134/><G71/><T66/><D135/><N who="3" m="51753" /><G118/><T27/><D124/><U116/><E116/><V47/><F126/><W0/><G127/><T98/><D110/><U60/><E78/><V125/><F125/><W69/><G69/><T92/><D80/><U112/><E112/><V72/><F72/><W131/><G131/><T57/><D27/><U106/><E43/><V40/><F102/><W77/><G0/><T79/><D79/><U107/><E91/><V22/><F47/><N who="3" m="25847" /><G93/><T119/><D119/><U64/><E53/><V97/><F97/><W75/><G101/><T55/><D55/><U129/><E129/><V5/><REACH who="2" step="1"/><F18/><REACH who="2" ten="99,380,149,352" step="2"/><W117/><G117/><T105/><D105/><U16/><E99/><V73/><F73/><AGARI ba="1,2" hai="7,11,15,73,75,77,81,86" m="25847,51753" machi="73" ten="30,2900,0" yaku="25,1,20,1" doraHai="54" who="3" fromWho="2" sc="99,0,380,0,149,-32,352,52" />
</Scene>
<Scene>
<INIT seed="3,2,0,3,0,32" ten="99,380,117,404" oya="3" hai0="44,122,20,45,72,1,89,117,17,132,105,4,21" hai1="19,67,18,57,34,28,88,123,108,84,110,95,81" hai2="121,104,50,30,125,90,61,120,46,83,60,23,73" hai3="15,25,0,53,126,111,42,33,82,94,101,36,9"/><W65/><G0/><T91/><D117/><U6/><E123/><V69/><F104/><W70/><G82/><T16/><D122/><U39/><E39/><V100/><F120/><W2/><G2/><T3/><D105/><U26/><E6/><V79/><F121/><W62/><G126/><T7/><D132/><U118/><E118/><V37/><F37/><W49/><G111/><N who="1" m="42538" /><E67/><V103/><F125/><W124/><G124/><T10/><D10/><U52/><E81/><V109/><F109/><W102/><G94/><T40/><D40/><U129/><E129/><V27/><F90/><W54/><G54/><T22/><D22/><U63/><AGARI ba="2,0" hai="18,19,26,28,34,52,57,63,84,88,95" m="42538" machi="63" ten="30,4000,0" yaku="14,1,54,2" doraHai="32" who="1" fromWho="1" sc="99,-12,380,46,117,-12,404,-22" />
</Scene>
<Scene>
<INIT seed="4,0,0,4,1,79" ten="87,426,105,382" oya="0" hai0="97,134,87,61,75,76,109,69,123,129,83,3,77" hai1="39,13,110,70,64,72,19,4,80,103,90,62,16" hai2="53,65,22,113,95,6,38,25,116,20,105,51,99" hai3="26,49,24,131,93,2,1,104,41,102,35,30,14"/><T44/><D123/><U73/><E110/><V74/><F38/><W58/><G104/><T86/><D3/><U121/><E121/><V9/><F113/><W91/><G131/><T125/><D109/><U33/><E33/><V46/><F116/><W88/><G102/><T124/><D129/><U108/><E108/><V17/><F74/><W78/><G78/><T107/><D44/><U18/><E39/><V126/><F126/><N who="0" m="48746" /><D134/><U84/><REACH who="1" step="1"/><E103/><REACH who="1" ten="87,416,105,382" step="2"/><V132/><F132/><W7/><G35/><T106/><D106/><U21/><E21/><V12/><F105/><W94/><G2/><T56/><D69/><U5/><E5/><V130/><F130/><W29/><G1/><T96/><D107/><U122/><E122/><V47/><F22/><W85/><G7/><T45/><D45/><U36/><E36/><V32/><F32/><W82/><G14/><T67/><D75/><U10/><AGARI ba="0,1" hai="4,10,13,16,18,19,62,64,70,72,73,80,84,90" machi="10" ten="30,7900,0" yaku="1,1,0,1,52,1,54,1,53,0" doraHai="79" doraHaiUra="133" who="1" fromWho="1" sc="87,-39,416,89,105,-20,382,-20" />
</Scene>
<Scene>
<INIT seed="5,0,0,3,1,40" ten="48,505,85,362" oya="1" hai0="124,95,7,73,114,3,44,31,80,106,10,84,93" hai1="133,98,9,88,120,97,115,117,39,18,38,43,79" hai2="128,100,74,69,121,134,90,19,49,42,11,131,37" hai3="4,53,51,26,72,67,15,45,109,116,119,78,61"/><U112/><E117/><N who="3" m="45130" /><G109/><T35/><D106/><U68/><E120/><V36/><F74/><W41/><G26/><T110/><D110/><U50/><E68/><V48/><F100/><W81/><G4/><T24/><D124/><U113/><E79/><V58/><F90/><W16/><G41/><T23/><D114/><U70/><E70/><V57/><F11/><N who="3" m="6271" /><G61/><T122/><D122/><U101/><E133/><V0/><F19/><W71/><G71/><T87/><D87/><U86/><E18/><V82/><F82/><W6/><G6/><T1/><D1/><U91/><E9/><V13/><F13/><W76/><G78/><T56/><D35/><U20/><E20/><V65/><F0/><W17/><G17/><T30/><D30/><U2/><E2/><V89/><F89/><W60/><G60/><T27/><D27/><U14/><E14/><V8/><F8/><W75/><G67/><T107/><D107/><N who="1" m="63919" /><E91/><V52/><F121/><W64/><G64/><T66/><D66/><U92/><E98/><V59/><F134/><W28/><G28/><T126/><D126/><U32/><E32/><V127/><F127/><W132/><G132/><T111/><D111/><U83/><E83/><V25/><F25/><W22/><G75/><T130/><D130/><N who="2" m="49706" /><F69/><W12/><G12/><T47/><D73/><U62/><E113/><V123/><F123/><W94/><G94/><T55/><D93/><U118/><E118/><V105/><F105/><W46/><G22/><T5/><D95/><U63/><E115/><V34/><F34/><W21/><G21/><T33/><D33/><RYUUKYOKU ba="0,0" sc="48,-10,505,-10,85,-10,362,30" hai3="45,46,51,53,72,76,81" />
</Scene>
<Scene>
<INIT seed="6,1,0,4,1,29" ten="38,495,75,392" oya="2" hai0="128,107,21,25,127,65,131,133,115,6,15,31,34" hai1="49,16,64,92,90,3,1,84,122,39,113,19,54" hai2="135,22,61,60,35,42,69,56,110,13,45,80,108" hai3="33,71,72,0,95,37,44,103,59,85,47,116,70"/><V123/><F123/><W58/><G72/><T75/><D75/><U120/><E39/><V96/><F135/><W32/><G0/><N who="1" m="74" /><E64/><V124/><F124/><W89/><G116/><T48/><D107/><U79/><E79/><V53/><F35/><W87/><G103/><T27/><D65/><U93/><E93/><V40/><F96/><W24/><G24/><T52/><D127/><U57/><E113/><V109/><F80/><W7/><G7/><T125/><D125/><U130/><E130/><N who="0" m="49705" /><D115/><U114/><E114/><V94/><F94/><W62/><G95/><T82/><D133/><U20/><E19/><V99/><F99/><W63/><REACH who="3" step="1"/><G89/><REACH who="3" ten="38,495,75,382" step="2"/><T11/><D82/><U118/><E118/><V105/><F105/><W41/><G41/><T74/><D74/><U134/><E134/><V101/><F101/><W86/><G86/><T119/><D119/><U73/><E73/><V104/><F104/><W91/><G91/><T68/><D27/><U12/><AGARI ba="1,1" hai="12,16,20,49,54,57,84,90,92,120,122" m="74" machi="12" ten="30,2000,0" yaku="25,1,54,1" doraHai="29" who="1" fromWho="1" sc="38,-6,495,33,75,-11,382,-6" />
</Scene>
<Scene>
<INIT seed="7,0,0,0,1,2" ten="32,528,64,376" oya="3" hai0="45,115,31,114,0,22,26,135,64,4,83,98,124" hai1="47,61,3,59,94,86,102,76,91,25,72,95,104" hai2="120,66,88,74,110,82,12,46,108,87,42,111,1" hai3="99,118,52,134,75,9,30,80,93,36,85,96,10"/><W41/><G118/><T92/><D124/><U17/><E3/><V97/><F1/><W106/><G75/><T100/><D64/><U19/><E104/><V123/><F66/><W119/><G119/><T117/><D117/><U70/><E70/><V28/><F28/><W60/><G134/><T105/><D135/><U14/><E72/><V20/><F74/><W8/><G106/><T58/><D83/><U116/><E116/><V113/><F113/><N who="0" m="43018" /><D58/><U13/><E76/><V107/><F20/><W54/><G30/><T69/><D69/><U90/><E102/><V68/><F68/><W24/><G24/><T125/><D125/><U56/><E47/><V38/><REACH who="2" step="1"/><F12/><REACH who="2" ten="32,528,54,376" step="2"/><N who="1" m="4713" /><E25/><V48/><F48/><W44/><G60/><T127/><D127/><U32/><E32/><V128/><F128/><W79/><REACH who="3" step="1"/><G99/><REACH who="3" ten="32,528,54,366" step="2"/><T35/><D35/><U130/><E130/><V121/><F121/><W18/><G18/><N who="1" m="6666" /><E61/><V15/><F15/><W29/><G29/><T109/><D31/><U101/><E101/><AGARI ba="0,2" hai="38,42,46,82,87,88,97,101,107,108,110,111,120,123" machi="101" ten="50,6400,0" yaku="1,1,54,1,53,1" doraHai="2" doraHaiUra="71" who="2" fromWho="1" sc="32,0,528,-64,54,84,366,0" /><AGARI ba="0,0" hai="8,9,10,36,41,44,52,54,79,80,85,93,96,101" machi="101" ten="40,7700,0" yaku="1,1,54,1,53,1" doraHai="2" doraHaiUra="71" who="3" fromWho="1" sc="32,0,464,-77,138,0,366,77" owari="32,-47.0,387,19.0,138,-26.0,443,54.0" />
</Scene>
</mjloggm>