<mjloggm ver="2.3"><GO type="169" lobby="0"/><UN n0="%E5%8D%97%E9%9B%B2%69%6E%E4%B8%83%E9%9B%B6" n1="%41%53%41%50%49%4E" n2="%E4%B8%83%E3%83%84%E7%9B%AE%E7%8E%89" n3="%E7%B7%9A%E5%BD%A2%E8%A8%88%E7%94%BB%E6%B3%95" dan="16,19,17,16" rate="2041.98,2238.52,2163.83,2090.97" sx="M,M,M,M"/><TAIKYOKU oya="0"/>

<Scene>
<INIT seed="0,0,0,3,3,75" ten="250,250,250,250" oya="0" hai0="109,74,114,42,30,39,48,115,11,17,65,55,87" hai1="40,121,129,120,125,4,111,108,100,33,61,3,84" hai2="44,123,91,117,89,133,62,113,9,36,54,47,112" hai3="93,81,135,43,6,28,66,35,72,29,102,110,1"/><T68/><D74/><U59/><E33/><V79/><F123/><W45/><G66/><T101/><D30/><U27/><E129/><V83/><F133/><W53/><G110/><N who="1" m="42026" /><E125/><V24/><F117/><W69/><G53/><T131/><D109/><U86/><E27/><V95/><F24/><W77/><G69/><T126/><D131/><U85/><E100/><V25/><F25/><W56/><G56/><T119/><D101/><U5/><E40/><V10/><F112/><W71/><G71/><T82/><D126/><U90/><E90/><V58/><F113/><W70/><G70/><T107/><D119/><U12/><E3/><V0/><F91/><W16/><G35/><T67/><D68/><U15/><E15/><V37/><F37/><W46/><G102/><T64/><D107/><U134/><E134/><V31/><F31/><W57/><G57/><T2/><D42/><U132/><E132/><V116/><F36/><W18/><G135/><T118/><D39/><U52/><E12/><V60/><F116/><W94/><G43/><T41/><D41/><U7/><AGARI ba="0,0" hai="4,5,7,52,59,61,84,85,86,120,121" m="42026" machi="7" ten="40,2700,0" yaku="14,1,54,1" doraHai="75" who="1" fromWho="1" sc="250,-13,250,27,250,-7,250,-7" />
</Scene>
<Scene>
<INIT seed="1,0,0,5,0,18" ten="237,277,243,243" oya="1" hai0="30,87,101,135,27,133,121,109,69,49,110,36,9" hai1="72,19,102,125,39,47,126,113,114,100,71,45,62" hai2="96,50,68,64,60,112,98,20,65,26,3,22,124" hai3="29,130,123,131,13,12,4,61,79,77,129,48,94"/><U6/><E72/><V43/><F3/><W63/><G123/><T88/><D36/><U76/><E76/><V1/><F1/><W104/><G104/><T16/><D121/><U118/><E118/><V73/><F73/><W134/><G134/><N who="0" m="51211" /><D69/><U116/><E116/><V66/><F124/><N who="1" m="47721" /><E6/><V28/><F112/><N who="1" m="43113" /><E39/><V10/><F10/><W103/><G4/><T120/><D120/><U59/><E71/><V5/><F5/><W14/><G29/><T80/><D101/><N who="1" m="39019" /><E19/><V17/><F68/><W106/><G106/><T127/><D127/><U57/><E62/><V54/><F60/><W81/><G77/><T7/><D16/><U42/><E42/><V46/><REACH who="2" step="1"/><F43/><REACH who="2" ten="237,277,233,243" step="2"/><W44/><G63/><T53/><D7/><U38/><E38/><V97/><F97/><W93/><G61/><T23/><D9/><U107/><E107/><V35/><F35/><W95/><G131/><T128/><D128/><U119/><E119/><V105/><F105/><W55/><G130/><T24/><D49/><U91/><E91/><V34/><F34/><W51/><G51/><T25/><D53/><U2/><E2/><V99/><F99/><N who="3" m="59903" /><G129/><T122/><D122/><U74/><E74/><V56/><F56/><AGARI ba="0,1" hai="45,47,56,57,59" m="39019,43113,47721" machi="56" ten="40,7700,0" yaku="28,2,18,1" doraHai="18" who="1" fromWho="2" sc="237,0,277,87,233,-77,243,0" />
</Scene>
<Scene>
<INIT seed="1,1,0,2,5,9" ten="237,364,156,243" oya="1" hai0="93,135,0,94,32,85,23,129,46,14,34,79,76" hai1="92,58,118,38,87,57,17,26,72,114,69,33,18" hai2="116,96,120,12,124,103,13,3,65,66,128,111,25" hai3="89,113,107,97,70,104,132,110,117,15,24,44,54"/><U78/><E114/><V8/><F116/><W6/><G113/><T106/><D0/><U86/><E118/><V50/><F120/><W133/><G70/><T91/><D106/><U39/><E69/><V22/><F111/><W29/><G110/><T10/><D135/><N who="3" m="51785" /><G117/><T123/><D123/><U62/><E72/><V102/><F124/><W63/><G89/><T100/><D129/><U36/><E78/><V64/><F128/><W56/><G44/><T4/><D46/><U98/><E58/><V126/><F126/><W105/><G97/><N who="0" m="59447" /><D34/><U51/><E51/><V134/><F134/><W35/><G107/><T68/><D68/><U20/><E18/><V1/><F50/><W30/><G29/><T67/><D32/><U99/><E33/><V73/><F73/><W90/><G90/><T83/><D67/><U31/><E99/><V74/><F74/><W37/><G37/><T21/><D93/><U125/><E125/><V5/><F1/><W77/><G77/><AGARI ba="1,0" hai="4,10,14,21,23,76,77,79,83,85,91" m="59447" machi="77" ten="30,2000,0" yaku="8,1,52,1" doraHai="9" who="0" fromWho="3" sc="237,23,364,0,156,0,243,-23" />
</Scene>
<Scene>
<INIT seed="2,0,0,3,4,110" ten="260,364,156,220" oya="2" hai0="126,38,113,84,57,18,8,127,133,70,13,131,17" hai1="87,35,82,132,78,52,134,2,49,119,15,130,83" hai2="26,62,43,116,85,69,67,89,27,117,125,99,24" hai3="129,4,33,61,104,65,64,39,108,68,51,112,94"/><V19/><F125/><N who="0" m="47626" /><D70/><U1/><E119/><V122/><F122/><W120/><G39/><T105/><D105/><U90/><E35/><V77/><F43/><W118/><G104/><T41/><D38/><U37/><E37/><V101/><F77/><W91/><G108/><T12/><D41/><U102/><E102/><V124/><F124/><W60/><G129/><T5/><D131/><U50/><E130/><V44/><F44/><W74/><G74/><T46/><D46/><N who="1" m="27703" /><E15/><V59/><F69/><W34/><G118/><T88/><D57/><U40/><E50/><V25/><F101/><W71/><G120/><T106/><D106/><U22/><E22/><N who="2" m="13407" /><F117/><W58/><G4/><T103/><D103/><U100/><E100/><V31/><F116/><W79/><G79/><T0/><D133/><N who="1" m="51307" /><E40/><V30/><F99/><W7/><G34/><T36/><D36/><U95/><E83/><AGARI ba="0,0" hai="25,26,27,30,31,59,62,67,83,85,89" m="13407" machi="83" ten="30,1500,0" yaku="8,1" doraHai="110" who="2" fromWho="1" sc="260,0,364,-15,156,15,220,0" />
</Scene>
<Scene>
<INIT seed="2,1,0,3,4,103" ten="260,349,171,220" oya="2" hai0="74,21,39,15,123,46,56,86,120,92,118,57,7" hai1="78,65,91,26,102,50,105,41,119,63,81,83,87" hai2="5,95,122,18,106,28,8,73,84,40,34,130,0" hai3="107,12,29,62,115,6,22,82,48,80,101,134,76"/><V36/><F122/><W110/><G110/><T93/><D74/><U32/><E119/><V49/><F73/><W128/><G128/><T11/><D118/><U10/><E41/><V133/><F36/><W25/><G134/><T27/><D123/><U37/><E37/><V38/><F38/><W70/><G115/><T1/><D1/><U113/><E113/><V116/><F116/><W60/><G48/><T33/><D33/><U99/><E50/><V4/><F4/><W24/><G24/><T98/><D120/><U9/><E81/><V108/><F130/><W77/><G70/><T94/><D98/><U89/><E10/><V43/><F133/><W124/><G124/><T35/><D35/><U54/><E54/><V13/><F106/><W129/><G129/><T47/><D86/><U64/><E9/><V112/><F112/><W51/><G51/><T20/><D20/><U66/><REACH who="1" step="1"/><E63/><REACH who="1" ten="260,339,171,220" step="2"/><V125/><F49/><W109/><G60/><T68/><D39/><U85/><E85/><V52/><F52/><W96/><G62/><T2/><D46/><U61/><E61/><V55/><F55/><W135/><G135/><T53/><D2/><U90/><E90/><N who="2" m="53703" /><F125/><W31/><G82/><T75/><D75/><U71/><E71/><V23/><F108/><W59/><G109/><T88/><D68/><U72/><E72/><V111/><F111/><W17/><G80/><T117/><D117/><U114/><E114/><V127/><F127/><W132/><G132/><T126/><D126/><U58/><E58/><V30/><F34/><W44/><G59/><T42/><D57/><RYUUKYOKU ba="1,1" sc="260,-15,339,15,171,15,220,-15" hai1="26,32,64,65,66,78,83,87,89,91,99,102,105" hai2="0,5,8,13,18,23,28,30,40,43" />
</Scene>
<Scene>
<INIT seed="2,2,1,1,1,130" ten="245,354,186,205" oya="2" hai0="11,101,7,89,83,103,91,98,40,73,39,85,108" hai1="54,38,43,70,34,15,17,6,41,129,53,126,68" hai2="51,26,56,97,114,21,63,24,36,29,44,99,92" hai3="45,74,16,127,58,116,124,134,50,1,18,84,76"/><V27/><F36/><W107/><G74/><T31/><D108/><U132/><E34/><V30/><F114/><W102/><G1/><T23/><D73/><U79/><E129/><V66/><F30/><W48/><G116/><T122/><D122/><U71/><E6/><V12/><F12/><W82/><G102/><T135/><D39/><U42/><E38/><V106/><F106/><W47/><G107/><T20/><D40/><U96/><E79/><V35/><F35/><W94/><G94/><T133/><D91/><U32/><E32/><V90/><REACH who="2" step="1"/><F99/><REACH who="2" ten="245,354,176,205" step="2"/><W49/><G127/><T8/><D98/><U13/><E96/><V110/><F110/><W95/><G124/><T4/><D31/><U123/><E13/><V77/><F77/><W119/><G119/><T2/><D103/><U5/><E126/><V3/><F3/><W57/><G76/><T78/><D101/><U52/><E123/><V55/><AGARI ba="2,2" hai="21,24,26,27,29,44,51,55,56,63,66,90,92,97" machi="55" ten="20,12000,1" yaku="1,1,0,1,7,1,8,1,53,1" doraHai="130" doraHaiUra="86" who="2" fromWho="2" sc="245,-42,354,-42,176,146,205,-42" />
</Scene>
<Scene>
<INIT seed="2,3,0,3,3,0" ten="203,312,322,163" oya="2" hai0="122,22,84,61,63,81,26,9,111,55,72,50,25" hai1="18,129,86,70,135,67,51,36,96,77,40,59,94" hai2="7,125,102,126,128,62,99,97,120,10,119,46,113" hai3="93,82,38,49,114,68,27,30,43,11,132,31,44"/><V3/><F113/><W15/><G68/><T35/><D72/><U106/><E106/><V1/><F119/><W80/><G114/><T76/><D122/><U29/><E129/><V101/><F120/><W41/><G132/><T8/><D111/><U134/><E29/><V45/><F128/><W65/><G65/><T37/><D37/><U131/><E131/><V98/><F62/><N who="0" m="23562" /><D35/><U95/><E67/><V14/><F14/><W110/><G110/><T69/><D69/><U118/><E70/><V54/><F54/><W57/><G93/><T42/><D42/><U20/><E36/><V5/><F98/><W13/><G13/><T117/><D117/><U83/><E118/><V34/><F34/><W89/><G30/><N who="0" m="17719" /><D26/><U107/><E107/><V100/><F100/><W92/><G38/><T87/><D87/><U105/><E105/><V112/><F112/><W17/><G43/><T32/><D32/><U123/><E123/><V109/><F109/><W124/><G124/><T28/><D28/><U24/><E40/><V75/><F75/><W66/><G66/><T33/><D33/><U16/><E96/><V6/><F99/><W4/><G31/><T133/><D133/><N who="1" m="50699" /><E18/><V56/><F125/><W19/><G19/><T79/><D79/><U74/><E74/><V90/><F126/><W71/><G71/><T78/><D78/><U115/><E115/><V53/><F97/><N who="3" m="57487" /><G17/><T121/><D121/><U21/><E21/><V85/><F101/><W91/><G27/><T39/><D39/><U103/><E103/><V104/><F102/><W64/><G91/><T48/><D55/><AGARI ba="3,0" hai="16,20,24,51,55,59,77,83,86,94,95" m="50699" machi="55" ten="30,3900,0" yaku="6,1,20,1,54,1" doraHai="0" who="1" fromWho="0" sc="203,-48,312,48,322,0,163,0" />
</Scene>
<Scene>
<INIT seed="3,0,0,3,2,3" ten="155,360,322,163" oya="3" hai0="86,22,91,113,14,122,131,16,7,125,82,124,130" hai1="129,81,66,12,123,1,83,90,44,93,34,63,56" hai2="59,52,102,17,4,54,126,49,118,119,67,88,45" hai3="39,103,35,40,0,135,36,23,51,77,2,20,72"/><W26/><G135/><T68/><D68/><U106/><E123/><V32/><F32/><W31/><G103/><T24/><D122/><U33/><E1/><V128/><F102/><W107/><G107/><T92/><D113/><U61/><E106/><V6/><F128/><N who="0" m="49194" /><D82/><U70/><E129/><V25/><F126/><W11/><G0/><T5/><D24/><U115/><E115/><V100/><F100/><W114/><G114/><T134/><D134/><U127/><E127/><AGARI ba="0,0" hai="5,7,14,16,22,86,91,92,124,125,127" m="49194" machi="127" ten="30,8000,1" yaku="18,1,19,1,52,2,54,1" doraHai="3" who="0" fromWho="1" sc="155,80,360,-80,322,0,163,0" />
</Scene>
<Scene>
<INIT seed="4,0,0,1,2,42" ten="235,280,322,163" oya="0" hai0="41,100,55,30,38,113,60,111,18,75,134,53,110" hai1="22,80,88,118,82,106,74,96,112,46,35,65,40" hai2="10,70,126,123,120,132,117,50,62,94,45,131,92" hai3="31,77,69,57,109,43,83,93,79,114,135,108,4"/><T24/><D113/><U98/><E118/><V129/><F117/><W39/><G69/><T16/><D75/><U105/><E35/><V103/><F132/><W56/><G135/><T44/><D134/><U0/><E0/><V37/><F37/><W51/><G114/><T67/><D100/><U116/><E116/><V58/><F70/><W8/><G31/><T15/><D55/><U63/><E112/><V59/><F126/><W13/><G77/><T91/><D53/><U61/><E74/><V78/><F78/><W28/><G28/><T87/><D67/><U25/><E106/><V130/><F10/><W128/><G128/><T48/><D60/><N who="1" m="23115" /><E105/><V12/><F12/><W81/><G81/><N who="0" m="49647" /><D38/><U107/><E107/><V1/><F1/><W72/><G39/><T5/><D5/><U104/><E104/><V66/><F59/><W76/><G76/><T21/><D15/><U23/><E65/><V33/><F33/><W101/><G109/><AGARI ba="0,0" hai="16,18,21,24,30,41,44,48,109,110,111" m="49647" machi="109" ten="30,5800,0" yaku="10,1,52,1,54,1" doraHai="42" who="0" fromWho="3" sc="235,58,280,0,322,0,163,-58" />
</Scene>
<Scene>
<INIT seed="4,1,0,0,0,3" ten="293,280,322,105" oya="0" hai0="65,69,85,52,4,61,50,127,109,135,6,51,49" hai1="107,57,76,111,113,23,18,29,16,5,122,98,128" hai2="91,94,63,129,97,105,130,36,67,84,11,8,10" hai3="13,62,120,112,104,45,114,34,9,123,46,87,59"/><T79/><D109/><U71/><E111/><V102/><REACH who="2" step="1"/><F36/><REACH who="2" ten="293,280,312,105" step="2"/><W44/><G34/><T27/><D51/><U42/><E122/><N who="3" m="46634" /><G104/><T33/><D49/><U82/><E107/><V53/><F53/><N who="3" m="34159" /><G87/><T30/><D135/><U19/><E98/><V103/><F103/><W80/><G80/><T70/><D70/><AGARI ba="1,1" hai="8,10,11,63,67,70,84,91,94,97,102,105,129,130" machi="70" ten="40,5200,0" yaku="21,2,53,1" doraHai="3" doraHaiUra="56" who="2" fromWho="0" sc="293,-55,280,0,312,65,105,0" />
</Scene>
<Scene>
<INIT seed="5,0,0,5,4,9" ten="238,280,377,105" oya="1" hai0="10,66,129,125,61,38,91,7,74,60,132,2,89" hai1="37,30,111,119,8,123,28,25,52,54,120,24,84" hai2="122,41,126,29,98,104,6,12,81,97,15,39,100" hai3="78,50,1,48,92,94,65,117,23,22,109,4,82"/><U127/><E119/><V131/><F122/><W68/><G117/><T40/><D132/><U95/><E37/><V77/><F29/><W106/><G106/><T27/><D129/><U124/><E111/><V80/><F131/><W58/><G109/><T56/><D125/><N who="1" m="48203" /><E95/><V26/><F98/><W21/><G68/><T62/><D74/><U64/><E84/><V46/><F126/><W75/><G1/><T102/><D102/><U13/><E64/><V105/><F105/><W90/><G4/><T31/><D66/><U16/><E28/><V71/><F71/><W57/><G92/><T86/><D56/><U42/><E42/><V88/><F26/><N who="1" m="10345" /><E30/><V67/><F67/><W20/><N who="3" m="5120" /><DORA hai="69" /><W101/><G101/><T55/><D38/><U35/><E35/><V99/><F99/><W44/><G65/><T135/><D40/><U133/><E133/><V43/><F43/><W73/><G73/><T33/><D135/><U116/><E116/><V128/><F128/><W47/><G47/><T115/><D55/><AGARI ba="0,0" hai="8,13,16,52,54,55,120,123" m="10345,48203" machi="55" ten="30,11600,0" yaku="18,1,52,1,54,2" doraHai="9,69" who="1" fromWho="0" sc="238,-116,280,116,377,0,105,0" />
</Scene>
<Scene>
<INIT seed="5,1,0,3,5,30" ten="122,396,377,105" oya="1" hai0="36,104,117,44,82,24,17,81,122,70,129,118,116" hai1="14,103,35,55,131,6,97,56,93,22,101,120,20" hai2="46,7,60,106,33,62,77,16,0,8,125,38,83" hai3="121,96,84,49,135,31,87,57,114,74,80,112,95"/><U107/><E120/><V54/><F106/><W111/><G121/><T72/><D122/><U130/><E35/><V11/><F125/><W51/><G111/><T113/><D104/><U64/><E64/><V71/><F33/><W40/><G135/><T75/><D70/><U88/><E6/><V61/><F71/><W32/><G74/><N who="0" m="28203" /><D36/><U89/><E89/><V10/><F83/><N who="0" m="31754" /><D44/><U65/><E65/><V128/><F77/><W69/><G69/><T92/><D17/><N who="1" m="10295" /><E22/><V39/><F39/><W86/><G80/><T9/><D9/><U15/><E15/><V100/><F38/><W18/><G18/><T105/><D24/><U5/><E5/><V108/><F108/><W41/><G32/><T52/><D105/><U2/><E2/><V79/><F7/><W110/><G110/><T109/><D109/><U102/><E102/><V37/><F100/><W76/><G31/><T63/><D129/><N who="1" m="49163" /><E107/><V42/><F128/><W134/><G134/><T19/><D19/><U124/><E124/><V45/><F0/><W133/><G133/><T13/><D13/><U119/><E119/><V12/><F79/><W26/><G76/><T28/><D28/><U50/><AGARI ba="1,0" hai="50,55,56,88,93,97,101,103" m="49163,10295" machi="50" ten="30,3000,0" yaku="19,1,54,1" doraHai="30" who="1" fromWho="1" sc="122,-11,396,33,377,-11,105,-11" />
</Scene>
<Scene>
<INIT seed="5,2,0,2,3,124" ten="111,429,366,94" oya="1" hai0="133,119,67,0,104,106,56,12,88,86,59,103,53" hai1="90,107,91,7,100,62,50,105,3,108,27,2,29" hai2="135,117,4,120,99,66,123,129,40,1,26,30,48" hai3="73,35,8,121,28,41,84,14,83,97,17,134,77"/><U44/><E108/><V57/><F117/><W60/><G121/><T34/><D34/><U38/><E38/><V95/><F1/><W65/><G134/><T116/><D133/><U46/><E62/><V82/><F4/><W93/><G41/><T109/><D109/><U128/><E7/><V18/><F135/><W22/><G35/><T74/><D74/><U64/><E64/><V15/><F82/><W31/><G73/><T89/><D0/><U113/><E50/><V68/><F68/><W21/><G28/><T51/><D12/><U58/><E58/><V37/><F37/><W122/><G31/><T47/><D119/><U70/><E29/><V75/><F75/><W43/><G43/><T110/><D110/><U55/><E100/><V81/><F81/><W61/><G122/><T45/><D116/><U131/><E55/><V80/><F40/><W63/><REACH who="3" step="1"/><G65/><REACH who="3" ten="111,429,366,84" step="2"/><T96/><D67/><U114/><E70/><V111/><F66/><W5/><G5/><T98/><D45/><U52/><E52/><V72/><F120/><W130/><G130/><T76/><D47/><U6/><E6/><V49/><F129/><W16/><G16/><T39/><D39/><U115/><E115/><V127/><F123/><W33/><G33/><T112/><D112/><U79/><E79/><V54/><F18/><W126/><G126/><T125/><D125/><U10/><E10/><V9/><F9/><W78/><G78/><T36/><D36/><U71/><E71/><V101/><F127/><W69/><G69/><T92/><D59/><U94/><E27/><V11/><F26/><RYUUKYOKU ba="2,1" sc="111,-15,429,15,366,-15,84,15" hai1="2,3,44,46,90,91,94,105,107,113,114,128,131" hai3="8,14,17,21,22,60,61,63,77,83,84,93,97" />
</Scene>
<Scene>
<INIT seed="5,3,1,1,3,37" ten="96,444,351,99" oya="1" hai0="117,49,89,70,131,62,64,135,103,95,1,5,34" hai1="113,87,79,2,120,123,50,21,73,67,32,12,115" hai2="121,109,27,127,35,19,107,114,9,63,91,80,94" hai3="38,129,44,46,43,71,16,122,132,86,101,74,20"/><U51/><E32/><V98/><F121/><W55/><G122/><T133/><D117/><U33/><E33/><V41/><F109/><W124/><G74/><T88/><D131/><U134/><E2/><V108/><F108/><W7/><G71/><T76/><D34/><U25/><E73/><V58/><F107/><W125/><G129/><T82/><D49/><N who="1" m="18443" /><E134/><N who="0" m="51209" /><D5/><U48/><E67/><V60/><F35/><W77/><G7/><T119/><D1/><U15/><E15/><V96/><F27/><W111/><G111/><T39/><D39/><U18/><E12/><V110/><F110/><W85/><G132/><T118/><D103/><U42/><E87/><N who="3" m="33290" /><G101/><T24/><D24/><U106/><E79/><V57/><F19/><W8/><G77/><T61/><D61/><U128/><E106/><V3/><F63/><W72/><G72/><N who="0" m="43271" /><D89/><U105/><E105/><V11/><F60/><W13/><G55/><T116/><D116/><U99/><E128/><V66/><F91/><W112/><G46/><T59/><D70/><U54/><E54/><V75/><F3/><W104/><G104/><T28/><D28/><U26/><E123/><V126/><F75/><W36/><G36/><T52/><D64/><U93/><E120/><V90/><F66/><W97/><G8/><T68/><D68/><U92/><E25/><V53/><F53/><W130/><G130/><T0/><D0/><U47/><E26/><V22/><F9/><W6/><G6/><T40/><D119/><U29/><E29/><V83/><F11/><W4/><G4/><T30/><D118/><U23/><E47/><RYUUKYOKU ba="3,1" sc="96,0,444,0,351,0,99,0" />
</Scene>
<Scene>
<INIT seed="6,4,1,4,2,62" ten="96,444,351,99" oya="2" hai0="44,78,0,39,90,23,20,113,130,85,26,83,91" hai1="86,38,114,96,59,17,24,120,101,126,35,18,82" hai2="72,5,27,92,94,40,28,111,98,102,3,7,15" hai3="2,52,30,25,67,115,116,13,58,66,73,80,42"/><V19/><F72/><W69/><G116/><T123/><D123/><U60/><E38/><V50/><F3/><W108/><G2/><T135/><D0/><U79/><E120/><V131/><F131/><W68/><G108/><T54/><D130/><U65/><E114/><V57/><F111/><W16/><G115/><T97/><D113/><U48/><E126/><V124/><F124/><W9/><G42/><T74/><D135/><U45/><E24/><V43/><F94/><W12/><G12/><T55/><D97/><U49/><E35/><V63/><F50/><N who="3" m="30999" /><G73/><T128/><D128/><U76/><E76/><V14/><F43/><W88/><G69/><T93/><D91/><U119/><E119/><V95/><F95/><W87/><G68/><T10/><D10/><U133/><E133/><V53/><F40/><W118/><G118/><T132/><D132/><U29/><E29/><V36/><F36/><W122/><G122/><T125/><D125/><U64/><E64/><V8/><REACH who="2" step="1"/><F15/><REACH who="2" ten="96,444,341,99" step="2"/><W6/><G6/><T46/><D39/><U31/><E48/><V103/><F103/><W121/><G121/><T105/><D105/><U127/><E127/><V77/><F77/><W51/><G51/><T129/><D129/><U84/><E49/><V104/><F104/><W106/><G106/><T47/><D26/><U99/><E101/><V61/><F61/><W41/><G41/><T56/><D55/><U134/><E60/><V32/><AGARI ba="4,2" hai="5,7,8,14,19,27,28,32,53,57,63,92,98,102" machi="32" ten="20,3900,0" yaku="1,1,0,1,7,1,53,0" doraHai="62" doraHaiUra="117" who="2" fromWho="2" sc="96,-17,444,-17,341,71,99,-17" />
</Scene>
<Scene>
<INIT seed="6,5,0,5,0,12" ten="79,427,412,82" oya="2" hai0="70,41,77,32,92,42,83,24,131,16,126,48,34" hai1="128,27,37,111,4,123,121,28,100,73,134,89,82" hai2="84,133,114,108,23,14,98,8,76,66,78,33,3" hai3="51,63,116,103,105,45,40,122,13,35,90,2,52"/><V30/><F33/><W36/><G2/><T38/><D38/><U81/><E111/><V119/><F119/><W44/><G116/><T57/><D70/><U47/><E134/><V107/><F133/><W59/><G122/><N who="1" m="46602" /><E128/><V31/><F108/><W56/><G35/><T68/><D68/><U58/><E73/><V75/><F75/><W117/><G117/><T10/><D131/><U15/><E100/><V80/><F3/><W110/><G110/><T21/><D126/><U22/><E89/><V64/><F114/><W135/><G135/><T29/><D92/><U94/><E94/><V17/><F78/><W115/><G115/><T0/><D34/><U55/><E4/><N who="2" m="3335" /><F98/><W113/><G113/><T95/><D95/><U132/><E15/><N who="2" m="9663" /><F107/><W106/><G103/><T74/><D0/><U6/><E6/><V130/><F130/><W54/><G90/><T85/><D74/><U86/><E86/><V87/><F84/><W18/><REACH who="3" step="1"/><G45/><REACH who="3" ten="79,427,412,72" step="2"/><T7/><D32/><U120/><E120/><V97/><F97/><W93/><G93/><T9/><D7/><U67/><E132/><V118/><F118/><W60/><G60/><T43/><D29/><AGARI ba="5,1" hai="29,30,31,64,66,76,80,87" m="9663,3335" machi="29" ten="30,2900,0" yaku="8,1,52,1" doraHai="12" who="2" fromWho="0" sc="79,-44,427,0,412,54,72,0" />
</Scene>
<Scene>
<INIT seed="6,6,0,5,2,106" ten="35,427,466,72" oya="2" hai0="84,97,134,15,59,17,38,110,47,42,49,46,120" hai1="128,33,80,74,14,52,45,50,129,24,13,48,108" hai2="21,58,71,92,124,105,73,65,6,91,89,40,113" hai3="75,39,53,118,29,83,88,72,87,41,117,114,30"/><V122/><F122/><W133/><G39/><T94/><D120/><U104/><E104/><V69/><F105/><W55/><G41/><T64/><D110/><U130/><E108/><V5/><F40/><W66/><G66/><T85/><D134/><U26/><E48/><V116/><F116/><W77/><G133/><T51/><D38/><U11/><E33/><V4/><F73/><W115/><G117/><T98/><D64/><U57/><E45/><V99/><F113/><N who="3" m="43019" /><G118/><T68/><D68/><U36/><E36/><V86/><F124/><W96/><G96/><T9/><D59/><U3/><E3/><V34/><F34/><W79/><G79/><T0/><D0/><U22/><E11/><V70/><F21/><W16/><G16/><T125/><D125/><U12/><E22/><V67/><REACH who="2" step="1"/><F58/><REACH who="2" ten="35,427,456,72" step="2"/><W78/><G75/><T28/><D28/><U109/><E109/><V82/><AGARI ba="6,1" hai="4,5,6,65,67,69,70,71,82,86,89,91,92,99" machi="82" ten="40,7800,0" yaku="1,1,2,1,0,1,53,0" doraHai="106" doraHaiUra="44" who="2" fromWho="2" sc="35,-32,427,-32,456,106,72,-32" />
</Scene>
<Scene>
<INIT seed="6,7,0,0,2,36" ten="3,395,562,40" oya="2" hai0="134,132,112,91,47,32,106,75,12,131,53,86,43" hai1="119,68,77,89,97,17,103,74,100,99,33,125,72" hai2="48,95,108,50,83,133,127,4,11,40,30,104,57" hai3="5,113,64,129,110,121,51,61,26,67,115,6,87"/><V46/><F104/><W130/><G110/><T109/><D32/><U94/><E68/><V10/><F108/><W123/><G26/><T55/><D109/><U35/><E17/><V3/><F30/><W82/><G51/><T44/><D75/><U93/><E33/><V79/><F133/><N who="0" m="51306" /><D106/><U15/><E15/><V21/><F21/><W8/><G123/><T18/><D131/><N who="3" m="50185" /><G121/><T59/><D112/><N who="3" m="43081" /><G61/><N who="0" m="36079" /><D55/><U122/><E35/><V13/><F50/><W62/><G62/><T111/><D111/><U88/><E122/><V66/><F48/><W20/><G20/><N who="0" m="11335" /><D43/><U60/><E60/><V25/><F40/><W7/><G8/><T65/><D65/><U63/><E63/><V76/><F11/><W39/><G39/><T49/><D49/><U31/><E31/><V92/><F10/><W135/><G135/><T56/><D56/><U52/><E52/><V42/><F42/><W41/><G41/><T54/><D54/><U19/><E19/><V16/><F16/><W105/><G105/><T101/><D101/><U1/><E1/><V37/><F3/><W73/><G73/><T107/><D107/><U102/><E102/><V98/><F57/><W126/><G126/><T128/><D128/><U116/><REACH who="1" step="1"/><E125/><REACH who="1" ten="3,385,562,40" step="2"/><V14/><F127/><W117/><G117/><T24/><D24/><U96/><E96/><V78/><F98/><W23/><G23/><T38/><D38/><U114/><E114/><V45/><F37/><W34/><G34/><T81/><AGARI ba="7,1" hai="44,47,81,86,91" m="11335,36079,51306" machi="81" ten="30,1100,0" yaku="20,1" doraHai="36" who="0" fromWho="0" sc="3,42,385,-10,562,-12,40,-10" />
</Scene>
<Scene>
<INIT seed="7,0,0,2,0,24" ten="45,375,550,30" oya="3" hai0="48,50,112,27,75,87,73,14,78,76,21,106,110" hai1="95,34,101,29,13,81,80,0,99,10,97,107,133" hai2="100,22,132,69,35,65,45,116,11,26,37,105,57" hai3="54,111,6,102,42,49,17,32,120,85,19,8,12"/><W43/><G120/><T51/><D110/><U30/><E0/><V88/><F35/><W5/><G111/><T9/><D106/><U53/><E133/><V90/><F69/><W68/><G68/><T4/><D112/><U58/><E34/><V56/><F105/><W66/><G32/><T41/><D41/><N who="3" m="15369" /><G66/><T3/><D3/><U127/><E127/><V7/><F65/><W89/><G102/><T79/><REACH who="0" step="1"/><D87/><REACH who="0" ten="35,375,550,30" step="2"/><U129/><E129/><V36/><F90/><W123/><G123/><T55/><D55/><U74/><E74/><V44/><F57/><N who="3" m="32975" /><G5/><T134/><D134/><U122/><E122/><V119/><F100/><W98/><G98/><T60/><D60/><U47/><E99/><V124/><F22/><W131/><G131/><T103/><D103/><U25/><E107/><V104/><F37/><W108/><G108/><T59/><D59/><U70/><E70/><V72/><F36/><W113/><G113/><T92/><D92/><AGARI ba="0,1" hai="6,8,12,17,19,85,89,92" m="32975,15369" machi="92" ten="30,1500,0" yaku="8,1" doraHai="24" who="3" fromWho="0" sc="35,-15,375,0,550,0,30,25" />
</Scene>
<Scene>
<INIT seed="7,1,0,5,3,27" ten="20,375,550,55" oya="3" hai0="85,51,19,124,82,16,110,15,131,35,5,30,106" hai1="10,8,4,100,57,101,87,17,112,132,77,49,61" hai2="122,97,66,42,114,74,1,18,83,2,0,6,121" hai3="120,46,64,71,68,115,50,116,25,37,81,90,9"/><W40/><G116/><T96/><D110/><U11/><E112/><V125/><F66/><W67/><G120/><T91/><D131/><U12/><E132/><V88/><F42/><W79/><G115/><T69/><D124/><U48/><E87/><V44/><F0/><W33/><G37/><T62/><D69/><U129/><E129/><V43/><F1/><W32/><G32/><T55/><D62/><U119/><E119/><V26/><F2/><W31/><G90/><T98/><D5/><U34/><E34/><V13/><F88/><W39/><G39/><T47/><D106/><U23/><E77/><V3/><F3/><W92/><G92/><T56/><D56/><U75/><E75/><V29/><F74/><W108/><G108/><T41/><D41/><U95/><E95/><V72/><F72/><W84/><G68/><T133/><D133/><U111/><E111/><V118/><F118/><W126/><G126/><T134/><D134/><U70/><E4/><V20/><F6/><W7/><G71/><T102/><D102/><N who="1" m="39531" /><E70/><V36/><F125/><W86/><G84/><T94/><D94/><U52/><E48/><V59/><F36/><W78/><G78/><T45/><D45/><U135/><E49/><V89/><F89/><W53/><G53/><T22/><REACH who="0" step="1"/><D19/><REACH who="0" ten="10,375,550,55" step="2"/><U127/><E135/><V54/><F43/><W58/><G58/><T109/><D109/><U103/><E103/><V128/><F128/><W38/><G38/><T60/><D60/><U123/><E127/><V93/><F93/><W21/><G7/><T24/><AGARI ba="1,1" hai="15,16,22,24,30,35,47,51,55,82,85,91,96,98" machi="24" ten="30,7900,0" yaku="1,1,0,1,52,1,54,1,53,0" doraHai="27" doraHaiUra="73" who="0" fromWho="0" sc="10,92,375,-21,550,-21,55,-40" owari="102,-30.0,354,15.0,529,63.0,15,-48.0" />
</Scene>
</mjloggm>