<mjloggm ver="2.3"><GO type="169" lobby="0"/><UN n0="%E5%BC%B1%E8%99%AB" n1="%41%53%41%50%49%4E" n2="%E3%83%96%E3%83%83%E3%83%91%E7%A5%9E" n3="%47%61%72%75%64%61" dan="18,19,17,17" rate="2184.45,2258.46,2174.42,2141.36" sx="M,M,M,M"/><TAIKYOKU oya="0"/>

<Scene>
<INIT seed="0,0,0,0,3,115" ten="250,250,250,250" oya="0" hai0="114,75,52,99,130,131,135,54,74,56,22,84,68" hai1="129,78,70,15,104,31,72,81,98,120,46,97,112" hai2="86,12,91,60,111,69,8,63,119,38,58,121,67" hai3="33,80,128,40,62,6,106,55,42,87,85,77,133"/><T82/><D68/><U5/><E120/><V108/><F121/><W35/><G106/><T30/><D114/><U20/><E112/><V122/><F122/><W124/><G128/><N who="0" m="49195" /><D135/><U127/><E129/><V66/><F38/><W24/><G124/><T3/><D3/><U83/><E127/><V107/><F107/><W0/><G133/><T92/><D30/><U27/><E70/><V73/><F73/><N who="0" m="27658" /><D22/><U103/><E97/><V64/><F64/><W117/><G87/><T79/><D56/><U93/><E81/><V21/><F21/><W48/><G35/><T43/><D43/><U94/><E46/><V132/><F132/><W125/><G125/><T32/><D32/><U123/><E123/><V36/><F36/><W57/><G40/><T59/><D59/><U102/><E102/><AGARI ba="0,0" hai="52,54,79,82,84,92,99,102" m="27658,49195" machi="102" ten="30,2900,0" yaku="19,1,54,1" doraHai="115" who="0" fromWho="1" sc="250,29,250,-29,250,0,250,0" />
</Scene>
<Scene>
<INIT seed="0,1,0,3,3,63" ten="279,221,250,250" oya="0" hai0="10,121,34,27,78,107,124,122,50,32,69,131,133" hai1="101,36,120,74,126,113,82,119,91,30,108,129,42" hai2="1,114,79,84,90,51,81,85,116,97,56,4,22" hai3="60,83,80,71,115,25,46,11,18,65,102,12,125"/><T21/><D107/><U41/><E119/><V48/><F114/><W77/><G115/><T35/><D78/><U104/><E113/><V37/><F37/><W47/><G125/><T98/><D69/><U24/><E120/><N who="0" m="46185" /><D98/><U33/><E108/><V117/><F1/><W14/><G25/><T7/><D50/><U103/><E129/><V29/><F4/><W54/><G102/><T13/><D131/><U111/><E111/><V112/><F112/><W55/><G83/><T89/><D89/><U49/><E36/><V45/><F97/><W66/><G66/><T9/><D124/><U68/><E68/><V17/><F29/><W92/><G92/><T94/><D94/><U57/><E126/><V20/><F56/><W19/><G47/><T110/><D110/><U118/><E118/><V73/><F73/><W40/><G46/><T100/><D100/><U26/><E103/><V39/><F39/><W127/><G40/><T6/><D133/><U53/><E91/><V132/><F132/><W96/><G96/><T62/><D62/><U128/><E128/><V95/><F51/><W31/><G127/><T88/><D88/><U58/><E101/><V76/><F76/><W134/><G134/><T16/><D9/><U38/><E104/><V43/><REACH who="2" step="1"/><F22/><REACH who="2" ten="279,221,240,250" step="2"/><N who="3" m="11591" /><G77/><T5/><AGARI ba="1,1" hai="5,6,7,10,13,16,21,27,32,34,35" m="46185" machi="5" ten="40,7800,0" yaku="34,2,54,1" doraHai="63" who="0" fromWho="0" sc="279,91,221,-27,240,-27,250,-27" />
</Scene>
<Scene>
<INIT seed="0,2,0,4,1,24" ten="370,194,213,223" oya="0" hai0="59,111,85,5,36,128,4,3,120,28,55,57,26" hai1="78,56,82,127,27,0,126,117,74,132,49,119,22" hai2="15,19,53,106,52,67,48,60,73,7,93,39,91" hai3="115,86,68,58,130,51,129,116,14,29,35,11,40"/><T118/><D120/><U61/><E0/><V8/><F106/><W76/><G68/><T114/><D118/><U9/><E9/><V104/><F104/><W77/><G116/><T125/><D114/><U38/><E38/><V34/><F39/><W88/><G115/><T123/><D123/><U32/><E32/><V10/><F73/><W2/><G2/><T54/><D36/><U30/><E49/><V113/><F34/><W66/><G66/><T18/><D128/><N who="3" m="49257" /><G35/><T133/><D133/><U62/><E62/><V95/><F113/><W31/><G58/><T64/><D125/><N who="1" m="47627" /><E132/><V92/><F91/><W108/><G108/><T71/><D111/><U47/><E47/><V16/><F48/><W20/><G51/><T75/><D3/><U94/><E94/><V25/><F25/><N who="3" m="16551" /><G40/><T102/><D71/><U109/><E109/><V21/><F21/><W37/><G37/><T23/><D23/><U100/><E100/><V65/><F65/><AGARI ba="2,0" hai="22,27,30,56,61,65,74,78,82,117,119" m="47627" machi="65" ten="30,2000,0" yaku="18,1,52,1" doraHai="24" who="1" fromWho="2" sc="370,0,194,26,213,-26,223,0" />
</Scene>
<Scene>
<INIT seed="1,0,0,3,3,133" ten="370,220,187,223" oya="1" hai0="34,127,108,24,121,58,1,46,22,49,4,23,60" hai1="92,72,88,9,126,112,30,32,44,65,48,100,81" hai2="29,6,71,55,131,27,93,89,124,74,95,18,96" hai3="19,130,43,83,26,73,69,62,116,57,15,59,135"/><U134/><E112/><V28/><F74/><W101/><G135/><T123/><D108/><U64/><E134/><V115/><F71/><W75/><G130/><T37/><D37/><U52/><E100/><V16/><F131/><W51/><G116/><T3/><D34/><U82/><E126/><V119/><F119/><W102/><G26/><T47/><D4/><U79/><E81/><V20/><F115/><W17/><G69/><T50/><D24/><U41/><E30/><V11/><F124/><W63/><G51/><T85/><D85/><U94/><E94/><V8/><F55/><W14/><G83/><T113/><D113/><U118/><E32/><V117/><F117/><W40/><AGARI ba="0,0" hai="14,15,17,19,40,43,57,59,62,63,73,75,101,102" machi="40" ten="25,3200,0" yaku="0,1,22,2" doraHai="133" who="3" fromWho="3" sc="370,-8,220,-16,187,-8,223,32" />
</Scene>
<Scene>
<INIT seed="2,0,0,0,5,30" ten="362,204,179,255" oya="2" hai0="95,45,8,131,82,126,27,54,1,117,87,129,50" hai1="46,101,128,90,88,11,135,75,76,133,20,23,57" hai2="65,113,85,28,12,109,93,4,125,80,122,81,116" hai3="92,16,107,29,32,51,53,61,64,56,59,86,111"/><V89/><F116/><W102/><G111/><T38/><D117/><U39/><E128/><V21/><F122/><W134/><G134/><N who="1" m="51210" /><E101/><V127/><F113/><W52/><G107/><T58/><D126/><U47/><E11/><V78/><F109/><W42/><G42/><T62/><D38/><U35/><E35/><V121/><F121/><W2/><G2/><T97/><D27/><U43/><E46/><V77/><F65/><W0/><G0/><T24/><D24/><U37/><E37/><V49/><F49/><W44/><G16/><T72/><D72/><U105/><E105/><V96/><F28/><W10/><G10/><T84/><D8/><U15/><E76/><V123/><F123/><W100/><G29/><T5/><D5/><U67/><E75/><V94/><F4/><W114/><G114/><T119/><D119/><U34/><E34/><V71/><F71/><W112/><G32/><T33/><D33/><U104/><E104/><V40/><F40/><W48/><REACH who="3" step="1"/><G112/><REACH who="3" ten="362,204,179,245" step="2"/><T69/><D131/><U6/><E6/><V74/><F21/><W41/><G41/><T60/><D129/><U106/><E106/><V83/><F12/><W7/><G7/><T68/><D1/><U79/><E15/><V103/><REACH who="2" step="1"/><F78/><REACH who="2" ten="362,204,169,245" step="2"/><W9/><G9/><T18/><D18/><U73/><E23/><V25/><F25/><W108/><G108/><T98/><D69/><U19/><E19/><V55/><F55/><W3/><G3/><T110/><D68/><U31/><E20/><V118/><F118/><W14/><G14/><T120/><D110/><U132/><E132/><RYUUKYOKU ba="0,2" sc="362,-15,204,-15,169,15,245,15" hai2="74,77,80,81,83,85,89,93,94,96,103,125,127" hai3="44,48,51,52,53,56,59,61,64,86,92,100,102" />
</Scene>
<Scene>
<INIT seed="2,1,2,4,2,60" ten="347,189,184,260" oya="2" hai0="28,36,85,74,125,4,134,103,95,135,64,79,105" hai1="120,115,8,40,107,76,10,14,63,110,59,30,111" hai2="97,68,1,15,55,100,39,45,128,50,104,118,34" hai3="20,102,7,70,65,12,93,98,56,61,62,6,106"/><V31/><F118/><W21/><G106/><T69/><D36/><U44/><E115/><V22/><F68/><W101/><G101/><T126/><D4/><U24/><E107/><V58/><F1/><W78/><G78/><T25/><D74/><U19/><E76/><V52/><F34/><W75/><G75/><T16/><D105/><U130/><E8/><V88/><F128/><W51/><G51/><T121/><D121/><U133/><E130/><V5/><F39/><W48/><G48/><T29/><D79/><U73/><E73/><V87/><F5/><W35/><G35/><T124/><D69/><U37/><E133/><N who="0" m="50697" /><D64/><U2/><E2/><V33/><F33/><W13/><G13/><T71/><D71/><U91/><E120/><V27/><F15/><W131/><G131/><T83/><D83/><U0/><E0/><V38/><F38/><W80/><G80/><T84/><D103/><U42/><E42/><V26/><F26/><W11/><REACH who="3" step="1"/><G6/><REACH who="3" ten="347,189,184,250" step="2"/><T99/><D126/><U132/><E132/><V114/><F114/><W3/><G3/><T53/><D125/><U94/><E37/><V119/><F119/><W81/><G81/><T113/><D113/><U129/><E129/><V90/><F87/><W67/><AGARI ba="1,3" hai="7,11,12,20,21,56,61,62,65,67,70,93,98,102" machi="67" ten="20,8000,1" yaku="1,1,0,1,7,1,52,2,53,0" doraHai="60" doraHaiUra="122" who="3" fromWho="3" sc="347,-21,189,-21,184,-41,250,113" />
</Scene>
<Scene>
<INIT seed="3,0,0,0,3,19" ten="326,168,143,363" oya="3" hai0="17,24,109,41,51,73,57,49,45,59,123,91,111" hai1="79,114,43,1,110,46,54,52,102,34,80,6,100" hai2="94,119,2,30,58,20,36,85,26,86,16,78,88" hai3="61,124,76,97,32,120,23,63,87,96,56,71,115"/><W42/><G115/><T0/><D73/><U101/><E114/><V12/><F119/><W53/><G120/><T66/><D0/><U10/><E34/><V8/><F36/><W25/><G32/><T31/><D123/><U64/><E64/><V74/><F74/><W113/><G113/><T116/><D116/><U117/><E110/><N who="0" m="41993" /><D66/><U65/><E65/><V130/><F130/><W3/><G3/><T128/><D128/><U131/><E131/><V60/><F2/><W134/><G134/><T33/><D17/><U121/><E121/><V112/><F112/><W48/><G71/><T82/><D51/><U122/><E117/><V55/><F78/><W90/><G76/><T118/><D118/><U29/><E29/><V133/><F133/><W7/><G7/><T22/><D33/><U132/><E132/><V11/><F11/><W68/><G68/><T67/><D67/><U105/><E105/><V107/><F107/><W37/><G37/><T9/><D9/><U99/><E99/><AGARI ba="0,0" hai="8,12,16,20,26,30,55,58,60,85,86,88,94,99" machi="99" ten="30,8000,1" yaku="7,1,8,1,52,1,54,2" doraHai="19" who="2" fromWho="1" sc="326,0,168,-80,143,80,363,0" />
</Scene>
<Scene>
<INIT seed="4,0,0,1,4,67" ten="326,88,223,363" oya="0" hai0="22,120,30,44,81,21,133,135,80,98,28,2,69" hai1="93,110,70,132,38,116,83,10,66,126,47,103,34" hai2="49,115,17,99,112,18,107,59,131,60,54,100,125" hai3="89,14,6,84,26,122,5,58,124,105,29,31,71"/><T16/><D120/><U97/><E110/><V51/><F125/><W15/><G105/><T39/><D2/><U4/><E116/><V106/><F106/><W57/><G124/><T20/><D98/><U121/><E121/><V111/><F111/><W65/><G122/><T43/><D69/><U3/><E126/><V12/><F131/><W108/><G108/><T94/><D94/><U119/><E119/><V129/><F129/><W77/><G77/><T114/><D114/><U19/><E132/><N who="0" m="50761" /><D16/><U50/><E19/><V117/><F18/><W85/><G26/><T127/><D127/><U102/><E93/><V32/><F32/><W128/><G128/><T96/><D96/><U62/><E34/><V46/><F117/><W45/><G89/><T130/><D130/><U78/><E97/><V61/><F51/><W63/><G71/><T13/><D13/><U113/><E113/><N who="2" m="43595" /><F46/><W41/><G45/><T79/><D81/><U88/><E38/><V56/><F56/><W11/><G11/><AGARI ba="0,0" hai="11,12,17,49,54,59,60,61,99,100,107" m="43595" machi="11" ten="30,1000,0" yaku="15,1" doraHai="67" who="2" fromWho="3" sc="326,0,88,0,223,10,363,-10" />
</Scene>
<Scene>
<INIT seed="5,0,0,4,4,65" ten="326,88,233,353" oya="1" hai0="129,23,28,133,103,82,47,104,5,92,109,83,32" hai1="38,86,124,114,36,126,85,29,73,123,45,58,31" hai2="40,35,39,37,54,130,134,10,70,57,120,74,132" hai3="48,7,96,55,1,100,67,12,108,25,77,64,52"/><U122/><E58/><V69/><F74/><W99/><G108/><T51/><D109/><U33/><E73/><V41/><F35/><W20/><G1/><T121/><D104/><U66/><E66/><N who="3" m="25130" /><G77/><T56/><D32/><U42/><E33/><V105/><F105/><W118/><G118/><T68/><D5/><U21/><E21/><V59/><F10/><N who="3" m="4191" /><G100/><T44/><D23/><U94/><E94/><V76/><F76/><W22/><G22/><T24/><D92/><U98/><E98/><N who="3" m="37418" /><G48/><T16/><D51/><U27/><E27/><V113/><F120/><W63/><G63/><T3/><D103/><U61/><E61/><V49/><F49/><W2/><G2/><T0/><D0/><U117/><E117/><V106/><F106/><W53/><G53/><T111/><D111/><U119/><E119/><V116/><F116/><W135/><G135/><T11/><D3/><U125/><E114/><V43/><F43/><W128/><G128/><T62/><D129/><U91/><E38/><V15/><F15/><W13/><G13/><T87/><D24/><U8/><E8/><V102/><F102/><W81/><G81/><T95/><D82/><N who="1" m="49591" /><E86/><V115/><F54/><W101/><G101/><T110/><D110/><U78/><E78/><V80/><F80/><W4/><G4/><T50/><D83/><U75/><E75/><V127/><F130/><W79/><G79/><T112/><D121/><AGARI ba="0,0" hai="29,31,36,42,45,121,122,123,124,125,126" m="49591" machi="121" ten="40,2000,0" yaku="18,1" doraHai="65" who="1" fromWho="0" sc="326,-20,88,20,233,0,353,0" />
</Scene>
<Scene>
<INIT seed="5,1,0,1,3,68" ten="306,108,233,353" oya="1" hai0="134,6,3,128,69,11,100,120,124,53,50,32,78" hai1="47,119,64,12,18,126,24,132,130,81,71,27,123" hai2="21,129,103,133,5,44,82,41,67,89,96,131,97" hai3="108,49,16,93,84,40,10,121,17,4,74,114,20"/><U104/><E123/><V113/><F133/><W63/><G121/><T91/><D120/><U31/><E119/><V45/><F113/><W59/><G74/><T79/><D69/><U56/><E71/><V117/><F117/><W29/><G108/><T2/><D32/><U54/><E132/><V70/><F5/><W30/><G114/><T28/><D28/><U99/><E130/><V25/><F70/><W35/><G35/><T87/><D134/><U60/><E126/><V26/><F67/><W86/><G49/><T76/><D100/><U115/><E115/><V37/><F45/><W98/><G40/><T80/><D124/><U75/><E31/><V9/><F9/><W58/><G84/><T43/><D43/><U135/><E135/><V42/><F42/><W112/><G86/><T73/><D128/><U88/><E104/><V118/><F118/><W55/><G59/><T83/><D2/><U8/><E75/><V57/><F57/><AGARI ba="1,0" hai="3,6,11,50,53,57,73,76,78,79,80,83,87,91" machi="57" ten="30,1000,0" yaku="7,1" doraHai="68" who="0" fromWho="2" sc="306,13,108,0,233,-13,353,0" />
</Scene>
<Scene>
<INIT seed="6,0,0,0,5,103" ten="319,108,220,353" oya="2" hai0="24,82,35,32,1,104,44,89,75,124,95,40,3" hai1="14,105,114,88,68,113,85,20,130,28,76,129,60" hai2="27,93,135,26,53,84,98,39,54,92,12,13,67" hai3="58,36,78,118,37,22,4,21,50,128,7,8,74"/><V46/><F135/><W61/><G118/><T79/><D124/><U11/><E76/><V23/><F67/><W48/><G128/><N who="1" m="49258" /><E68/><V29/><F84/><W86/><G86/><T134/><D134/><U34/><E34/><V6/><F27/><W18/><G78/><T125/><D125/><U133/><E133/><V99/><F39/><W43/><G74/><T90/><D104/><U72/><E72/><V91/><F6/><W110/><G110/><T45/><D45/><U64/><E20/><V9/><F9/><W62/><G18/><T100/><D100/><U122/><E28/><V16/><F29/><W102/><G102/><T121/><D35/><U19/><E122/><V71/><F71/><W49/><G49/><T101/><D101/><U117/><E117/><V31/><F31/><W57/><G43/><T131/><D121/><U25/><E25/><V108/><F108/><W55/><G55/><N who="2" m="21001" /><F46/><W10/><AGARI ba="0,0" hai="4,7,8,10,21,22,36,37,48,50,57,58,61,62" machi="10" ten="25,3200,0" yaku="0,1,22,2" doraHai="103" who="3" fromWho="3" sc="319,-8,108,-8,220,-16,353,32" />
</Scene>
<Scene>
<INIT seed="7,0,0,5,5,48" ten="311,100,204,385" oya="3" hai0="18,9,83,77,134,111,128,14,94,113,109,76,102" hai1="43,105,20,62,61,51,31,33,116,135,24,119,11" hai2="64,93,16,6,66,87,99,72,58,42,21,107,117" hai3="115,17,85,75,96,28,84,104,7,100,46,19,36"/><W65/><G75/><T45/><D134/><U53/><E105/><V29/><F117/><W130/><G115/><T35/><D35/><U125/><E135/><V67/><F72/><W89/><G130/><T106/><D106/><U4/><E125/><V49/><F29/><W112/><G112/><T132/><D128/><U120/><E120/><V131/><F131/><W50/><G36/><T52/><D132/><U74/><E74/><V41/><F6/><W79/><G28/><T40/><D113/><U97/><E116/><V123/><F123/><W26/><G7/><T70/><D70/><U15/><E119/><V63/><F107/><W127/><G65/><T92/><D76/><U90/><E43/><V13/><F87/><W133/><G127/><T118/><D118/><U54/><E97/><V73/><F73/><W25/><G79/><T57/><D111/><U8/><E8/><V39/><F39/><W124/><G124/><T32/><D32/><U55/><E51/><V114/><F114/><W23/><G133/><T91/><D109/><U60/><E33/><V1/><F1/><W59/><G59/><T121/><D57/><U56/><REACH who="1" step="1"/><E90/><REACH who="1" ten="311,90,204,385" step="2"/><N who="2" m="55735" /><F49/><W71/><G89/><T103/><D91/><U12/><E12/><V2/><F2/><W37/><G50/><T78/><D14/><U34/><E34/><V81/><F42/><W27/><G96/><T5/><D40/><U88/><E88/><V98/><F41/><W69/><G104/><T86/><D121/><U80/><E80/><V47/><F81/><W122/><G122/><T126/><D126/><U44/><E44/><RYUUKYOKU ba="0,1" sc="311,-10,90,30,204,-10,385,-10" hai1="4,11,15,20,24,31,53,54,55,56,60,61,62" owari="301,10.0,120,-38.0,194,-21.0,385,49.0" />
</Scene>
</mjloggm>