<mjloggm ver="2.3"><GO type="169" lobby="0"/><UN n0="%E8%B0%B7%E3%81%8F%E3%82%93" n1="%E3%82%AA%E3%83%BC%E3%83%A9%E3%82%B9%E3%81%AE%E5%90%91%E3%81%86%E5%81%B4" n2="%E5%94%90%E6%8F%9A%E5%A4%A7%E5%A5%BD%E3%81%8D" n3="%41%53%41%50%49%4E" dan="16,16,16,19" rate="2018.15,2064.09,2117.61,2254.71" sx="F,M,M,M"/><TAIKYOKU oya="0"/>

<Scene>
<INIT seed="0,0,0,2,5,83" ten="250,250,250,250" oya="0" hai0="16,123,70,81,101,86,63,104,96,50,89,127,58" hai1="3,41,110,9,25,51,73,43,12,46,60,94,24" hai2="38,128,133,82,68,36,106,34,14,59,49,97,69" hai3="67,22,57,45,134,103,42,7,19,54,130,124,27"/><T15/><D123/><U66/><E73/><V116/><F34/><W5/><G130/><T79/><D127/><U111/><E3/><V112/><F82/><W6/><G124/><T131/><D131/><U48/><E94/><V85/><F14/><W2/><G134/><T0/><D0/><U17/><E51/><V126/><F106/><W77/><G67/><T52/><D70/><N who="2" m="27242" /><F97/><W75/><G75/><T65/><D65/><U74/><E74/><V29/><F29/><W105/><G105/><T108/><D108/><N who="1" m="41515" /><E43/><V64/><F85/><W115/><G115/><T55/><D79/><U13/><E12/><V10/><F10/><W21/><G77/><T119/><D119/><U125/><E125/><V102/><F102/><W114/><G114/><T39/><D39/><N who="2" m="14890" /><F126/><W135/><G103/><T107/><D107/><U78/><E78/><V28/><F28/><W33/><G2/><T61/><REACH who="0" step="1"/><D55/><REACH who="0" ten="240,250,250,250" step="2"/><U91/><E91/><V90/><F128/><W120/><G120/><T35/><D35/><U87/><E87/><V1/><F90/><W31/><G33/><T11/><AGARI ba="0,1" hai="11,15,16,50,52,58,61,63,81,86,89,96,101,104" machi="11" ten="20,18000,2" yaku="1,1,0,1,7,1,52,1,54,2,53,0" doraHai="83" doraHaiUra="72" who="0" fromWho="0" sc="240,190,250,-60,250,-60,250,-60" />
</Scene>
<Scene>
<INIT seed="0,1,0,3,5,11" ten="430,190,190,190" oya="0" hai0="66,25,58,99,117,105,68,1,79,135,63,7,60" hai1="75,53,52,115,126,44,27,92,130,93,129,35,4" hai2="72,29,20,86,77,119,65,110,118,132,32,51,127" hai3="88,45,128,8,101,100,124,120,121,17,95,82,24"/><T39/><D117/><N who="2" m="44554" /><F32/><W13/><G128/><N who="1" m="49258" /><E75/><V46/><F72/><W43/><G82/><T122/><D39/><U62/><E115/><V107/><F107/><W6/><G124/><T28/><D122/><N who="3" m="47209" /><G24/><T87/><D135/><U2/><E126/><V133/><F127/><W55/><G55/><N who="1" m="21066" /><E44/><V106/><F106/><W23/><G23/><T112/><D112/><U47/><E47/><V31/><F65/><W40/><G6/><T67/><D7/><U59/><E4/><V21/><F110/><W56/><G56/><T73/><D73/><U84/><E2/><V19/><F20/><W97/><G43/><T114/><D114/><U61/><E84/><V111/><F111/><W26/><G26/><T90/><D1/><U134/><E134/><N who="2" m="51819" /><F46/><W18/><G18/><T57/><D68/><U16/><E59/><V5/><F5/><W103/><G45/><T102/><D58/><U96/><E96/><V64/><F51/><W38/><G40/><T30/><D57/><U49/><E49/><V108/><F108/><W71/><G71/><T50/><D99/><U125/><E125/><V80/><F64/><W104/><G38/><T123/><D50/><U89/><E89/><V33/><F33/><W12/><G104/><T74/><D105/><U54/><E54/><V34/><F34/><W36/><G36/><T14/><D90/><U37/><E37/><V83/><F83/><W116/><G116/><T9/><D67/><U94/><E35/><V109/><F109/><W91/><G91/><T15/><D123/><U78/><E78/><V76/><F77/><W48/><G48/><RYUUKYOKU ba="1,0" sc="430,-30,190,10,190,10,190,10" hai1="16,27,61,62,92,93,94" hai2="19,21,29,31,76,80,86" hai3="8,12,13,17,88,95,97,100,101,103" />
</Scene>
<Scene>
<INIT seed="1,2,0,5,3,99" ten="400,200,200,200" oya="1" hai0="30,124,34,57,133,92,33,46,55,6,108,72,132" hai1="73,21,113,8,70,62,48,78,94,14,101,42,120" hai2="67,25,17,85,111,3,47,110,130,90,79,26,10" hai3="82,116,121,18,28,37,100,15,68,39,98,65,126"/><U112/><E120/><V89/><F130/><W69/><G121/><T106/><D106/><U36/><E36/><V43/><F67/><W128/><G128/><T51/><D72/><U54/><E21/><V87/><F79/><W119/><G126/><T77/><D77/><U102/><E42/><V129/><F129/><W50/><G28/><T16/><D124/><U7/><E70/><N who="3" m="27242" /><G82/><T105/><D105/><U23/><E62/><V114/><F114/><W0/><G0/><T4/><D92/><U93/><E73/><V75/><F75/><W12/><G50/><T56/><D30/><U20/><E78/><V115/><F115/><W40/><G65/><T125/><D16/><U88/><E113/><V97/><F3/><W81/><G81/><T80/><D80/><U83/><E112/><V127/><F127/><W5/><G5/><T19/><D19/><U71/><E71/><V103/><F43/><W59/><G59/><T45/><D125/><U60/><E60/><V64/><F64/><W135/><G40/><T49/><D55/><U86/><E83/><V11/><F17/><W61/><G18/><T27/><D27/><U22/><E94/><V95/><F95/><W134/><G37/><T91/><D91/><U52/><E54/><V84/><F47/><AGARI ba="2,0" hai="7,8,14,20,22,23,47,48,52,86,88,93,101,102" machi="47" ten="40,12000,1" yaku="8,1,52,2,54,2" doraHai="99" who="1" fromWho="2" sc="400,0,200,126,200,-126,200,0" />
</Scene>
<Scene>
<INIT seed="1,3,0,1,1,93" ten="400,326,74,200" oya="1" hai0="130,73,22,66,88,114,109,70,84,56,118,127,32" hai1="119,34,72,121,103,94,59,28,100,41,36,27,64" hai2="4,33,15,132,18,129,107,29,128,86,24,54,11" hai3="61,17,135,47,76,39,134,71,69,113,96,44,1"/><U42/><E121/><V92/><F107/><W31/><G113/><T46/><D32/><U85/><E119/><V58/><F132/><W112/><G112/><T104/><D118/><U101/><E72/><V111/><F111/><W7/><G31/><T65/><D73/><U124/><E124/><V117/><F117/><W53/><G76/><T79/><D79/><U123/><E123/><V81/><F92/><W30/><G30/><T77/><D77/><U16/><E36/><V19/><F129/><W97/><G39/><T95/><D114/><U51/><E16/><V68/><F68/><W78/><G78/><T6/><D104/><U60/><REACH who="1" step="1"/><E51/><REACH who="1" ten="400,316,74,200" step="2"/><V74/><F74/><W80/><G17/><T43/><D127/><U91/><AGARI ba="3,1" hai="27,28,34,41,42,59,60,64,85,91,94,100,101,103" machi="91" ten="30,11700,0" yaku="1,1,2,1,0,1,53,1" doraHai="93" doraHaiUra="57" who="1" fromWho="1" sc="400,-42,316,136,74,-42,200,-42" />
</Scene>
<Scene>
<INIT seed="1,4,0,1,1,56" ten="358,452,32,158" oya="1" hai0="22,30,70,121,106,97,126,111,19,40,26,67,3" hai1="57,79,5,24,34,102,88,12,58,13,85,51,65" hai2="75,47,29,94,61,109,89,82,44,23,10,131,68" hai3="107,27,16,35,41,20,9,73,52,64,125,128,104"/><U21/><E34/><V132/><F132/><W134/><G73/><T135/><D3/><U45/><E79/><V38/><F131/><W113/><G113/><T122/><D135/><U18/><E102/><V77/><F109/><W130/><G134/><T37/><D37/><U28/><E5/><V86/><F10/><W39/><G125/><T15/><D40/><U0/><E0/><V60/><F68/><W91/><G35/><T110/><D126/><U133/><E133/><V74/><F74/><W105/><G64/><T54/><D54/><U33/><E13/><V1/><F1/><W36/><G91/><T116/><D116/><U115/><E65/><V90/><F90/><W50/><G9/><T92/><D106/><U100/><E100/><V98/><F75/><W118/><G118/><T46/><D67/><U25/><E25/><N who="2" m="16575" /><F38/><W7/><G7/><T83/><D70/><U4/><E4/><V69/><F69/><W80/><G80/><T87/><D46/><AGARI ba="4,0" hai="44,46,47,60,61,77,82,86,89,94,98" m="16575" machi="46" ten="30,3900,0" yaku="8,1,52,2" doraHai="56" who="2" fromWho="0" sc="358,-51,452,0,32,51,158,0" />
</Scene>
<Scene>
<INIT seed="2,0,0,4,2,115" ten="307,452,83,158" oya="2" hai0="79,45,95,91,44,37,53,134,97,90,72,30,129" hai1="86,38,3,103,71,29,80,104,22,96,67,78,121" hai2="98,60,10,58,61,83,28,93,25,123,51,26,0" hai3="49,124,112,17,8,21,2,40,46,43,59,87,109"/><V65/><F123/><W32/><G32/><T77/><D134/><U48/><E121/><V34/><F25/><W94/><G112/><T5/><D129/><U20/><E3/><V107/><F83/><W56/><G124/><T50/><D5/><U118/><E38/><V119/><F119/><W35/><G35/><T125/><D125/><U135/><E118/><V127/><F127/><W132/><G132/><T131/><D131/><U6/><E6/><V13/><F0/><W113/><G113/><T12/><D72/><U85/><E135/><V84/><F84/><W130/><G130/><T76/><D30/><U110/><E110/><V14/><F107/><W92/><G109/><T74/><D74/><U18/><E48/><V120/><F120/><W81/><G40/><T105/><D105/><U24/><E67/><V23/><F34/><W4/><G92/><T63/><D63/><U88/><E71/><V126/><F126/><W27/><REACH who="3" step="1"/><G94/><REACH who="3" ten="307,452,83,148" step="2"/><T41/><D95/><U64/><E104/><V106/><F106/><W31/><G31/><T47/><D97/><U9/><E96/><V70/><F93/><W62/><G62/><T128/><D128/><U100/><E29/><V114/><F98/><W117/><G117/><T73/><D73/><U11/><E103/><V36/><F114/><W66/><G66/><T89/><D41/><U1/><E64/><V33/><F33/><W19/><G19/><T54/><D37/><U133/><E100/><V102/><F102/><W69/><G69/><T99/><D99/><U108/><E133/><V39/><F70/><W101/><G101/><RYUUKYOKU ba="0,1" sc="307,-10,452,-10,83,-10,148,30" hai3="2,4,8,17,21,27,43,46,49,56,59,81,87" />
</Scene>
<Scene>
<INIT seed="3,1,1,4,3,108" ten="297,442,73,178" oya="3" hai0="121,86,38,99,97,1,91,82,65,104,126,83,111" hai1="107,36,85,116,78,98,19,88,105,37,13,103,35" hai2="100,22,90,134,66,131,58,29,4,20,89,106,63" hai3="115,119,101,51,55,61,45,21,39,79,77,53,76"/><W25/><G119/><T6/><D38/><U3/><E3/><V31/><F134/><W74/><G39/><T67/><D121/><U5/><E5/><V16/><F131/><W117/><G117/><T72/><D111/><U9/><E35/><V10/><F106/><W30/><G115/><T18/><D126/><U118/><E107/><V62/><F100/><W135/><G135/><T75/><D1/><U8/><E8/><V49/><F22/><W64/><G101/><T59/><D6/><U48/><E78/><V123/><F123/><W114/><G114/><T27/><D59/><U7/><E7/><V52/><F63/><W41/><REACH who="3" step="1"/><G74/><REACH who="3" ten="297,442,73,168" step="2"/><T0/><D75/><U34/><E118/><V130/><F130/><W60/><G60/><T102/><D72/><U17/><E37/><V73/><F73/><W70/><AGARI ba="1,2" hai="21,25,30,41,45,51,53,55,61,64,70,76,77,79" machi="70" ten="30,6000,0" yaku="1,1,0,1,53,1" doraHai="108" doraHaiUra="40" who="3" fromWho="3" sc="297,-21,442,-21,73,-21,168,83" />
</Scene>
<Scene>
<INIT seed="3,2,0,1,1,68" ten="276,421,52,251" oya="3" hai0="83,112,52,105,59,35,119,53,127,128,37,71,89" hai1="26,23,44,30,57,54,104,132,27,84,130,1,55" hai2="32,24,5,121,7,3,18,77,126,29,58,41,99" hai3="40,110,92,50,67,79,11,115,107,9,82,51,56"/><W31/><G115/><T124/><D119/><U80/><E1/><V74/><F58/><W16/><G107/><T101/><D35/><U117/><E104/><V116/><F18/><W91/><G110/><T81/><D112/><U60/><E117/><V134/><F116/><W20/><G31/><T102/><D37/><U78/><E132/><V48/><F134/><W10/><G40/><T120/><D71/><U125/><E125/><N who="0" m="48201" /><D120/><U61/><E130/><V21/><F126/><W109/><G109/><T123/><D123/><U38/><E27/><V47/><F121/><W93/><G67/><T66/><D128/><U49/><E38/><V133/><F133/><W46/><G56/><T108/><D108/><U100/><E100/><N who="0" m="38505" /><D105/><U90/><E78/><V25/><F77/><W62/><G62/><AGARI ba="2,0" hai="23,26,30,44,49,54,55,57,60,61,62,80,84,90" machi="62" ten="30,2000,0" yaku="7,1,8,1" doraHai="68" who="1" fromWho="3" sc="276,0,421,26,52,0,251,-26" />
</Scene>
<Scene>
<INIT seed="4,0,0,5,4,7" ten="276,447,52,225" oya="0" hai0="75,33,113,135,28,120,43,31,20,35,97,109,0" hai1="105,64,22,55,11,108,63,60,30,125,90,111,99" hai2="9,74,115,49,86,110,72,29,4,123,53,134,47" hai3="46,36,82,6,103,121,23,12,101,44,66,88,128"/><T133/><D75/><U73/><E73/><V17/><F110/><W69/><G128/><T48/><D43/><U83/><E125/><V34/><F123/><W127/><G127/><T80/><D109/><U114/><E114/><V39/><F115/><W129/><G129/><T100/><D113/><U16/><E108/><V91/><F134/><N who="0" m="51210" /><D120/><U107/><E111/><V2/><F39/><W96/><G121/><T89/><D48/><U45/><E107/><V92/><REACH who="2" step="1"/><F17/><REACH who="2" ten="276,447,42,225" step="2"/><N who="3" m="10663" /><G36/><T40/><D31/><U102/><E30/><V124/><F124/><W59/><G6/><T116/><D28/><U25/><E16/><V15/><F15/><W37/><G37/><T8/><D116/><U50/><E25/><AGARI ba="0,1" hai="2,4,9,25,29,34,47,49,53,72,74,86,91,92" machi="25" ten="40,5200,0" yaku="1,1,52,1,53,1" doraHai="7" doraHaiUra="32" who="2" fromWho="1" sc="276,0,447,-52,42,62,225,0" />
</Scene>
<Scene>
<INIT seed="5,0,0,1,3,19" ten="276,395,104,225" oya="1" hai0="37,34,20,68,86,14,6,99,7,26,122,64,82" hai1="32,63,129,30,12,103,52,9,4,31,60,43,55" hai2="18,92,105,131,79,70,76,80,67,11,2,110,16" hai3="47,21,57,90,116,28,98,113,133,127,111,50,36"/><U53/><E129/><V23/><F105/><W74/><G111/><T44/><D122/><U132/><E132/><V85/><F110/><W58/><G74/><T100/><D68/><U45/><E103/><V65/><F131/><W117/><G36/><T46/><D64/><N who="2" m="24650" /><F2/><W73/><G73/><T66/><D66/><U1/><E1/><V81/><F70/><W38/><G38/><T123/><D123/><U88/><E88/><N who="2" m="53263" /><F11/><W22/><G133/><T71/><D71/><U109/><E109/><V95/><F95/><W5/><G117/><T27/><D34/><U93/><E93/><V29/><F29/><N who="1" m="10761" /><E32/><V104/><F104/><W78/><G116/><T94/><D37/><U25/><E25/><N who="2" m="14567" /><F18/><W33/><G33/><T114/><D27/><U61/><E61/><V130/><F130/><W35/><G35/><T8/><D6/><U120/><E120/><V62/><F62/><W56/><G5/><T48/><D7/><U112/><E112/><V121/><F121/><W84/><G113/><T24/><D8/><U102/><E102/><V125/><F125/><W119/><G127/><T135/><D24/><U96/><E96/><V108/><F108/><W39/><G39/><T51/><D26/><U89/><E89/><V107/><F107/><W72/><G28/><T115/><D135/><U42/><E63/><V15/><F15/><W118/><G118/><T54/><D14/><U124/><E60/><V97/><F97/><W13/><G13/><T83/><D100/><U10/><E124/><V75/><F75/><W69/><G119/><T106/><D99/><U128/><E128/><RYUUKYOKU ba="0,0" sc="276,-10,395,-10,104,30,225,-10" hai2="76,79,80,81" />
</Scene>
<Scene>
<INIT seed="6,1,0,0,0,35" ten="266,385,134,215" oya="2" hai0="43,38,6,88,42,11,113,102,64,50,103,77,94" hai1="128,90,2,58,39,97,74,123,14,111,86,53,132" hai2="105,117,17,68,135,79,84,13,75,20,101,93,59" hai3="91,12,104,4,8,29,31,27,46,55,33,130,19"/><V54/><F68/><W28/><G104/><T70/><D38/><U47/><E111/><V36/><F36/><W15/><G91/><T82/><D113/><U115/><E74/><V16/><F117/><W49/><G130/><T126/><D126/><U0/><E115/><V92/><F135/><W26/><REACH who="3" step="1"/><G33/><REACH who="3" ten="266,385,134,205" step="2"/><T134/><D134/><U87/><E132/><V56/><F105/><W85/><G85/><T30/><D103/><U109/><E86/><V57/><F75/><W106/><G106/><T108/><D102/><U32/><E32/><V10/><F101/><W99/><G99/><T18/><D108/><U114/><E97/><V23/><F79/><W83/><G83/><T96/><D77/><U62/><E109/><V25/><F84/><W112/><G112/><T72/><D82/><U118/><E114/><V1/><REACH who="2" step="1"/><F54/><REACH who="2" ten="266,385,124,205" step="2"/><W24/><G24/><T65/><D72/><U22/><E53/><V81/><F81/><W45/><G45/><T3/><D96/><U100/><E47/><V52/><F52/><W21/><AGARI ba="1,2" hai="4,8,12,15,19,21,26,27,28,29,31,46,49,55" machi="21" ten="30,4000,0" yaku="1,1,0,1,8,1,53,0" doraHai="35" doraHaiUra="61" who="3" fromWho="3" sc="266,-11,385,-11,124,-21,205,63" />
</Scene>
<Scene>
<INIT seed="7,0,0,1,3,36" ten="255,374,103,268" oya="3" hai0="16,53,2,74,127,14,70,18,1,86,12,42,77" hai1="54,44,98,51,97,28,78,21,79,81,40,126,63" hai2="24,73,80,26,91,121,75,61,35,111,13,67,57" hai3="69,29,66,50,3,45,120,8,130,41,71,102,94"/><W108/><G120/><T131/><D127/><U23/><E126/><V33/><F111/><W100/><G108/><T106/><D106/><U132/><E132/><V10/><F121/><W115/><G115/><T34/><D74/><U103/><E28/><V6/><F35/><W99/><G130/><T87/><D70/><U112/><E112/><V60/><F33/><W128/><G128/><T93/><D34/><U72/><E79/><V118/><F118/><W90/><G29/><T17/><D131/><U27/><E27/><V49/><F75/><W107/><G66/><T9/><D42/><U19/><E19/><V105/><F105/><W55/><G102/><T38/><D38/><U122/><E122/><V48/><F73/><W20/><G20/><T58/><D87/><U65/><E54/><V133/><F133/><W56/><G8/><T116/><D116/><U96/><REACH who="1" step="1"/><E103/><REACH who="1" ten="255,364,103,268" step="2"/><V7/><F7/><W95/><G3/><T68/><D18/><U32/><E32/><V109/><F109/><W52/><G55/><T31/><D31/><U85/><E85/><V76/><F76/><W4/><G4/><T0/><D77/><U82/><E82/><V30/><F30/><W114/><G114/><T37/><D86/><U110/><E110/><V101/><F101/><W113/><G113/><T46/><D93/><U135/><E135/><V47/><F80/><W25/><G25/><T134/><D134/><U104/><E104/><V62/><F91/><W92/><REACH who="3" step="1"/><G90/><REACH who="3" ten="255,364,103,258" step="2"/><T43/><D53/><U22/><E22/><V64/><F26/><W83/><G83/><T119/><D1/><RYUUKYOKU ba="0,2" sc="255,-15,364,15,103,-15,258,15" hai1="21,23,40,44,51,63,65,72,78,81,96,97,98" hai3="41,45,50,52,56,69,71,92,94,95,99,100,107" />
</Scene>
<Scene>
<INIT seed="7,1,2,0,1,51" ten="240,379,88,273" oya="3" hai0="27,10,9,39,3,78,21,97,125,47,102,19,61" hai1="82,133,44,120,25,7,93,128,126,20,98,30,75" hai2="14,28,111,100,12,72,4,40,108,24,48,36,6" hai3="134,80,58,41,77,99,131,2,59,46,124,66,17"/><W95/><G2/><T88/><D125/><U81/><E120/><V42/><F72/><W132/><G124/><T13/><D78/><U127/><E127/><V73/><F73/><W37/><G131/><T1/><D10/><U110/><E128/><V67/><F48/><W56/><G17/><T106/><D61/><U49/><E126/><V96/><F67/><W43/><G43/><T5/><REACH who="0" step="1"/><D88/><REACH who="0" ten="230,379,88,273" step="2"/><N who="1" m="55591" /><E75/><V109/><F36/><W86/><REACH who="3" step="1"/><G66/><REACH who="3" ten="230,379,88,263" step="2"/><T104/><D104/><U64/><E64/><V89/><F111/><W101/><AGARI ba="1,4" hai="37,41,46,56,58,59,77,80,86,95,99,101,132,134" machi="101" ten="30,6000,0" yaku="1,1,2,1,0,1,53,0" doraHai="51" doraHaiUra="114" who="3" fromWho="3" sc="230,-21,379,-21,88,-21,263,103" owari="209,-19.0,358,16.0,67,-43.0,366,46.0" />
</Scene>
</mjloggm>