<mjloggm ver="2.3"><GO type="169" lobby="0"/><UN n0="%41%53%41%50%49%4E" n1="%E9%8A%80%E9%81%8A%E7%A7%81%E4%BA%BA" n2="%E5%8F%A4%E6%B8%85%E6%B0%B4%E5%87%9B" n3="%E3%83%99%E3%82%BF%E3%82%AA%E3%83%AA%E3%82%B9%E3%82%AF" dan="19,16,17,16" rate="2240.60,2097.40,2147.91,2040.10" sx="M,M,F,M"/><TAIKYOKU oya="0"/>

<Scene>
<INIT seed="0,0,0,2,2,42" ten="250,250,250,250" oya="0" hai0="128,74,69,11,21,48,50,76,58,2,33,22,71" hai1="82,55,75,129,118,49,68,124,72,100,5,105,77" hai2="25,6,114,67,35,54,81,116,44,70,97,130,4" hai3="113,84,119,56,85,107,63,40,104,45,7,103,125"/><T65/><D33/><U87/><E118/><V117/><F114/><W91/><G113/><T0/><D74/><U127/><E68/><V135/><F130/><W23/><G119/><N who="2" m="45641" /><F135/><W108/><G108/><T36/><D58/><U39/><E39/><V34/><F81/><W43/><G125/><N who="1" m="48202" /><E129/><V59/><F97/><W66/><G7/><N who="2" m="2601" /><F25/><W47/><G103/><T110/><D128/><U30/><E5/><V92/><F92/><W78/><G78/><T95/><D76/><U132/><E132/><V8/><F8/><W32/><G32/><T120/><D95/><U90/><E30/><V3/><F3/><W24/><G104/><T17/><D11/><U99/><E77/><V101/><F101/><W131/><G107/><T19/><D36/><U15/><E15/><V83/><F83/><N who="3" m="49567" /><G131/><T133/><D133/><U46/><AGARI ba="0,0" hai="46,49,55,72,75,82,87,90,99,100,105" m="48202" machi="46" ten="30,2000,0" yaku="18,1,52,1" doraHai="42" who="1" fromWho="1" sc="250,-10,250,20,250,-5,250,-5" />
</Scene>
<Scene>
<INIT seed="1,0,0,2,4,116" ten="240,270,245,245" oya="1" hai0="27,17,69,18,94,82,63,62,20,118,96,39,112" hai1="25,102,106,51,56,52,53,16,74,76,129,68,78" hai2="91,19,45,67,0,36,12,47,127,134,86,23,71" hai3="35,28,92,32,132,65,135,81,109,117,108,5,7"/><U128/><E68/><V41/><F0/><W3/><G65/><T13/><D118/><U115/><E115/><V122/><F127/><W1/><G92/><T55/><D112/><U58/><E106/><V97/><F134/><N who="3" m="51243" /><G81/><T46/><D69/><U84/><E74/><V70/><F97/><W130/><G117/><T89/><D39/><U42/><E102/><V105/><F105/><W79/><G79/><T104/><D104/><U61/><E42/><V87/><F67/><W44/><G44/><T26/><D26/><U103/><E103/><V125/><F125/><W133/><G133/><T110/><D110/><N who="3" m="42601" /><G130/><N who="1" m="50282" /><E84/><V60/><F87/><W34/><G28/><T93/><D93/><U77/><E77/><V31/><F31/><W22/><G22/><AGARI ba="0,0" hai="16,22,25,51,52,53,56,58,61,76,78" m="50282" machi="22" ten="30,5800,0" yaku="19,1,54,2" doraHai="116" who="1" fromWho="3" sc="240,0,270,58,245,0,245,-58" />
</Scene>
<Scene>
<INIT seed="1,1,0,3,5,53" ten="240,328,245,187" oya="1" hai0="43,21,125,83,89,65,99,101,134,34,88,81,29" hai1="38,124,84,123,49,32,91,27,11,3,117,68,33" hai2="102,78,107,47,5,22,112,26,75,42,61,98,72" hai3="51,31,40,4,108,132,103,86,41,58,126,6,90"/><U52/><E38/><V87/><F112/><W96/><G108/><T45/><D34/><U28/><E117/><V2/><F2/><W62/><G31/><T74/><D134/><U79/><E123/><V66/><F5/><W110/><G110/><T60/><D125/><U48/><E124/><V9/><F9/><W44/><G41/><T77/><D81/><U0/><E68/><V7/><F7/><W64/><G126/><T35/><D35/><U67/><E67/><V115/><F87/><W56/><G132/><T54/><D54/><U69/><E69/><V128/><F78/><W97/><G58/><T95/><D21/><U59/><E79/><V131/><F115/><W17/><G17/><T57/><REACH who="0" step="1"/><D29/><REACH who="0" ten="230,328,245,187" step="2"/><U24/><E33/><V20/><F20/><W122/><G122/><T63/><D63/><U36/><E32/><V105/><F22/><W50/><G62/><T120/><D120/><U109/><E52/><V19/><F61/><W30/><G30/><T118/><D118/><U100/><E28/><V133/><F133/><W12/><G40/><T104/><D104/><U1/><E109/><V10/><F105/><W13/><G64/><T25/><D25/><U113/><E24/><V93/><F66/><W37/><G44/><T111/><D111/><U106/><E106/><V129/><F107/><W70/><G37/><AGARI ba="1,1" hai="37,43,45,57,60,65,74,77,83,88,89,95,99,101" machi="37" ten="30,7700,0" yaku="1,1,7,1,52,1,54,1,53,0" doraHai="53" doraHaiUra="16" who="0" fromWho="3" sc="230,90,328,0,245,0,187,-80" />
</Scene>
<Scene>
<INIT seed="2,0,0,2,4,25" ten="320,328,245,107" oya="2" hai0="70,5,114,60,62,9,39,129,112,0,10,40,33" hai1="105,7,104,75,90,84,20,126,28,30,119,44,14" hai2="102,31,110,71,80,83,63,65,68,46,58,4,3" hai3="122,86,48,38,41,123,47,82,92,98,55,69,103"/><V134/><F134/><W27/><G27/><T73/><D129/><U99/><E75/><V22/><F102/><W124/><G69/><T96/><D33/><U74/><E74/><V66/><F66/><W51/><G124/><T94/><D73/><U131/><E119/><V67/><F67/><W42/><G38/><T53/><D70/><U59/><E131/><V54/><F110/><W34/><G34/><T18/><D39/><U107/><E126/><V101/><F101/><W52/><G123/><T45/><D40/><U15/><E99/><V56/><F46/><W118/><G118/><T117/><D117/><U32/><E32/><V91/><F4/><W12/><G12/><T87/><D87/><U16/><E44/><V106/><F3/><W19/><G19/><T29/><D18/><U11/><REACH who="1" step="1"/><E59/><REACH who="1" ten="320,318,245,107" step="2"/><V76/><F58/><N who="3" m="33151" /><G122/><T130/><D96/><U125/><E125/><V1/><F56/><W121/><G121/><T109/><D45/><U21/><E21/><V135/><F22/><W79/><AGARI ba="0,1" hai="41,42,47,48,52,79,82,86,92,98,103" m="33151" machi="79" ten="30,2000,0" yaku="8,1,54,1" doraHai="25" who="3" fromWho="3" sc="320,-5,318,-5,245,-10,107,30" />
</Scene>
<Scene>
<INIT seed="3,0,0,3,4,51" ten="315,313,235,137" oya="3" hai0="24,34,74,90,1,95,81,105,39,106,78,100,57" hai1="3,82,80,21,70,61,77,124,27,60,20,92,31" hai2="73,119,44,59,9,54,69,133,87,122,125,62,16" hai3="37,18,121,42,134,85,48,13,68,109,97,0,36"/><W53/><G0/><T55/><D39/><U108/><E3/><V103/><F73/><W14/><G68/><T123/><D123/><U120/><E120/><V67/><F122/><W72/><G72/><T43/><D43/><U96/><E108/><V32/><F32/><W128/><G121/><T35/><D1/><U38/><E38/><V98/><F119/><W117/><G117/><T10/><D10/><U49/><E124/><V114/><F114/><W75/><G75/><T66/><D66/><U26/><E70/><V40/><F87/><W46/><G134/><T99/><D24/><U71/><E71/><V4/><F125/><W86/><G128/><T8/><D8/><U63/><E77/><V110/><F110/><W12/><G109/><T5/><D5/><U131/><E131/><V47/><F40/><W45/><G37/><T58/><D58/><U129/><E129/><V111/><F133/><W52/><G18/><T93/><D93/><U7/><E7/><V25/><F111/><W29/><G29/><T76/><D76/><U41/><E41/><V91/><F91/><W30/><G30/><T84/><D106/><U22/><E49/><AGARI ba="0,0" hai="34,35,49,55,57,74,78,81,84,90,95,99,100,105" machi="49" ten="30,7700,0" yaku="7,1,24,2,52,1" doraHai="51" who="0" fromWho="1" sc="315,77,313,-77,235,0,137,0" />
</Scene>
<Scene>
<INIT seed="4,0,0,5,2,16" ten="392,236,235,137" oya="0" hai0="26,49,13,36,93,24,116,111,68,118,122,133,5" hai1="28,98,104,21,39,119,35,86,102,99,12,112,17" hai2="73,2,62,58,10,43,67,53,9,31,33,66,3" hai3="135,27,78,61,127,63,57,74,101,15,114,4,115"/><T128/><D122/><U132/><E119/><V123/><F73/><W75/><G127/><T113/><D36/><U46/><E132/><V82/><F82/><N who="3" m="45399" /><G75/><T109/><D68/><U94/><E112/><N who="3" m="43050" /><G135/><T19/><D113/><U44/><E86/><V79/><F79/><W91/><G101/><T95/><D128/><U32/><E28/><V92/><F43/><W22/><G57/><T0/><D133/><U40/><REACH who="1" step="1"/><E46/><REACH who="1" ten="392,226,235,137" step="2"/><V125/><F123/><W96/><G96/><T56/><D118/><U72/><E72/><V45/><F45/><W42/><G42/><T60/><D116/><U130/><E130/><V105/><F125/><W90/><G4/><T76/><D5/><U23/><E23/><V89/><F31/><W131/><G131/><T120/><D120/><U29/><E29/><V1/><F33/><W84/><G84/><T100/><D76/><U25/><E25/><V108/><F108/><W18/><G27/><T14/><D26/><U8/><E8/><V110/><F10/><W54/><G54/><T85/><D24/><U20/><E20/><V106/><F9/><W7/><G7/><T50/><D85/><U55/><E55/><V134/><F134/><W87/><G87/><T126/><D111/><U70/><E70/><V11/><F11/><W59/><G59/><T121/><D56/><U129/><E129/><V103/><F110/><W69/><G69/><T30/><D109/><U81/><E81/><V51/><F58/><W38/><G38/><T64/><D121/><U71/><E71/><V47/><F53/><W77/><G77/><T83/><D83/><RYUUKYOKU ba="0,1" sc="392,-15,226,15,235,-15,137,15" hai1="12,17,21,32,35,39,40,44,94,98,99,102,104" hai3="15,18,22,61,63,90,91" />
</Scene>
<Scene>
<INIT seed="5,1,1,1,3,17" ten="377,241,220,152" oya="1" hai0="121,29,125,129,113,114,46,61,53,45,38,128,87" hai1="104,78,80,36,6,95,130,0,4,124,122,79,12" hai2="72,47,25,71,57,26,100,82,94,110,97,112,33" hai3="58,5,101,32,91,28,96,93,40,50,7,1,117"/><U59/><E104/><V43/><F71/><W81/><G117/><T123/><D29/><U10/><E122/><N who="0" m="46601" /><D125/><U99/><E124/><V131/><F110/><W13/><G1/><T27/><D27/><U133/><E36/><V86/><F72/><W41/><G28/><T74/><D74/><U14/><E130/><N who="0" m="50281" /><D87/><U55/><E133/><V2/><F2/><W35/><G35/><T34/><D34/><U134/><E134/><V48/><F131/><W39/><G32/><T68/><D53/><U116/><E116/><V103/><F100/><W62/><G39/><T23/><D23/><U120/><E120/><V115/><F33/><W49/><G41/><N who="0" m="22711" /><D46/><U66/><E66/><AGARI ba="1,1" hai="61,66,68,113,114" m="22711,50281,46601" machi="66" ten="40,8000,1" yaku="13,1,19,1,23,1,34,2" doraHai="17" who="0" fromWho="1" sc="377,93,241,-83,220,0,152,0" />
</Scene>
<Scene>
<INIT seed="6,0,0,5,1,46" ten="470,158,220,152" oya="2" hai0="110,98,64,115,77,126,43,30,20,82,55,21,114" hai1="125,123,118,6,8,131,48,72,37,127,15,69,71" hai2="99,10,83,1,88,70,22,111,62,91,133,109,45" hai3="103,85,79,27,26,104,129,120,80,74,112,73,105"/><V38/><F133/><W23/><G120/><T130/><D110/><N who="2" m="41994" /><F22/><W81/><G129/><T65/><D130/><U16/><E131/><V96/><F10/><W63/><G112/><N who="0" m="43051" /><D126/><N who="1" m="48139" /><E37/><V60/><F1/><W44/><G103/><T7/><D43/><U124/><E118/><V25/><F25/><W31/><G27/><T108/><D108/><U0/><E123/><V57/><F70/><N who="1" m="26633" /><E72/><V61/><F57/><W117/><G117/><T36/><D77/><U4/><N who="1" m="48147" /><U29/><DORA hai="3" /><E29/><V75/><F75/><W67/><G74/><T9/><D9/><N who="1" m="2183" /><E48/><V28/><F28/><W78/><G44/><T49/><D49/><U93/><E93/><V95/><F83/><W116/><G116/><T53/><D20/><U54/><E54/><V122/><F122/><W134/><G134/><T87/><D21/><U76/><E76/><V84/><F91/><W51/><G51/><T107/><D82/><U34/><E34/><V128/><F128/><W59/><AGARI ba="0,0" hai="23,26,31,59,63,67,73,78,79,80,81,85,104,105" machi="59" ten="20,1500,0" yaku="0,1,7,1" doraHai="46,3" who="3" fromWho="3" sc="470,-4,158,-4,220,-7,152,15" />
</Scene>
<Scene>
<INIT seed="7,0,0,2,5,38" ten="466,154,213,167" oya="3" hai0="94,62,34,96,80,124,93,21,95,81,14,125,46" hai1="83,86,103,37,114,18,10,51,110,108,99,61,90" hai2="45,3,60,92,131,41,36,77,122,89,105,76,118" hai3="5,98,47,43,53,111,2,1,64,16,30,11,28"/><W22/><G2/><T25/><D96/><U0/><E37/><V87/><F105/><W35/><G35/><T9/><D34/><U4/><E114/><V13/><F3/><W70/><G111/><T91/><D91/><U19/><E61/><V120/><F118/><W56/><G64/><T48/><D62/><U67/><E67/><V84/><F131/><W135/><G70/><T31/><D125/><U27/><E51/><V121/><F87/><W88/><G135/><T57/><D57/><U106/><REACH who="1" step="1"/><E27/><REACH who="1" ten="466,144,213,167" step="2"/><V113/><F113/><W112/><G112/><T119/><D94/><U42/><E42/><V7/><F60/><N who="3" m="35855" /><G43/><T63/><D31/><U65/><E65/><V52/><F52/><W58/><G58/><T26/><D21/><U134/><E134/><V128/><F128/><W79/><G47/><T50/><D14/><U49/><E49/><V40/><F40/><W59/><G59/><T107/><D107/><U75/><E75/><V133/><F133/><W32/><G32/><T69/><D119/><U132/><E132/><V8/><AGARI ba="0,1" hai="7,8,13,36,41,45,76,77,84,89,92,120,121,122" machi="8" ten="40,5200,0" yaku="0,1,13,1,52,1" doraHai="38" who="2" fromWho="2" sc="466,-13,144,-13,213,62,167,-26" owari="453,55.0,131,-37.0,275,8.0,141,-26.0" />
</Scene>
</mjloggm>